2332 3860
0 162 6 191 ἱ
65 182 125 219 s
320 146 323 148 ,

0 219 318 372 ξ”ῥέρξῖᾖῃυε
354 281 452 336 est,
486 273 617 344 >quin
660 273 892 327 ultimam
915 290 1022 328 ma-

0 340 164 412 {siim
198 347 546 421 admoveret,
609 349 741 418 quod
805 350 1022 417 ipsemet

0 429 6 504 3
64 419 380 501 [offeritur.
422 422 578 476 Suam
614 424 927 477 sententiam
963 423 1016 477 S.

0 501 36 559 εξ
90 508 227 565 octor
264 498 381 554 alibi
423 505 526 550 tam
567 497 706 551 clare
729 499 1022 551 manifesta-

0 570 133 653 ἔρῃ
163 582 250 643 ¹‚ut
296 571 679 626 Centuriatores
717 573 1022 639 Magdebur-

0 649 5 721 3
33 643 50 658 ‘¹
103 640 219 709 nses
247 649 421 702 naevis
443 647 563 711 illis,
588 647 771 716 quibus
792 647 1019 699 doctrina

75 734 99 787 ’,·
134 723 364 780 Anselmi
405 722 526 790 ipsis
566 738 772 791 aspersa
813 722 1022 775 videba-

0 804 142 871 mr,
205 804 516 853 accenseant
579 797 714 867 quod
779 798 1014 849 senserit.

33 897 72 940 κ
118 874 304 928 Omnes
349 873 399 925 in
467 874 689 940 peccatis
753 878 979 924 mortuos
1006 912 1018 933 ,

40 944 206 1011 demta
246 946 564 1000 solummodo
614 947 777 999 Matre
835 946 944 1000 Dei.
995 965 1016 994 »

33 1018 94 1108 ᾖ)
116 1022 165 1077 S.
195 1023 486 1076 Bernartius
515 1029 717 1075 nostrae
737 1021 1023 1074 sententiae

30 1114 139 1169 gion
166 1098 499 1161 adversatur3
544 1097 746 1149 locutus
772 1103 848 1149 est
887 1098 1022 1149 enim

35 1171 101 1239 ‚de
140 1173 302 1241 prima
367 1170 591 1238 Virginis
650 1171 1019 1240 conceptione,

35 1262 192 1318 *quam
231 1246 434 1299 activam
474 1254 681 1308 vocant,
718 1263 819 1299 non
851 1254 1023 1299 autem

35 1318 101 1382 fde
139 1322 470 1390 conceptione
503 1324 719 1390 passiva,
762 1338 853 1374 seu
886 1322 946 1373 de
973 1338 1025 1374 a·

28 1397 328 1454 nimaticnis
368 1404 644 1449 momentO.
677 1396 936 1465 Siquidem
961 1412 1026 1448 ex

32 1462 200 1540 'ipsius
242 1477 413 1523 mente
463 1470 620 1539 Virgo
678 1479 858 1524 sancta
915 1488 1026 1524 esse

25 1559 143 1602 ’'non
184 1545 367 1614 potuit,
412 1546 708 1614 priusquam
735 1548 1028 1615 concipere-

27 1627 145 1692 ntur,
188 1635 307 1672 cum
348 1621 636 1689 nequiverit
679 1641 705 1671 α
746 1628 867 1675 ante
913 1638 1028 1675 san·

22 1692 123 1755 'cta
162 1710 294 1756 esse,
337 1710 489 1763 quam
531 1712 675 1749 esse:
724 1715 746 1746 »
790 1697 880 1749 sed
935 1713 1029 1749 nec

35 1769 98 1830 in
138 1769 246 1838 ipso
285 1770 631 1838 conceptionis
670 1779 929 1824 momento
979 1772 1026 1824 id

46 1845 248 1914 potuit:
295 1862 322 1893 «
366 1845 616 1913 quomodo
657 1861 898 1915 namque.
923 1848 1029 1914 ipse

45 1919 233 1989 pergit,
276 1925 366 1971 aut
405 1920 651 1973 sanctitas
690 1921 883 1990 absque
929 1923 1030 1988 spi-

45 1994 145 2046 ritu
185 1993 555 2056 sanctificante,
586 2002 675 2048 aut
713 1995 899 2051 Sancto
925 1997 1031 2065 Spi-

32 2068 168 2122 ‘ritui
207 2068 424 2121 societas
463 2085 579 2121 cum
621 2078 829 2139 peccato
896 2073 989 2125 fuit
1016 2111 1028 2132 ,

46 2149 135 2196 aut
174 2149 312 2195 certe
352 2151 618 2211 peccatum
658 2146 908 2215 quomodo
933 2163 1030 2198 non

50 2216 166 2278 fuit,
210 2217 294 2270 ubi
338 2218 489 2271 libido
536 2236 636 2272 non
677 2221 855 2274 defuit.
927 2223 1031 2275 Nisi

52 2290 182 2345 forte
219 2292 332 2361 quis
372 2292 527 2355 dicat,
571 2294 631 2345 de
670 2293 860 2363 Spiritu
907 2295 1034 2349 San-

20 2371 132 2437 fcto
169 2381 304 2429 eam,
351 2383 448 2420 non
492 2369 553 2421 dc
593 2370 702 2422 viro
737 2378 1035 2438 conceptam

52 2440 227 2502 fuisse,
290 2441 377 2494 sed
419 2442 467 2494 id
530 2442 780 2497 hactenus
840 2445 1035 2498 inaudi-

54 2521 162 2569 tum
200 2522 300 2569 etc.
350 2536 371 2564 »
416 2517 494 2570 Ex
532 2519 716 2587 quibus
755 2520 923 2572 verbis
954 2537 1036 2589 pa-

56 2595 146 2652 tet,
211 2590 267 2643 S.
310 2590 582 2646 Doctorem
638 2594 802 2647 solum
860 2611 1039 2663 negas-

54 2679 110 2719 se
171 2668 514 2734 conceptionis
553 2670 753 2722 activae
798 2671 1040 2723 sanctita-

55 2745 199 2803 tem3
260 2756 326 2792 ex
381 2758 480 2810 quo
533 2759 631 2796 non
697 2747 946 2814 sequitur,
1001 2746 1040 2797 i-

35 2829 206 2882 psum
245 2815 400 2868 etiam
442 2832 656 2884 negasse
695 2820 1041 2889 conceptionis

29 2911 31 2913 ·
59 2890 292 2957 passivae
331 2892 679 2953 sanctitatem,
709 2893 843 2946 hanc
877 2895 1042 2963 potius

58 2961 328 3016 admittere
390 2965 613 3028 videtur,
656 2969 772 3036 quia
812 2969 869 3021 Β.
933 2968 1043 3022 Vir-

20 3068 30 3105 χ
57 3037 231 3110 ginem
270 3039 321 3092 in
366 3046 508 3093 utero
548 3048 779 3095 materno
824 3042 1046 3096 sanctifi-

35 3117 227 3177 catam
268 3114 408 3177 dicit,
452 3115 572 3184 quin
615 3123 816 3186 tempus
879 3119 1046 3171 deter-

37 3186 245 3249 'minet‚
287 3196 378 3245 aut
416 3190 616 3244 instans
655 3192 956 3260 distinguat,
993 3194 1043 3245 in

67 3275 167 3327 quo
205 3262 373 3316 anima
414 3264 550 3318 illius
589 3268 903 3321 sanctificata
945 3285 1043 3320 non

65 3333 238 3398 tuerit.
281 3336 358 3392 lta
400 3347 627 3392 mentem
687 3341 740 3394 S.
803 3343 1045 3395 Bernardi

39 3420 411 3476 exposuerunt
471 3413 747 3468 Alexander
805 3418 907 3480 M„
968 3415 1049 3469 At·

2 3479 228 3563 :libertus
278 3486 380 3551 M„
443 3486 502 3544 S.
561 3490 764 3546 Thomas
808 3498 861 3546 et
924 3491 1074 3546 alii2.

31 3615 60 3645 ιχ

31 3645 52 3669 ἒ
58 3650 66 3673 Ἰ

3 3670 70 3734 f‘gi

0 3811 14 3857 5}
58 3810 89 3851 'ss
132 3806 147 3814 ‘⁴

650 117 858 161 mis-11·
900 117 1064 174 sectio
1102 117 1137 156 1.
1170 117 1329 158 cltum.
1358 95 1423 157 ιγ’.

1881 103 2005 160 559
2038 71 2043 81 ’

210 200 455 283 wicum,
497 198 563 260 ab
602 197 718 253 aliis
759 198 886 253 liber
933 199 1020 256 ille
1081 200 1364 271 quietim
1414 198 1570 253 ver-ba
1634 198 1773 254 illius
1822 202 1891 255 'ad
1950 184 2071 259 eum

1082 282 1287 332 tantum
1324 290 1535 342 scopum
1563 273 1846 336 adducunt,
1875 284 1930 330 ut
1958 294 2075 348 pro-.

1084 351 1224 412 berit,
1265 349 1325 403 B.
1371 348 1633 421 Virginem
1661 356 1784 403 ante
1809 351 2073 406 animatio-

1085 440 1201 478 nem
1229 423 1539 477 sanctificari
1569 425 1942 492 ncnpotuisse.
1982 426 2070 479 Sa-

1086 501 1147 552 tis
1187 499 1253 554 sit
1293 498 1376 552 bic
1415 499 1573 551 verba
1598 497 1652 551 S.
1702 494 2072 552 Bonaventurae

1085 574 1293 634 referre,
1361 574 1447 642 qui
1498 574 1550 625 in
1589 574 1622 624 2
1662 571 1806 626 Sent.
1851 574 1969 627 dist.
2013 575 2068 635 5,

1084 665 1133 717 q.
1181 648 1233 710 t,
1277 647 1360 701 ad.
1407 647 1461 709 lt,-
1505 648 1575 700 ita
1608 647 1846 702 disserit:
1895 667 1918 697 «
1961 648 2072 702 Non

1086 722 1204 774 huic
1242 722 1454 775 obviant
1494 722 1629 774 dicta
1681 722 1736 776 S.
1798 722 2068 777 Bernardi.

1084 796 1256 849 Potius
1319 797 1455 849 enim
1515 797 1734 850 intendit
1798 798 2074 852 excludere

1084 887 1331 932 errorem,
1363 887 1428 923 ne
1449 873 1561 941 quis
1587 873 1784 933 credat,
1809 871 2074 941 Virginem

1085 946 1455 999 sanctificatam
1497 948 1548 999 in
1589 948 1919 1016 conceptione
1966 946 2073 1019 (ac-

1086 1023 1190 1074 tiva
1229 1022 1443 1083 scilicet,
1489 1023 1826 1090 praecedente
1872 1024 2075 1076 animae

1087 1097 1410 1157 infusionem,
1438 1096 1499 1149 de
1517 1113 1614 1167 qua
1640 1095 2074 1168 loquitur),quam

1086 1179 1215 1239 erga
1246 1170 1509 1238 Virginem
1562 1179 1786 1225 nostram
1850 1173 2075 1226 devotio-

1088 1262 1204 1298 nem
1246 1247 1497 1300 minuere.
1545 1266 1571 1296 >›
1614 1245 1690 1299 Ac
1730 1247 1925 1301 obiecto
1980 1247 2074 1301 sibi

1088 1321 1183 1373 hoc
1244 1320 1490 1373 Bernardi
1556 1329 1740 1374 textu:
1806 1342 1832 1372 «
1891 1323 2076 1374 necin

1090 1398 1193 1465 ipso
1217 1403 1464 1464 conceptu
1501 1394 1827 1466 (sanctificari
1857 1394 2076 1467 poterat)

1092 1478 1295 1540 propter
1337 1478 1622 1539 peccatum,
1668 1472 1801 1541 quod
1841 1474 2073 1533 inerat‚»

1090 1547 1159 1598 ita
1188 1544 1539 1599 difficultatem
1569 1547 1756 1600 solvit:
1792 1567 1818 1596 «
1850 1545 2079 1614 Constat,

1090 1621 1223 1690 quod
1281 1621 1403 1673 illud
1466 1638 1566 1674 non
1607 1629 1685 1674 est
1725 1622 1918 1674 dictum
1962 1637 2077 1690 pro-

1094 1705 1203 1763 pter
1243 1704 1532 1764 peccatum,
1578 1697 1710 1765 quod
1746 1704 1881 1750 esset
1920 1697 1970 1748 in
1996 1711 2081 1764 pa-

1094 1771 1344 1832 rentibuS‚
1413 1773 1530 1839 quia
1589 1772 1875 1839 potuissent
1918 1772 2081 1839 ipsam

1092 1846 1360 1914 concipere
1400 1848 1510 1897 sine
1550 1852 1791 1914 peccato:
1818 1862 1938 1912 ergo
1960 1845 2081 1897 dicit

1094 1927 1298 1988 propter
1337 1936 1547 1972 causam
1575 1922 1789 1989 peccati,
1813 1937 1945 1990 quae
1972 1925 2083 1972 erat

1095 1997 1143 2047 in
1185 2011 1359 2047 carne.
1402 1996 1534 2062 Ergo
1557 1995 1780 2057 videtur,
1806 1996 1937 2065 quod
1966 2010 2084 2047 san-

1094 2069 1333 2122 ctificatio
1375 2069 1600 2137 Virginis
1642 2086 1741 2123 non
1783 2071 1938 2123 fuerit
1963 2076 2084 2122 ante
2128 2076 2131 2078 ’

1096 2145 1399 2198 infusionem
1440 2146 1663 2198 animae.
1714 2165 1737 2194 n
1770 2143 1818 2216 c)
1854 2145 1993 2197 Locis
2020 2160 2088 2197 ex

1096 2218 1154 2273 S.
1204 2220 1381 2271 Tltoma
1421 2221 1590 2272 citatis
1630 2222 1933 2288 opponimus
1972 2219 2082 2280 illa,

1097 2297 1146 2346 in
1217 2296 1400 2362 quibus
1457 2296 1842 2347 immaculatam
1906 2310 2088 2347 conce·

1101 2370 1322 2436 ptionem
1366 2368 1633 2437 profitetur
1653 2411 1665 2432 ‚
1691 2376 1747 2421 ut
1775 2386 1827 2420 n.
1855 2370 1908 2422 Ξ.
1942 2369 2089 2421 Prae-

1100 2451 1238 2497 terea
1278 2445 1328 2495 in
1372 2442 1656 2496 Comment.
1698 2444 1750 2495 in
1794 2444 1872 2495 Ps.
1922 2443 2012 2504 18,
2040 2443 2090 2508 5,

1100 2520 1305 2571 scribit:
1355 2538 1379 2567 ε(
1424 2517 1656 2571 Christus
1694 2533 1880 2587 corpus
1938 2532 2091 2571 suum
2154 2567 2174 2581 ,.

1096 2594 1257 2662 posuit
1295 2593 1351 2645 in
1389 2592 1504 2654 sole,
1549 2595 1583 2645 i.
1628 2609 1674 2645 e.
1721 2594 1770 2644 in
1812 2592 1870 2647 B.
1927 2591 2092 2661 Virgi-

1102 2685 1186 2730 ne,
1230 2684 1359 2737 quae
1402 2667 1597 2719 nullam
1638 2667 1816 2720 habuit
1856 2666 2090 2720 obscuri-

1105 2750 1258 2796 tatem
1283 2743 1478 2812 peccati
1508 2743 1651 2794 iuxta
1681 2741 1830 2794 Cant.
1862 2740 1951 2804 lV,
1983 2741 2036 2794 7.
2062 2761 2088 2790 >a

1106 2818 1157 2870 ln
1200 2834 1310 2886 cap.
1359 2818 1412 2877 5,
1457 2817 1548 2885 Ep.
1594 2817 1656 2868 ad
1698 2815 1866 2869 Galat.
1898 2815 2018 2869 lect.
2041 2815 2094 2883 6,

1104 2893 1263 2945 dicit:
1305 2891 1573 2946 Mulierem
1613 2907 1684 2943 ex.
1714 2890 1952 2944 omnibus
1991 2906 2093 2943 non

1108 2967 1299 3028 inveni,
1344 2982 1474 3036 quae
1514 2967 1722 3018 omnino
1775 2982 1806 3018 a
1870 2965 2097 3034 peccatis

1105 3042 1348 3094 immunis
1388 3048 1524 3094 esset
1561 3041 1621 3093 ad
1664 3040 1837 3092 minus
1860 3040 2097 3108 originali

1107 3124 1158 3168 et
1198 3115 1404 3169 veniali.
1449 3114 1522 3168 Ne
1581 3131 1702 3184 ergo
1755 3115 1976 3178 dicatur,
2038 3113 2092 3167 S.

1107 3191 1377 3244 Doctorem
1417 3190 1511 3242 sibi
1552 3189 1954 3251 contradixisse,
2025 3189 2097 3240 di-

1108 3274 1231 3319 cunt
1270 3266 1497 3335 quidam,
1542 3264 1691 3318 effata
1730 3264 1985 3318 contraria
2027 3263 2099 3314 in-

1111 3338 1359 3409 terpolata
1417 3355 1567 3400 esse,
1633 3339 1723 3393 sed
1789 3353 2056 3407 perperam
2079 3354 2095 3400 3

1113 3416 1276 3484 potius
1315 3415 1587 3468 dicendum
1614 3455 1627 3477 ‚
1689 3413 1743 3467 S.
1807 3412 2054 3465 Thomam
2081 3450 2095 3470 ,

1106 3491 1237 3539 ‚cg-ea
1265 3488 1482 3543 ”uriam
1520 3490 1571 3543 in
1615 3494 1823 3559 peccato
1861 3483 2096 3553 originali
