2332 3860
293 153 400 210 ΗΞ

220 248 424 301 divinae
473 247 730 301 obiectum
790 246 1081 308 dividatur,
1155 251 1206 298 et

221 327 423 390 questio
482 322 655 390 exigui
696 321 938 373 momenti
978 327 1095 381 est,
1138 334 1203 370 an

221 395 538 457 bimembriS‚
589 412 654 447 an
721 395 1031 447 trimembris
1073 393 1207 444 eius-

224 469 340 521 dem
379 469 560 522 obiecti
601 469 779 520 divisio
807 468 982 535 logicis
1015 465 1205 533 regulis

223 542 386 610 magis
423 548 768 594 consentanea
806 543 890 593 sit.
936 537 989 609 b)
1019 539 1075 590 In
1117 539 1199 599 iis,

223 631 355 684 quae
381 615 721 668 conditionate
744 615 914 667 futura
941 613 1200 673 dicuntur,

226 689 326 741 duo
365 704 567 756 semper
622 694 953 748 concurrunt,
1023 701 1204 753 nempe

225 762 415 830 aliquid
462 777 599 814 mere
638 761 894 829 possibile,
926 767 977 812 et
1014 759 1203 827 aliquid

225 842 342 888 actu
406 836 678 898 existens3
751 834 876 886 illud
942 834 1078 884 Deus
1118 850 1205 900 per

225 909 488 961 scientiam
528 907 772 975 simplicis
811 906 1200 972 intelligentiae,

225 987 275 1033 et
313 980 409 1033 hoc
436 998 524 1050 per
573 981 837 1033 scientiam
875 981 1082 1032 visionis
1122 996 1203 1031 co-

223 1056 439 1122 gnoscit.
497 1054 572 1106 Ita
637 1071 721 1106 ex.
791 1071 869 1121 gr.
951 1053 1204 1121 possibilis

224 1134 334 1180 erat
347 1128 654 1196 poenitentia
682 1127 947 1195 Tyriorum
983 1133 1032 1179 et
1060 1126 1205 1178 Sido-

223 1201 443 1261 niorum,
487 1208 538 1253 et
575 1200 828 1269 possibilis
868 1207 980 1253 erat
1038 1201 1205 1267 poeni-

223 1275 383 1326 tentia
421 1273 799 1326 Corozaitarum
832 1280 882 1326 et
921 1273 1206 1325 Bethsaita-

224 1362 359 1399 rum:
401 1348 490 1400 sed
532 1353 714 1399 neutra
766 1348 953 1411 extitit3
998 1354 1049 1398 et
1093 1347 1203 1399 ideo

223 1427 492 1488 utramque
532 1419 762 1472 Christus
802 1437 892 1488 per
940 1421 1202 1473 scientiam

221 1494 465 1561 simplicis
515 1494 880 1560 intelligentiae
942 1495 1198 1561 cognovit.

223 1564 423 1619 Christo
466 1573 641 1619 autem
693 1568 847 1618 etiam
888 1574 1039 1618 notus
1096 1574 1205 1619 erat

223 1646 336 1690 actu
379 1640 606 1692 existens
632 1641 836 1692 animus
864 1640 1129 1709 Tyriorum
1154 1648 1205 1692 et

221 1710 544 1765 Sidoniorum
582 1714 645 1764 ad
688 1714 969 1781 parendum
1002 1715 1204 1766 veritati

223 1800 433 1850 pronuS,
471 1793 522 1837 et
547 1793 663 1838 actu
730 1788 958 1838 existens
1004 1789 1205 1839 animus

222 1856 602 1910 Corozaitarum
639 1865 691 1910 et
718 1859 1097 1911 Bethsaitarum
1118 1877 1204 1927 pe-

223 1931 361 1983 nitus
399 1931 708 1999 depravatus
772 1940 823 1984 et
889 1932 1202 1997 induratus3

224 2009 499 2073 utrumque
539 2020 660 2057 vero
701 2021 789 2072 per
827 2006 1094 2058 scientiam
1135 2008 1207 2057 vi-

223 2077 381 2130 sionis
407 2079 660 2145 cognovit3
693 2094 902 2131 necesse
930 2080 1084 2147 igitur
1105 2096 1204 2132 non

225 2157 303 2202 est
347 2158 405 2202 ut
462 2152 674 2203 scientia
715 2153 881 2204 media
920 2159 1202 2216 statuatur,

226 2239 314 2291 per
353 2240 506 2293 quam
544 2225 887 2278 conditionate
915 2227 1085 2278 futura
1126 2244 1205 2280 co-

224 2305 558 2364 gnoscantur.
600 2297 702 2351 Nos
747 2315 948 2368 quoque
982 2302 1023 2352 si
1063 2301 1204 2353 indo-

226 2369 326 2422 lem
383 2378 435 2423 et
491 2372 719 2423 animum
779 2373 1001 2425 hominis
1064 2381 1204 2427 recte

224 2444 615 2511 perspiciamus,
658 2461 808 2513 saepe
849 2447 1206 2515 praevidemus

224 2516 362 2584 quid,
408 2519 566 2586 posita
625 2519 844 2586 quadam
893 2521 1200 2583 conditione,

223 2596 431 2643 aeturus
470 2592 571 2644 sit:
628 2592 701 2643 sic
753 2609 837 2644 ex.
881 2609 960 2660 gr.
1005 2595 1045 2647 si
1087 2611 1207 2662 pau-

225 2677 312 2728 per
338 2664 401 2716 ab
423 2664 626 2717 homine
640 2665 796 2726 divite
824 2665 1203 2736 eleemosynam

227 2742 383 2801 petat,
427 2736 561 2790 hanc
599 2754 699 2790 non
724 2738 889 2791 solum
913 2741 1205 2807 possibilem

225 2822 511 2871 censemuS,
554 2811 640 2863 sed
663 2815 818 2864 etiam
841 2820 958 2865 actu
981 2815 1205 2867 suturam

225 2881 266 2931 si
305 2896 333 2932 a
366 2881 518 2935 divite
557 2885 903 2947 misericorde,
928 2893 979 2938 et
1006 2903 1103 2938 non
1129 2890 1204 2939 fu-

225 2959 415 3014 turam,
456 2956 497 3006 si
524 2957 586 3007 ab
625 2974 779 3011 avaro
820 2966 1041 3027 petatur.
1086 2960 1203 3014 ldeo

225 3032 399 3078 autem
420 3029 714 3105 saepissime
741 3048 797 3084 ea
839 3033 1044 3100 quidem
1073 3050 1202 3101 quae

226 3099 504 3164 possibilia,
549 3117 646 3153 non
691 3120 807 3157 vero
848 3122 904 3157 ca
930 3122 1061 3190 quae
1087 3123 1204 3160 con-

224 3170 470 3224 ditionate
484 3173 652 3226 futura
674 3184 812 3239 sunt,
826 3182 1197 3245 cognoscimuS,

229 3245 345 3312 quia
368 3245 634 3299 inteiiores
657 3247 874 3303 hominis
895 3268 1078 3306 sensus
1100 3271 1199 3307 non

229 3318 590 3386 perspicimus3
634 3319 770 3373 Deus
795 3331 965 3376 autem
1005 3335 1201 3380 scruta-

230 3395 313 3443 tur
345 3391 502 3444 corda
539 3398 588 3445 et
628 3408 795 3455 reneS‚
844 3396 1051 3467 ipseque
1088 3416 1204 3469 ope·

272 3490 325 3532 (1)
350 3492 400 3532 De
423 3491 486 3528 vit.
509 3492 596 3533 spir.
621 3501 658 3529 n.
683 3493 738 3528 34.

904 169 966 206 ΟΕ
1004 168 1098 205 DEO
1136 166 1187 203 IN
1223 166 1279 203 st:
1316 163 1574 202 spumare.

1268 252 1412 298 ratur
1451 245 1502 296 in
1537 241 1683 296 nobis
1723 240 1858 295 velle
1894 247 1948 295 et
1985 241 2266 311 perficeret.

1265 317 1316 388 c)
1367 318 1506 381 Quae
1543 315 1788 382 Theologi
1825 321 1938 368 tum
1963 332 2055 385 pro
2093 315 2302 381 scien-3·

2294 204 2323 228 ⁴

2314 338 2332 364 (ι

1267 393 1335 443 tia
1388 389 1584 452 media,
1646 396 1759 442 tum
1801 396 1982 442 contra
2037 378 2257 443 eandem
2323 434 2329 437 .

1266 463 1466 531 copiose
1505 463 1788 532 disputant,
1820 464 2094 531 praecipue
2120 464 2259 516 circa
2286 459 2287 462 ’

1267 537 1401 589 illius
1447 537 1839 605 applicationem
1887 536 1952 588 ad
1992 537 2257 605 explican-

1266 611 1385 663 dam
1405 610 1755 663 oeconomiam
1781 611 1979 677 gratiae
2006 626 2255 678 superna·
2312 615 2321 619 ’

1267 684 1448 736 turalis
1477 691 1751 736 versantur
1782 724 1795 744 ,
1839 689 1892 736 et
1931 683 2142 736 modum
2181 700 2258 736 re-

1266 759 1504 825 spiciunt,
1555 774 1655 827 quo
1699 756 2024 826 operationes
2061 759 2258 826 gratiae

1267 831 1616 896 declarantur-3
1662 833 1806 883 varia
1863 837 2070 892 autem,
2127 847 2258 900 quac

1267 905 1384 957 inde
1425 912 1710 973 exurgunt,
1754 905 2082 957 diversarum
2106 905 2257 957 scho-

1267 978 1435 1031 larum
1473 985 1757 1048 systemata
1808 979 1861 1030 in
1922 983 2147 1032 tractatu
2195 978 2259 1031 de

1265 1054 1431 1120 gratia
1470 1060 1591 1105 sunt
1630 1051 1955 1120 exponenda.

1675 1175 1714 1233 ς
1737 1175 1842 1221 os.

1430 1263 1524 1299 Usus
1543 1264 1731 1298 doctrinae
1761 1263 1806 1298 de
1833 1263 1987 1298 scientia
2011 1262 2091 1299 Del.

1342 1343 1392 1397 4.
1437 1344 1599 1397 Omne
1641 1352 1908 1414 peccatum
1964 1347 2120 1398 etiam
2176 1361 2260 1398 oc·

1266 1417 1612 1471 cultissimum
1634 1421 1829 1472 evitare
1844 1420 2111 1480 debemuS,
2138 1435 2258 1471 cum

1268 1508 1367 1544 non
1404 1493 1561 1560 possit
1589 1494 1640 1545 in
1675 1493 1785 1545 loco
1826 1500 1933 1546 tam
1958 1493 2259 1546 abscondito

1270 1567 1571 1634 perpetrari,
1602 1573 1658 1619 ut
1685 1568 1861 1618 oculos
1900 1567 1992 1618 Dei
2021 1566 2252 1634 effugiat.

1266 1639 1409 1691 Hanc
1461 1641 1846 1692 omniscientiae
1901 1640 2108 1692 divinae
2154 1656 2259 1693 me-

1266 1714 1483 1764 moriam
1504 1714 1872 1766 tentationibus
1894 1714 1957 1765 ad
1986 1720 2258 1782 peccatum

1268 1787 1611 1838 allicientibus
1669 1803 2009 1854 opponamus:
2052 1789 2127 1840 sic
2166 1804 2258 1840 nos

1268 1859 1510 1911 admonet
1546 1860 1597 1911 S.
1625 1861 1873 1928 Ephraem
1899 1861 2054 1931 Syrus
2082 1859 2158 1932 (1)
2189 1862 2260 1913 di·

1269 1948 1422 1985 cens:
1471 1953 1496 1981 «
1534 1934 1720 1996 Quodsi
1759 1936 1825 1987 ab
1869 1935 2166 1988 adversario
2205 1936 2258 1987 in

1270 2022 1324 2057 re
1353 2007 1525 2074 aliqua
1559 2007 1773 2060 subdole
1801 2009 2133 2076 supplantare
2164 2025 2256 2060 no·

1271 2079 1349 2140 lis,
1378 2081 1547 2141 crede,
1575 2081 1701 2132 nihil
1730 2088 1780 2133 te
1807 2097 1960 2149 agere
2001 2083 2083 2134 vel
2124 2083 2258 2150 cogi-

1271 2160 1398 2214 tare,
1425 2155 1558 2222 quod
1580 2155 1738 2207 lateat
1764 2155 1987 2207 Deum.»
2017 2155 2098 2210 Nil
2116 2163 2258 2209 certe

1275 2234 1451 2278 contra
1491 2227 1628 2280 illius
1665 2229 1874 2282 insidias
1899 2229 2179 2283 efficacius,

1341 2301 1394 2352 02.
1439 2301 1683 2354 Homines
1707 2318 1861 2371 saepe
1884 2304 2134 2356 beneficia
2161 2303 2256 2356 sibi

1270 2375 1511 2440 praestita
1576 2391 1675 2428 non
1742 2384 2060 2445 cognoscunt
2087 2417 2100 2438 ,
2166 2383 2258 2430 aut

1269 2449 1423 2500 etiam
1464 2451 1787 2515 cognitorum
1853 2451 2251 2503 obliviscuntur.
2301 2511 2310 2517 ,

1270 2520 1403 2574 Deus
1427 2538 1547 2574 vero
1575 2525 1746 2575 omnia
1768 2524 1910 2575 novit
1955 2539 2087 2593 quae
2118 2530 2256 2576 recte

1267 2596 1486 2662 agimuS,
1530 2596 1630 2648 imo
1670 2603 1723 2648 et
1760 2598 1992 2649 internos
2050 2599 2254 2665 pietatis

1266 2675 1413 2720 actus
1453 2670 1713 2736 perspicit,
1757 2686 1852 2722 nec
1879 2670 2035 2722 ullius
2073 2672 2146 2722 rei
2175 2686 2257 2722 co-

1265 2743 1438 2807 gnitae
1466 2742 1698 2794 oblivisci
1740 2750 1926 2811 potest.
1970 2742 2121 2796 Certa
2161 2744 2254 2812 igi-

1269 2823 1349 2866 tur
1379 2832 1467 2883 pro
1495 2816 1677 2884 quovis
1705 2816 1887 2870 merito
1903 2819 2253 2870 remuneratio

1266 2896 1343 2940 est
1393 2890 1732 2957 expectanda.
1795 2891 1956 2954 Quale
2002 2892 2254 2943 motivum

1267 2978 1365 3013 non
1407 2964 1619 3023 mund0,
1662 2980 1764 3016 non
1804 2965 2117 3027 hominibuS‚
2161 2964 2251 3017 sed

1264 3035 1356 3087 soli
1387 3036 1492 3088 Deo
1531 3037 1819 3092 serviendi!

1338 3108 1390 3160 5.
1429 3110 1617 3162 Omnes
1659 3117 1862 3164 nostrae
1912 3111 2248 3179 indigentiae,

1265 3182 1500 3234 miseriae
1526 3189 1578 3234 et
1614 3183 1952 3237 adversitates
1975 3185 2080 3238 Deo
2101 3190 2252 3254 notae

2316 3179 2332 3206 ἡ

2311 3213 2332 3262 ’ἒ

1262 3261 1402 3315 sunt,
1459 3263 1770 3324 quapropter
1826 3257 2061 3311 Christus
2104 3257 2247 3313 dicits
2319 3271 2332 3311 ,ε

1262 3327 1360 3379 Scit
1400 3327 1551 3379 Pater
1613 3337 1782 3392 vester,
1824 3332 1943 3397 quia
1981 3331 2057 3383 his
2094 3330 2251 3385 omni·

1263 3399 1347 3452 bus
1396 3401 1622 3468 indiqetis
1660 3400 1759 3472 (2).
1802 3403 1916 3458 Non
1965 3419 2088 3471 ergo
2136 3403 2252 3523 ideo
2314 3394 2332 3438 ’ἵ

1303 3498 1356 3543 (a)
1382 3499 1505 3535 naun.
1529 3498 1563 3542 c.
1580 3499 1636 3535 aa

2236 3496 2261 3515 ,.
2314 3428 2332 3500 ’ἑ
