2332 3860
79 0 178 61 'syn
228 0 243 31 ·.
311 36 315 39 V

80 61 98 77 „—
136 47 157 62 κ
247 56 250 58 -
272 55 276 58 —
316 73 329 80 ⁴

79 99 85 118 Ἰ
151 125 157 136 Ι

24 214 196 278 ,σφω
222 204 372 267 vitam
403 199 523 253 'sinc
558 213 771 267 corpore
817 203 1030 268 agentes

25 270 408 340 acomm‘iserunt
433 314 447 337 ‚
496 271 650 325 fuisse
707 271 759 324 in
818 287 1029 339 corpora

30 341 306 423 numquam
362 348 415 400 in
475 361 710 400 carceres
770 345 1024 398 detrusae.

29 423 280 491 tin-hune
317 436 541 475 errorem
601 419 747 472 multi
809 420 1030 490 prolapsi

31 505 184 560 munt,
225 497 343 568 quia
370 496 420 548 in
461 495 584 563 ipsis
620 495 901 548 infantibus
925 509 1030 546 ma·

27 566 122 634 etas
153 570 514 625 inclinationes
563 584 624 621 ae
674 569 845 621 varias
885 569 1030 619 mise-

639 116 755 156 rans
792 119 847 155 n.
883 114 1052 156 sterio
1089 118 1126 154 1.
1169 114 1422 175 etruriv.

1888 103 1994 161 29⁷

1162 195 1389 253 Platonis
1427 202 1482 252 et
1503 194 1731 252 Philonis
1766 202 2076 264 sententiam

1091 269 1153 324 (le
1192 271 1592 343 praeexistentia
1629 272 1923 328 animarum
1976 278 2078 332 iam

1090 346 1286 415 antiqui
1347 345 1518 399 Patres
1564 348 1974 415 impugnarunt,
2021 357 2081 405 ut

1091 417 1308 472 Clemens
1333 417 1474 473 Alex.
1504 416 1602 491 (l),
1632 418 1963 475 Tertullianus
1985 421 2080 496 (2),

1091 493 1373 547 Lactantius
1389 492 1486 565 (3).
1499 523 1558 532 —
1569 493 1634 548 Et
1654 496 1929 564 praecipue
1953 505 2081 566 post-

1090 584 1242 636 quam
1297 568 1544 636 Origenes
1583 568 1804 623 eundem
1853 586 2080 625 errorem

26 644 145 706 trias
188 646 561 704 observarunt,
629 649 681 695 et
744 642 1027 694 earundem
1092 649 1444 710 proposuerat,
1482 641 1563 694 Ss.
1600 641 1777 696 Patres
1803 643 1924 696 huic
1958 652 2083 698 stre-

24 735 221 786 ‹causas
260 718 520 785 explicare
571 732 670 768 non
725 715 1020 768 valuerunt.

0 827 1 838 i
25 793 160 848 lldeo
186 794 285 846 iam
313 791 459 846 Plato
486 791 677 852 docuit,
711 791 910 843 animas
939 790 1028 841 bu-

22 883 236 930 smanaS,
268 866 493 936 corporis
518 872 755 934 expertes
780 866 830 918 in
859 863 1025 916 sidere

20 935 256 1013 0quodam
297 942 456 993 vitam
493 937 690 1008 egisse,
734 946 785 991 et
824 938 886 991 ob
922 938 1026 990 eul-

21 1032 127 1087 'pas
165 1016 463 1069 commissas
503 1015 552 1066 in
605 1029 815 1082 corpora
856 1011 1026 1063 detru-

19 1105 118 1154 ‚sas
159 1089 332 1143 fuisse.
376 1088 515 1141 lnter
555 1087 767 1140 ludaeos
807 1086 1023 1139 eandem

18 1165 342 1237 sententiam
367 1164 709 1232 propugnavit
729 1160 878 1214 Philo
905 1176 1022 1213 cum

15 1245 171 1298 *secta
230 1238 586 1290 Essaenormn.
649 1236 788 1288 Inter
846 1235 1023 1288 Patres

14 1311 259 1381 ⁴0riqenes
298 1311 523 1364 Platonis
563 1317 614 1363 et
654 1309 879 1363 Philonis
914 1326 1023 1361 sen-

15 1389 247 1440 :tentiam
286 1386 588 1454 adoptavit,
631 1385 866 1453 quamvis
906 1400 1023 1436 ean-

13 1459 146 1515 =dem
190 1462 390 1512 nonnisi
432 1457 689 1512 haesitans
739 1475 1021 1527 proponere

29 1535 288 1587 videatur.
307 1534 400 1587 Ast
417 1534 1022 1586 Praeexistentianismus

31 1610 236 1679 penitus
278 1616 356 1661 est
384 1608 713 1669 reficiendus,
758 1609 876 1676 quia
913 1615 1018 1659 tum

30 1681 88 1741 S.
116 1680 425 1752 Scripturae,
452 1690 559 1735 turn
587 1681 884 1742 Traditiom’,
912 1689 1020 1735 tum

30 1765 184 1810 rectae
210 1757 397 1810 rationi
422 1764 676 1825 repuqnac.

52 1885 59 1892 ,
99 1830 153 1883 S.
174 1829 437 1899 Scriptura
456 1838 632 1899 aperte
656 1836 1019 1898 negat,0mnes

28 1906 225 1958 animas
246 1922 375 1974 quae
397 1906 593 1973 corpori
619 1906 887 1965 uniuntur,
907 1920 1018 1971 pee-

27 1987 138 2033 cato
166 1980 354 2032 actuali
394 1980 685 2049 inquinatas
724 1994 856 2033 esse:
899 1995 1015 2031 nam

29 2052 176 2122 Rom.
222 2053 301 2116 V,
347 2054 452 2121 lli,
498 2054 721 2106 dieitur:
786 2051 1017 2121 Reqnavit

24 2117 155 2180 {nors
198 2127 258 2180 ab
297 2126 456 2180 Adam
506 2144 657 2197 usque
707 2128 770 2178 ad
818 2127 1017 2196 Moysen

24 2203 171 2255 ctiam
209 2202 262 2253 in
297 2217 392 2263 eoS,
436 2204 521 2270 qui
565 2218 661 2255 non
698 2215 1016 2270 peccaverunt

25 2277 79 2329 in
140 2275 514 2328 similitudinem
575 2276 1015 2346 praevaricationis

23 2348 176 2415 Adae;
220 2350 408 2402 dantur
461 2351 634 2420 itaque
692 2350 923 2402 homines
963 2367 1008 2403 e.

25 2440 76 2493 g.
120 2425 361 2485 infanteS,
393 2424 476 2493 qui
506 2432 711 2494 propter
747 2431 1012 2493 peceatum

26 2498 274 2567 originale
312 2499 624 2559 moriuntur,
667 2498 755 2551 sed
795 2514 1012 2567 quorum

24 2574 227 2626 animae
267 2589 297 2625 a
324 2574 547 2641 peccatis
573 2572 865 2626 actualibus
891 2581 1014 2627 sunt

22 2650 229 2715 penitus
267 2647 545 2700 immuneS.
576 2647 717 2700 Idem
745 2647 1013 2700 confirma-

15 2723 110 2795 (tur
147 2720 296 2774 Rom.
339 2720 432 2782 lX,
477 2722 563 2787 M,
605 2722 688 2775 ubi
729 2721 790 2773 de
831 2722 1012 2775 Iacobo

7 2802 79 2852 ’,εἰ
116 2795 248 2848 Esau
290 2793 496 2847 dicitur:
521 2793 646 2848 Cum
671 2796 885 2849 nondum
907 2800 1012 2848 nati

21 2867 252 2938 luissent,
298 2875 384 2920 aut
435 2868 624 2937 aliquid
665 2868 776 2922 boui
812 2870 1013 2938 epissent

19 2950 114 3010 ,aut
150 2943 271 2995 mali
308 2948 408 2995 etc.
450 2941 627 3013 Itaque
667 2949 786 2995 ante
833 2945 1013 2996 nativi-

8 3021 184 3073 itatem
243 3016 523 3070 eorundem
584 3018 787 3070 animae
846 3033 1010 3088 neque

21 3098 342 3162 peccarunt,
385 3107 552 3160 neque
589 3092 719 3146 bene
759 3099 1006 3160 egerunt3

26 3179 148 3233 ergo
179 3181 279 3224 ,nec
335 3165 654 3230 extiterunt,
713 3181 813 3220 non
873 3168 1009 3221 enlm

0 3243 218 3312 ⁸otiosae
254 3240 487 3293 luissent.

110 3399 122 3443 )
145 3401 186 3436 L.
209 3399 244 3443 8,
266 3400 399 3438 strom.

108 3445 129 3486 J*
144 3445 184 3479 L.
205 3445 251 3480 de
271 3446 391 3481 anima
413 3453 446 3480 c.
470 3444 504 3489 9,
530 3454 561 3482 c.
577 3445 620 3482 15
642 3449 713 3483 etc.
739 3461 742 3464 ⁴

87 3487 124 3530 3)
148 3490 264 3526 instit.
289 3491 316 3533 Ι,
338 3489 371 3532 3,
394 3498 429 3528 c.
452 3489 509 3526 18.

1093 732 1191 768 nue
1231 732 1285 768 se
1325 724 1698 784 opposuerunt.
1743 717 1916 771 Petrus
1933 717 2076 773 Alex.

1089 789 1233 841 illum
1253 790 1618 844 condemnavit
1639 789 2082 862 (li).S.Gre90rius

1089 863 1221 916 Naz.
1253 862 1329 934 (5)
1355 881 1599 917 vesanam
1628 867 1938 920 sententiam
1968 884 2082 923 eam

1087 938 1331 1006 appellat.
1364 937 1414 991 S.
1443 938 1621 993 LeoM.
1648 937 1723 1011 (6)
1753 940 1896 1003 dicit,
1927 941 2081 997 fidem

1087 1012 1393 1065 catholicam
1421 1020 1720 1066 constanter
1760 1015 2077 1083 praedicare,

1087 1086 1219 1155 quod
1266 1107 1291 1136 «
1335 1088 1538 1140 animae
1585 1087 1873 1152 hominum,
1917 1091 2083 1160 prius-

1086 1175 1240 1228 quam
1294 1163 1400 1214 suis
1440 1162 1829 1230 inspirarentur
1859 1167 2082 1235 corpori-

1088 1235 1200 1297 bus,
1230 1252 1327 1287 non
1352 1236 1556 1288 fuerint.
1585 1256 1606 1284 ν)
1630 1235 1916 1293 Concilium
1938 1239 2079 1293 deni-

1085 1324 1184 1377 que
1224 1306 1475 1362 CPlanum
1524 1310 1566 1364 V
1597 1311 1816 1378 ¹qenerale
1851 1314 2078 1382 capitula

1088 1399 1271 1436 novem
1300 1385 1477 1443 edidit,
1509 1385 1693 1454 quibus
1728 1387 1965 1454 Origenis
1992 1404 2076 1442 er-

1087 1474 1226 1510 rores
1266 1460 1530 1527 speciatim
1574 1462 1892 1529 proscripsit,
1937 1464 2074 1530 inter

1085 1548 1209 1601 quos
1251 1537 1406 1586 etiam
1428 1533 1660 1587 sabulosa
1683 1536 1794 1588 eius
1834 1536 1896 1589 de
1927 1553 2073 1607 prae-

1084 1607 1359 1660 existentia
1385 1610 1677 1661 animarum
1708 1612 1966 1664 sententia
1994 1628 2072 1665 re-

1083 1689 1355 1744 censetur,
1401 1689 1452 1734 et
1492 1682 1626 1736 hanc
1665 1684 2073 1753 adprobantibus

1082 1756 1357 1808 anatliema
1388 1756 1577 1809 dicitur
1605 1757 1704 1827 (7).
2080 1822 2086 1828 ⁵

1156 1828 1765 1885 praeexistentianismus
1800 1833 1956 1887 etiam
1995 1850 2076 1887 sa-

1083 1919 1176 1954 nae
1210 1905 1392 1956 rationi
1442 1905 1770 1958 adversatur.
1815 1906 1906 1960 llle
1935 1909 2073 1964 enim

1079 1975 1320 2037 affirmat,
1364 1979 1591 2034 animam
1631 1981 1734 2037 iam
1762 1988 1884 2034 ante
1924 1983 2074 2037 unio-

1082 2067 1198 2107 nem
1238 2069 1357 2108 eum
1396 2069 1607 2123 corpore
1648 2055 1807 2109 vitam
1864 2058 2069 2124 egisse,

1079 2132 1128 2177 et
1167 2127 1216 2179 in
1259 2126 1356 2180 hac
1396 2128 1610 2181 rationis
1649 2136 1700 2182 et
1751 2129 1944 2184 liberae
1984 2148 2071 2184 vo-

1079 2200 1291 2254 luntatis
1332 2216 1427 2254 usu
1469 2202 1540 2254 ita
1575 2203 1857 2271 praeditam
1899 2205 2072 2273 fuisse,

1080 2281 1135 2326 ut
1173 2276 1401 2328 actiones
1440 2275 1604 2329 bonae
1642 2285 1693 2330 et
1733 2278 1899 2333 malae
1934 2287 2072 2333 recte

1077 2349 1168 2416 ipsi
1210 2350 1608 2418 imputarentur.
1669 2350 1768 2405 Sed
1809 2354 1851 2406 si
1890 2354 1960 2407 ita
1995 2370 2072 2408 es-

1076 2430 1191 2486 set,
1248 2426 1458 2486 anima,
1520 2425 1666 2477 cuius
1713 2428 1936 2480 essentia
1982 2444 2071 2496 per

1079 2498 1320 2552 unionem
1359 2514 1475 2554 cum
1504 2514 1715 2568 corpore
1757 2517 1857 2553 non
1899 2509 2069 2556 muta-

1078 2579 1189 2634 tur,
1234 2573 1369 2624 vitae
1408 2579 1677 2626 anteactae
1717 2581 1768 2627 et
1806 2576 2067 2630 actionum

1076 2646 1179 2698 illic
1207 2648 1488 2714 positarum
1511 2647 1805 2703 meminisse
1833 2649 2063 2703 deberet:

1074 2721 1418 2774 certissimum
1462 2729 1637 2775 autem
1693 2730 1808 2785 est,
1867 2723 2064 2782 nullam

1074 2796 1299 2870 apimam
1362 2796 1495 2849 vitae
1555 2797 1929 2865 praecedentis
1962 2814 2066 2853 me·

1074 2871 1289 2923 moriam
1326 2886 1417 2922 seu
1458 2871 1825 2925 conscientiam
1850 2870 2061 2926 habere:

1073 2950 1381 3013 quapropter
1432 2944 1562 2997 haee
1601 2945 1706 2997 vita
1732 2945 2064 3014 praecedens

1073 3034 1103 3070 a
1140 3034 1266 3070 sana
1306 3018 1501 3070 ratione
1541 3018 1743 3072 admitti
1774 3021 1985 3090 ⁴nequit.

1147 3091 1199 3143 2.
1224 3090 1468 3145 Nonnulli
1491 3099 1694 3160 putant,
1720 3095 1946 3150 animam
1961 3111 2061 3150 non

1073 3165 1243 3219 minus
1278 3181 1432 3235 quam
1472 3181 1657 3235 eorpus
1693 3183 1724 3221 a
1762 3170 2061 3238 parentibus

1071 3256 1162 3310 per
1198 3241 1585 3309 generationem
1613 3240 1844 3312 produci:
1875 3243 2060 3298 borum

1118 3400 1150 3442 (4
1188 3401 1230 3435 L.
1253 3399 1288 3442 1,
1310 3400 1355 3435 de
1377 3400 1511 3438 anima.

1114 3399 1166 3534 a}
1190 3489 1475 3528 α,
1574 3445 1978 3538 <ems
