2332 3860
282 183 386 235 435

203 271 406 331 latenus
443 294 565 348 ergo
605 281 688 348 qui
722 287 872 332 natus
900 287 976 332 est
1005 292 1070 332 ex
1096 279 1199 332 Ma-

201 351 296 419 ria,
322 353 408 421 qui
438 370 616 422 passus
645 361 695 406 et
725 361 954 407 mortuus
988 354 1191 416 dicitur,

201 425 437 480 diversus
477 436 554 480 est
593 445 620 481 a
663 428 789 480 Filio
830 429 939 489 Dei,
970 429 1058 481 sed
1093 436 1189 490 est,

116 507 118 510 ’
199 499 600 568 ipseFiliusDei.
619 503 669 555 S.
691 502 1192 572 leomas(l)scribit:

202 593 228 622 «
253 574 361 627 Non
386 579 526 629 enim
539 594 615 629 ea
619 594 749 646 quae
765 586 884 630 sunt
902 579 1118 630 hominis
1132 579 1193 629 de

170 645 426 702 ·F1110[)e1
443 651 881 720 praedicarentur,
895 653 989 703 nisi
1014 652 1189 704 eadem

197 731 333 776 esset
373 742 585 809 persona
610 725 720 778 Filii
750 726 839 778 Dei
871 733 921 778 et
950 727 1187 785 hominis,

195 798 315 865 quia
335 814 465 866 quae
490 801 575 851 uni
602 803 1185 866 personaeconveniunt‚

195 886 294 923 non
337 889 403 924 ex
444 874 539 926 hoc
578 875 683 942 ipso
723 875 786 926 de
824 874 984 927 altera
1044 892 1187 943 prae-

200 945 477 1011 dicantur3
539 950 611 999 sio
680 965 810 1016 quae
878 951 1191 1002 conveniunt

194 1018 392 1082 Paulo,
440 1039 538 1073 non
578 1038 643 1073 ex
685 1023 778 1074 hoc
827 1023 934 1091 ipso
994 1025 1188 1091 praedi-

193 1102 379 1147 cantur
413 1096 476 1148 de
519 1096 683 1148 Petr0.
723 1117 745 1144 »
777 1126 847 1135 --
870 1097 926 1149 ln
948 1095 1189 1165 Symbolo

192 1166 410 1222 Nicaeno
450 1171 654 1222 dicitur:
700 1169 922 1224 Grada...
956 1172 1009 1223 in
1036 1190 1188 1224 unam

168 1242 458 1296 =Dominam
527 1254 746 1296 nostram
821 1246 978 1297 lesam
1043 1246 1188 1299 Chri-

192 1326 390 1370 stum...
430 1318 585 1370 Deam
623 1335 794 1371 veram
821 1321 877 1372 de
905 1320 1003 1372 Deo
1025 1339 1186 1374 vera...

192 1392 650 1445 consubstantialem
693 1394 828 1445 Patri
875 1436 884 1446 .
936 1437 947 1447 .
1028 1398 1182 1463 qai...

197 1467 486 1518 incarnatas
526 1475 591 1518 est
650 1468 705 1520 de
760 1468 952 1533 Spiritu
1017 1470 1187 1522 Sancto

192 1555 254 1590 ew
292 1541 461 1593 Maria
510 1541 727 1609 Vimine,
769 1550 812 1594 et
852 1543 993 1595 homo
1032 1546 1188 1611 factas

193 1620 386 1667 estete.
413 1616 606 1678 Quibus
630 1617 798 1669 verbis
822 1617 1046 1670 Ecclesia
1079 1636 1187 1686 pro-

193 1687 368 1739 fitetur
409 1706 567 1741 unum
611 1697 661 1742 et
714 1692 973 1753 eundem,
1033 1710 1185 1745 unam

193 1768 242 1812 et
284 1764 500 1815 eandem
544 1781 811 1831 personam
853 1782 963 1818 esse
999 1766 1184 1820 Filium

195 1834 283 1886 Dei
327 1844 376 1888 et
416 1838 654 1891 hominis.
688 1871 759 1878 —
787 1840 979 1908 Dogma
1017 1843 1187 1894 eatho·

195 1909 353 1962 licum
383 1913 519 1964 clare
548 1921 599 1964 et
627 1914 863 1966 distincte
893 1920 1187 1982 proponitur

194 1985 246 2034 in
267 1984 511 2052 Symbolo
535 1986 868 2039 Athanasium
893 1990 969 2040 his
994 1992 1181 2044 verbis:

194 2057 421 2109 Christus
449 2061 552 2111 licet
584 2061 709 2112 Deas
736 2065 797 2113 sit
829 2072 871 2114 et
900 2063 1059 2125 homo,
1091 2081 1185 2116 non

195 2132 290 2184 duo
321 2142 493 2198 tamen,
521 2137 600 2185 sed
630 2152 760 2187 anas
786 2145 854 2187 est
884 2137 1179 2190 Christus...

195 2222 326 2258 unas
366 2208 561 2259 omnino
600 2225 696 2260 noa
736 2211 1020 2278 confusione
1077 2213 1187 2264 sab·

194 2284 423 2342 stantiae,
467 2282 547 2335 sed
592 2285 775 2334 unitate
814 2301 1068 2352 personae.
1114 2317 1186 2326 -

194 2353 272 2406 Ss.
318 2355 483 2408 Patres
511 2373 540 2408 a
571 2358 745 2424 primis
772 2359 990 2411 saeculis
1025 2363 1185 2413 credi-

197 2429 387 2482 derunt
426 2436 477 2482 et
517 2431 833 2492 docuerunt,
879 2449 1032 2485 unam
1075 2452 1185 2488 esse

196 2502 381 2554 Christi
427 2504 518 2556 Dei
558 2513 608 2557 et
639 2506 856 2559 hominis
893 2524 1182 2574 personam.

196 2575 254 2629 S.
294 2578 528 2630 Irenaeus
571 2580 657 2632 tib.
703 2580 735 2632 5
776 2582 895 2634 adv,
928 2582 1071 2635 haer.
1105 2601 1188 2636 ca·

198 2651 289 2716 piti
333 2653 400 2702 16
458 2654 594 2705 hunc
652 2655 857 2706 titulum
910 2657 1184 2724 praefigit:

201 2742 229 2771 «
273 2724 540 2788 Probati0‚
585 2729 717 2796 quod
768 2745 900 2781 unus
954 2730 1188 2815 idemque

197 2795 340 2851 Iesus
380 2800 612 2853 Christus
665 2802 824 2855 Filius
874 2803 962 2855 Dei
1016 2807 1189 2873 unige-

200 2871 339 2924 nitus
379 2891 535 2928 verus
575 2876 712 2928 Deus
752 2885 804 2929 et
845 2894 998 2931 verus
1039 2881 1190 2932 homo

200 2946 285 2997 sit
317 2966 342 2995 ν
373 2947 707 3002 Tertullianus
728 2957 907 3004 contra
939 2952 1188 3005 Praxean]

202 3017 279 3088 (ᾖ)
322 3020 384 3071 de
423 3021 623 3076 Christo
666 3025 878 3094 loquens
917 3028 1007 3079 ait:
1042 3046 1066 3075 α
1107 3027 1189 3082 Vi-

201 3093 382 3145 demus
421 3096 676 3163 duplicem
717 3108 910 3152 statum
940 3118 1038 3153 non
1068 3118 1192 3155 con-

201 3166 394 3229 fusum,
448 3171 537 3221 sed
594 3173 925 3226 coniunctum
977 3176 1030 3228 in
1091 3192 1193 3228 una

203 3256 509 3308 persona.»
551 3243 604 3297 S.
651 3247 939 3317 Cyprianus
986 3248 1062 3321 (5)
1119 3252 1194 3302 in-

202 3315 333 3384 quit:
379 3335 406 3366 «
449 3315 609 3370 Filius
650 3319 739 3373 Dei
783 3325 1044 3377 mittitur..
1058 3324 1196 3378 ‚hic

252 3473 302 3516 (1)
321 3474 459 3519 opusc
484 3474 517 3518 2,
541 3485 574 3510 c.
601 3477 668 3512 208

248 3518 299 3607 {35
326 3519 424 3599 ἷῐιῗ
428 3500 739 3601 ass‘aaffl'ttffa?
746 3523 846 3604 13⁷²..

627 200 689 237 DE
727 200 819 249 nttfo
858 199 992 236 LAPS!
1029 199 1219 236 fimum
1255 198 1459 236 smmis
1495 198 1834 238 REDEMPTORE.

1258 279 1310 331 in
1339 278 1599 343 Virginem
1628 281 1899 334 illabitur..
1913 278 2092 338 Deus
2119 289 2266 346 cum
2211 234 2301 356 {⁶'

1257 353 1464 406 homine
1492 356 1753 409 miscetur:
1777 355 1860 407 hie
1885 353 2022 407 Deus
2044 361 2275 422 nosue,

1257 428 1338 480 hic
1377 427 1609 483 Christus
1647 438 1744 484 est.
1781 450 1807 480 »
1839 429 1895 482 S.
1941 423 2265 487 Athanasius
2289 442 2321 501 ,ῃ

1256 501 1331 573 (li)
1373 504 1565 557 scribit·
1623 524 1646 555 «
1696 505 1930 556 Christus
1978 510 2056 556 est
2100 503 2239 557 Deus
2286 531 2319 562 ς

1257 577 1423 630 homo.
1473 598 1500 627 »
1545 607 1615 616 -
1657 599 1679 628 «
1724 577 1869 632 Unus
1896 584 1947 631 et
1973 578 2107 630 idem
2135 584 2252 640 est,'
2274 589 2319 659 tt

1253 653 1337 720 qui
1377 660 1498 705 ante
1537 653 1745 705 saecula
1785 670 1851 705 ex
1893 654 2060 711 Patre,
2093 659 2146 705 et
2183 653 2234 704 in
2278 658 2332 810 §¹

1255 726 1447 778 ultimis
1486 727 1685 779 diebus
1691 743 1757 779 ex
1786 726 1995 793 Virgine
2027 734 2237 780 exortus

1253 807 1346 853 est.
1378 821 1403 850 »
1428 800 1484 854 S.
1512 769 1956 872 Chrysostomeas⁶ffi
1963 799 2064 870 >de
2091 799 2236 852 Chri-

1252 882 1329 927 sto
1370 875 1497 927 haec
1538 876 1710 927 habet:
1758 895 1780 923 «
1817 876 1918 926 Etsi
1948 875 2132 943 duplex
2173 875 2237 930 sit

1253 949 1300 1000 in
1344 950 1450 1016 ipso
1491 958 1696 1010 natura,
1741 956 1816 1001 est
1860 957 2030 1001 tamen
2059 949 2290 1001 indivi-'

1251 1024 1501 1075 sibiliset
1542 1024 1903 1091 indissipabilis
1968 1025 2126 1075 unitio
2186 1024 2235 1076 in

1253 1114 1353 1149 una
1394 1098 1652 1150 filiationis
1694 1097 1986 1150 confitenda
2023 1114 2307 1166 persona

1251 1180 1302 1224 et
1342 1189 1442 1224 una
1483 1174 1831 1225 subsistentia.
1882 1192 1906 1221 n
1939 1172 1977 1225 S
2004 1171 2312 1240 Auqasa-

1249 1263 1341 1298 aas
1380 1248 1431 1298 in
1475 1247 1682 1299 Eue-hir.
1730 1245 1805 1318 (6)
1849 1247 2114 1314 praeclare
2153 1247 2238 1300 do·

1250 1323 1470 1373 ctrinam
1527 1322 1830 1374 catholicam
1892 1323 2100 1388 exponit
2161 1322 2295 1388 his

1252 1397 1436 1448 verbis:
1473 1416 1499 1444 «
1531 1394 1766 1448 Christus
1797 1395 1934 1447 lesus
1966 1396 2054 1447 Dei
2081 1390 2291 1447 Filius

1250 1476 1328 1521 est
1368 1470 1505 1522 Deus
1544 1478 1595 1522 et
1637 1471 1804 1522 homo.
1850 1470 1989 1521 Deus
2027 1476 2148 1522 ante
2187 1487 2238 1520 o-

1251 1544 1388 1595 mnia
1439 1544 1679 1605 saecula,
1736 1544 1886 1596 homo
1950 1545 2001 1596 in
2065 1550 2235 1596 nostro

1249 1619 1474 1683 saeculo.
1509 1619 1645 1671 Deus
1672 1619 1808 1671 enim
1849 1626 1960 1670 erat
1987 1617 2233 1671 Verbum.

1250 1692 1410 1744 Homo
1449 1699 1622 1745 autem
1649 1734 1661 1755 ‚
1705 1694 1823 1762 quia
1881 1694 1931 1745 in
1986 1694 2276 1747 unitatem

1252 1784 1497 1834 personae
1525 1768 1741 1820 accessit
1772 1767 1938 1820 Verbo
1966 1769 2137 1819 anima
2160 1783 2237 1818 ra·

1251 1843 1455 1894 tionalis
1496 1849 1547 1894 et
1586 1858 1724 1894 caro,
1758 1873 1830 1880 -
1858 1842 2000 1894 Unus
2030 1842 2118 1893 Dei
2161 1840 2237 1893 Fi·

1250 1916 1347 1967 hus
1389 1917 1624 1984 idemque
1666 1917 1884 1968 hominis
1913 1915 2101 1982 Filius;
2135 1931 2233 1967 non
2279 1932 2332 1979 5³

1249 1990 1346 2042 duo
1388 1989 1497 2042 Filii
1540 1991 1629 2042 Dei
1672 1991 1809 2043 Deus
1849 1997 1899 2042 et
1941 1991 2117 2051 houm,
2146 1989 2236 2042 sed
2288 2000 2332 2058 [χι

1250 2081 1382 2115 unus
1424 2065 1579 2116 Filius
1607 2066 1719 2116 Dei:
1752 2066 1888 2116 Deus
1915 2066 2028 2116 sine
2055 2065 2232 2126 initio,
2278 2061 2323 2130 {34

1250 2138 1592 2191 homoacerto
1610 2140 1769 2197 initio,
1798 2140 2041 2190 Dominus
2066 2145 2237 2190 noster
2315 2160 2332 2213 3·

1250 2213 1288 2265 l.
1321 2212 1378 2265 C.
1414 2234 1439 2262 »
1472 2213 1530 2264 In
1559 2212 1790 2265 Conciliis
1817 2229 2016 2282 quoque
2050 2213 2246 2280 dogma.
2286 2222 2332 2288 'is'

1248 2288 1559 2339 catholicum
1602 2288 1740 2340 clare
1802 2287 2067 2339 definitum
2133 2293 2232 2341 est.
2279 2285 2332 2358 j:

1249 2361 1531 2413 Concilium
1590 2362 1863 2413 Romanam
1922 2361 1964 2414 V
2008 2360 2083 2430 (7)
2141 2361 2236 2413 sub

1253 2436 1462 2487 Damaso
1503 2436 1733 2487 habitum
1761 2476 1773 2495 ‚
1826 2438 1874 2487 in
1925 2435 2236 2503 professione
2282 2445 2315 2478 '-

1248 2510 1363 2562 fidei
1409 2508 1483 2579 (8)
1525 2513 1658 2562 inter
1696 2509 1796 2562 alia
1844 2508 1984 2560 dicit:
2029 2507 2236 2559 Anatha·
2284 2502 2286 2507 ’

1249 2585 1579 2635 matizzamas
1604 2599 1699 2643 303,
1730 2583 1818 2650 qui
1843 2584 1958 2634 duos
1981 2581 2133 2634 Filios
2161 2598 2237 2634 as·
2274 2606 2293 2639 j

1248 2666 1435 2709 serant:
1479 2674 1633 2709 unam
1671 2665 1782 2708 ante
1818 2657 2007 2708 saecula
2046 2665 2089 2707 et
2121 2656 2238 2707 alte·

1251 2748 1362 2783 ram
1397 2739 1501 2799 post
1540 2731 1916 2799 assumptionem
1956 2730 2126 2783 carnis
2178 2745 2238 2782 ex
2260 2760 2299 2798 ,1¹2

1258 2805 1471 2873 Virqine.
1525 2805 1749 2858 Solemni
1813 2805 1998 2857 iudicio
2054 2804 2237 2872 dogma·
2271 2804 2286 2851 f

1251 2879 1561 2931 catholicum
1601 2879 1866 2932 definitum
1909 2886 1988 2932 est
2024 2879 2075 2930 in
2112 2877 2281 2935 Con-r

1252 2954 1368 3005 cilio
1415 2954 1690 3021 Ephesin0‚
1741 2953 1875 3022 quod
1939 2952 2272 3022 approbavit
2271 2967 2287 2996 ς

1252 3028 1710 3080 anathematismos
1757 3026 1970 3096 Cyrilli,
2022 3032 2282 3110 quorum}

1253 3102 1511 3154 secundus
1552 3104 1621 3154 ita
1660 3109 1842 3153 sonat.
1894 3100 1949 3154 Si
1986 3102 2103 3168 quis
2143 3109 2281 3164 nom,

1254 3177 1507 3245 confitetur
1546 3175 1637 3227 Dei
1662 3175 1836 3228 Patris
1873 3174 2076 3226 Verbum
2104 3188 2158 3226 ca

1254 3251 1518 3302 secundam
1557 3249 1849 3319 hypostasim
1885 3248 2080 3301 unitum
2117 3254 2184 3299 at⁴
2238 3257 2255 3314 j

1255 3339 1374 3375 aum
1410 3339 1513 3376 una
1551 3339 1660 3375 cum
1680 3339 1770 3376 sua
1800 3336 1950 3375 came
1973 3336 2072 3374 esse
2097 3318 2257 3373 Clif'

1305 3481 1355 3524 (4)
1378 3482 1477 3516 Orat.
1504 3482 1537 3526 4,
1564 3493 1600 3518 n,
1626 3482 1682 3519 36
1773 3481 1823 3524 (5)
1854 3481 1901 3516 Ad
1924 3481 2063 3517 caesar.
2083 3461 2242 3516 Mona*

1307 3527 1355 3566 (6)
1380 3526 1417 3560 C
1444 3525 1487 3560 35
1764 3525 1817 3569 (7)
1843 3528 1945 3559 Anno
1969 3525 2046 3560 378.
2224 3543 2251 3571 ·.·'

1308 3570 1357 3614 (8)
1382 3572 1426 3606 Ut
1447 3577 1548 3614 putet
1569 3579 1615 3606 ex
1639 3571 1700 3614 Ep.
1729 3571 1870 3604 Damasi
1890 3570 1936 3604 ad
1958 3570 2057 3604 Puni.
2081 3568 2108 3598 Δ
2144 3579 2163 3597 ⁴-
2188 3604 2203 3610 ,,
2250 3584 2251 3589 ’
