2332 3860
34 0 115 184 ἔ

75 146 96 163 Α

60 183 93 223 θ’

22 230 102 324 ἓ,

766 138 882 199 PARS
919 137 991 175 tn.
1033 137 1196 176 suerio
1232 139 1288 175 u.
1330 137 1482 176 CAPUT
1518 138 1573 177 11.

165 223 302 278 cium
338 222 390 274 in
411 234 564 273 cruce
583 217 829 280 oblatum,
862 218 888 270 l
903 227 1147 301 ’tanquam

165 311 362 367 sponsor
401 310 508 349 vere
546 309 603 346 ac
633 292 849 375 proprie
893 292 990 344 imo
1040 308 1150 361 per-

64 359 81 382 ⁷⁷
163 371 415 454 rectissime
439 383 529 436 pro
561 366 765 435 peccatis
799 365 1048 418 hominum
1074 366 1148 419 di-

161 443 301 496 vinae
343 442 556 494 iustitiae
588 440 835 507 satisfecit,
878 446 930 493 et
970 441 1003 492 ‘2
1042 447 1150 492 tan-

163 532 311 586 quam
364 516 603 568 mediator
661 514 873 566 homines
918 513 1016 566 Deo
1072 530 1149 565 re-

163 590 450 650 conciliavit,
494 589 647 656 iisque
691 590 881 655 qratias
918 603 1150 655 superna·

163 664 343 717 turales
386 670 528 730 atque
589 670 836 714 aeternam
898 660 1148 713 beatitudi-

162 754 268 791 nem
323 736 615 805 promeruit.
672 735 915 798 Quamvis
977 742 1146 787 autem

163 813 196 863 5
252 813 460 864 actualis
508 810 815 878 participatio
866 808 921 860 de
978 810 1148 877 effecti-

164 886 249 937 bus
289 884 630 952 redemptionis
675 883 961 952 quibusdam
988 883 1149 934 condi-

164 958 371 1011 tionibus
420 957 739 1026 adimplendis
802 957 1149 1024 sapientissime

164 1034 224 1084 sit
269 1032 489 1100 alligata,
541 1031 867 1083 nibilominus
907 1037 1076 1083 tamen
1118 1032 1147 1083 [ι

163 1107 419 1175 redemptio
445 1113 512 1157 est
532 1105 838 1164 universalis,
863 1107 979 1172 quia
1008 1102 1151 1156 Chri-

165 1188 264 1232 stus
296 1196 388 1248 pro
433 1179 652 1231 omnibus
706 1178 976 1230 hominibus
1018 1195 1147 1230 mor-

165 1261 275 1306 tuus
302 1261 388 1305 est.
424 1282 490 1291 —
513 1252 756 1304 Doctrina
785 1253 910 1304 haec
931 1252 992 1304 de
1020 1253 1153 1305 salu-

165 1327 397 1379 berrimis
441 1326 673 1379 sacrificii
700 1327 750 1378 in
798 1342 951 1378 cruce
996 1327 1150 1379 oblati

166 1401 430 1454 aflectibus
458 1401 633 1453 sedulo
668 1407 746 1452 est
781 1400 1146 1469 expendenda,

174 1491 275 1527 tum
295 1476 410 1543 quia
431 1475 733 1529 charitatem
759 1474 848 1527 Dei
873 1475 1151 1528 clarissime

171 1549 476 1610 manifestat,
517 1556 626 1601 tum
653 1550 769 1617 quia
809 1565 898 1617 pro
938 1549 1153 1602 homini-

169 1622 260 1676 bus
299 1623 588 1690 gravissimi
623 1631 700 1675 est
731 1625 997 1684 momenti,
1043 1631 1152 1676 tum

167 1698 281 1766 quia
324 1713 423 1749 non
477 1713 663 1765 paucos
701 1697 1015 1750 adversarios
1069 1698 1156 1750 ha·

169 1771 276 1833 bet,
307 1772 390 1840 qui
430 1771 569 1823 illam
613 1772 768 1823 variis
808 1771 967 1823 modis
994 1773 1156 1841 impu-

164 1851 342 1913 gnant,
381 1852 469 1898 aut
507 1846 782 1901 obscurare
822 1846 1075 1899 nituntur.

539 2004 577 2064 §
618 2005 773 2052 zoe.

163 2103 190 2139 1.
216 2102 378 2137 Christus
401 2106 574 2145 tanquam
598 2109 753 2144 sponsor
788 2111 874 2137 vere
908 2111 951 2138 ac
986 2105 1154 2147 proprie,

205 2161 281 2196 imo
304 2160 564 2204 perfectissime
599 2170 666 2204 pro
698 2162 856 2204 peccatis
880 2162 1074 2198 hominum
1100 2164 1156 2198 di-

207 2221 314 2255 vinae
337 2219 500 2254 iustitiae
523 2220 714 2255 satisfecit.

236 2300 651 2356 'Satisfactionem
691 2303 877 2357 Christi
919 2321 1007 2373 pro
1046 2322 1159 2373 pec-

169 2379 296 2431 catis
335 2378 599 2430 hominum
641 2379 934 2445 praestitam
958 2395 1153 2441 veram,

171 2452 426 2522 propriam
452 2493 464 2513 ,
510 2452 785 2520 perfectam
826 2460 878 2504 et
916 2455 1159 2520 superab-

170 2526 451 2579 undantem
492 2542 603 2578 esse
628 2567 641 2587 ‚
683 2542 744 2578 ex
780 2525 833 2579 S.
865 2525 1158 2595 Scriptura,

174 2600 451 2652 Traditione
484 2607 537 2653 et
555 2601 743 2653 ratione
765 2600 1020 2669 theoloqica
1048 2618 1159 2670 pro-

173 2675 343 2727 batur.

248 2748 299 2800 t.
345 2747 451 2799 lam
490 2747 541 2799 in
590 2745 654 2801 V.
715 2746 773 2799 T.
843 2748 1158 2816 praedictum

172 2821 286 2880 fuit,
330 2821 566 2874 Messiam
607 2827 884 2874 venturum
927 2829 978 2875 et
1034 2825 1162 2876 occi-

173 2895 396 2947 dendum
426 2911 556 2957 esse,
581 2902 633 2946 ut
654 2904 1010 2949 consummetur
1022 2914 1162 2965 prae-

177 2969 427 3028 varicatae,
469 2977 511 3020 et
549 2969 693 3038 finem
756 2971 961 3038 accipiat
1000 2988 1162 3038 peeca-

177 3051 298 3103 tum,
341 3051 384 3094 et
422 3041 638 3094 deleatur
680 3041 939 3110 iniquitas,
990 3052 1033 3096 et
1077 3046 1160 3097 ad-

175 3117 383 3168 ducatur
447 3116 638 3168 iustitia
694 3117 982 3185 sempiterna
1035 3117 1157 3189 (i);

176 3190 360 3258 quibus
401 3191 570 3243 verbis
623 3189 771 3257 plena
830 3198 881 3244 et
940 3193 1161 3260 perfecta

176 3264 449 3316 satisfactio
487 3281 518 3316 a
567 3263 750 3316 Messia
814 3281 903 3333 pro
944 3269 1163 3334 peccatis

177 3338 482 3405 praestanda
519 3337 657 3391 clare
709 3338 982 3402 indicatur,
1042 3358 1165 3410 quo·

222 3464 275 3507 (1)
299 3464 435 3507 Dans,
458 3465 514 3505 22,
538 3471 607 3502 ete.

223 3509 275 3553 (²)
297 3510 466 3553 Meum,
487 3509 540 3546 21.
817 3510 870 3557 (3)
892 3511 1017 3547 Ioann.
1043 3511 1077 3554 1,
1100 3512 1154 3548 29.

2003 124 2103 179 δίη

1209 219 1346 272 niam
1384 219 1495 272 sine
1532 219 1630 272 ista
1668 226 1788 274 tarn·
1812 220 2070 287 magnifici
2121 221 2192 276 ef·

1208 294 1372 348 fectus
1392 292 1636 361 explicari
1660 310 1757 348 non
1787 302 2018 364 possunt.
2041 325 2114 337 —-
2131 296 2189 351 ln

1209 369 1347 422 Novo
1384 366 1519 420 Test.
1557 367 1785 443 Angelus
1818 367 2089 438 losephum
2128 371 2190 425 de

1209 442 1391 495 Christi
1434 434 1765 510 conceptione
1810 444 2074 506 erudienS,
2118 445 2191 499 di·

1210 518 1304 568 xit:
1337 515 1529 571 Vocabis
1566 531 1737 568 nomen
1758 517 1860 568 eius
1885 517 2067 581 Iesum‚·
2095 518 2191 589 ipse

1209 592 1337 643 enim
1375 590 1563 643 salvum
1611 590 1754 657 faciet
1785 592 2020 659 poputum
2047 608 2192 646 suum

1209 681 1239 717 a
1258 665 1461 733 peccatis
1485 679 1651 716 eorum
1673 662 1768 735 (ᾖ).
1801 663 2017 718 Ioannes
2045 665 2190 736 Bapt.

1211 739 1389 791 videns
1442 738 1607 790 lesum
1668 739 1731 790 ad
1788 754 1844 792 se
1903 740 2194 795 venientem

1211 812 1555 864 exclamavit:
1598 812 1719 865 Ecce
1758 829 1912 880 aqnus
1944 814 2054 875 Dei,
2096 830 2196 868 ecce

1210 886 1296 955 qui
1322 886 1442 938 tollit
1468 895 1711 952 peccatum
1738 888 1909 941 mimdi
1939 886 2037 959 (5):
2065 905 2197 958 quae

1214 961 1367 1013 verba
1408 960 1542 1012 haud
1602 962 1817 1014 obscure
1873 963 2193 1030 significant,

1212 1034 1467 1087 Christum
1508 1052 1717 1102 agnum,
1785 1052 1875 1088 seu
1938 1038 2195 1090 victimam

1212 1125 1342 1169 esse,
1366 1111 1511 1161 cuius
1552 1109 1899 1163 immolatione
1928 1119 2195 1179 peccatum

1216 1184 1409 1243 mundi,
1451 1199 1543 1236 seu
1583 1184 1793 1236 humani
1839 1186 2042 1253 generis
2100 1184 2198 1239 tol·

1215 1258 1353 1317 titur,
1396 1258 1645 1320 aufertur,
1678 1258 1896 1322 deletur,
1928 1259 2058 1329 quod
2089 1275 2199 1328 per-

1214 1331 1396 1384 fectam
1414 1332 1809 1386 satisfactionem
1832 1333 2203 1403 supponit.Cla-

1216 1408 1412 1458 ris‘sime
1450 1414 1622 1459 autem
1665 1407 1853 1460 Paulus
1917 1410 2202 1462 doctrinam

1214 1481 1516 1533 catholicam
1559 1483 1807 1550 proponit.
1840 1482 1966 1535 Nam
2006 1483 2101 1551 Ep.
2135 1482 2201 1536 ad

1217 1555 1360 1610 Rom.
1389 1572 1507 1608 cum
1546 1557 1785 1609 dixisset:
1829 1556 2003 1610 Omnes
2039 1573 2203 1624 pecca-

1216 1639 1404 1692 verunt,
1428 1641 1472 1684 et
1511 1638 1642 1699 eqent
1679 1631 1841 1699 yloria
1879 1632 1971 1685 Dei
1999 1629 2097 1703 (lt);
2140 1631 2204 1684 de

1217 1705 1394 1758 iisdem
1457 1706 1807 1773 peccatoribus
1862 1706 2023 1768 addit,
2067 1706 2200 1775 quod

1216 1781 1315 1831 sint
1369 1780 1618 1847 iustificati
1678 1780 1832 1847 gyratis
1864 1796 1955 1849 per
1992 1783 2203 1848 qratiam

1216 1854 1371 1920 ipsius
1412 1853 1519 1924 (5),
1574 1854 1607 1906 i.
1672 1869 1718 1906 e.
1782 1870 1871 1923 per
1927 1855 2203 1921 gratuitam

1216 1927 1307 1979 Dci
1349 1926 1768 1989 misericordiam,
1809 1944 1898 1994 per
1928 1929 2212 1998 redemptio-2

1217 2018 1346 2062 nem,
1389 2017 1511 2071 quae
1552 2009 1618 2053 est
1657 2002 1710 2053 in
1745 2001 1937 2055 Christo
1965 2003 2207 2066 Iesu‚seu

1220 2083 1422 2144 propter
1461 2075 1886 2143 redemptionem,
1928 2093 2082 2146 quam
2121 2094 2208 2146 ap·

1221 2167 1374 2219 penso
1415 2151 1575 2219 pretio
1617 2150 1733 2203 fecit
1759 2167 1819 2203 ac
1854 2153 2040 2204 meruit
2067 2151 2210 2204 Chri-

1219 2232 1328 2278 stus
1371 2225 1547 2277 lesus:
1593 2241 1734 2292 quem
1772 2226 2023 2294 proposuit
2080 2225 2211 2294 Deus

1214 2300 1626 2368 propitiationem,
1672 2299 1706 2351 i.
1738 2315 1786 2351 e.
1813 2301 2072 2353 victimam
2102 2300 2209 2353 irae

1220 2390 1342 2426 suae
1386 2374 1806 2441 propitiatoriam,
1844 2390 1934 2442 per
1982 2374 2123 2444 fidem
2158 2375 2210 2426 in

1220 2448 1455 2516 sanquine
1495 2448 1647 2515 ipsius
1681 2447 1743 2499 ad
1781 2448 2093 2500 ostensionem
2133 2449 2206 2500 iu—

1220 2523 1379 2574 stitiae
1443 2538 1557 2572 suae
1617 2529 1813 2590 propter
1876 2523 2206 2586 remissionem

1218 2595 1604 2665 praecedentium
1632 2596 1914 2649 delictorum
1940 2595 2035 2666 (6).
2069 2597 2206 2667 Deus

1222 2687 1343 2738 ergo
1383 2671 1431 2722 in
1474 2676 1636 2722 morte
1694 2668 1880 2722 Christi
1940 2686 2072 2739 quae
2136 2687 2205 2725 re·

1224 2745 1513 2797 missionem
1572 2751 1899 2812 peccatorum
1958 2745 2207 2807 obtinuit,

1222 2819 1467 2872 iustitiam
1501 2835 1646 2871 suam
1687 2818 1927 2879 ostendit,
1953 2819 2086 2889 quod
2114 2819 2209 2872 dici

1225 2910 1323 2946 non
1367 2899 1555 2961 posset,
1625 2893 1719 2944 nisi
1784 2893 1975 2945 iustitia
2041 2893 2212 2946 divina

1225 2985 1312 3036 per
1351 2967 1655 3020 sacrificium
1696 2966 1747 3018 in
1794 2983 1883 3019 ara
1922 2968 2090 3020 crucis
2128 2968 2212 3020 ob-

1226 3042 1385 3094 latum
1443 3041 1644 3109 plenam
1698 3040 1912 3094 iniuriae
1962 3042 2055 3094 sibi
2108 3042 2217 3094 illa-

1224 3122 1306 3168 tae
1345 3116 1809 3183 compensationem
1838 3155 1850 3176 ,
1907 3131 1998 3167 seu
2057 3116 2217 3184 perfe-

1224 3196 1361 3242 ctam
1424 3190 1821 3243 satisfactionem
1886 3190 2210 3243 obtinuisset.

1226 3263 1353 3315 Nam
1393 3264 1454 3324 si,
1503 3270 1556 3315 ut
1596 3263 1777 3316 volunt
1812 3262 2090 3324 Sociniani‚
2127 3277 2216 3331 per

1225 3337 1358 3390 solas
1397 3353 1574 3405 preces
1612 3338 1721 3391 sine
1759 3339 1908 3407 pretii
1962 3338 2216 3391 solutione

1270 3466 1322 3510 (t.)
1345 3468 1446 3502 Rom.
1461 3468 1493 3504 3.
1520 3477 1550 3501 v.
1563 3467 1619 3504 2³.

1270 3513 1317 3555 (ὕ)
1343 3513 1396 3547 Π).
1424 3523 1457 3550 v.
1483 3512 1535 3548 24.
1866 3512 1915 3558 (⁶)
1939 3513 2030 3549 thid.
2056 3521 2090 3548 v.
2114 3510 2170 3548 25.
