2332 3860
120 225 241 281 usta
290 195 436 278 'india
500 220 777 275 indicasset
839 222 1095 276 dicendo:

38 311 59 338 -’
119 300 346 354 Verbum
380 311 574 351 carnem
599 296 783 364 factum
803 298 944 349 esse!
971 295 1099 350 Nam

118 373 268 427 Pater
303 377 357 424 et
392 369 613 439 Spiritus
653 368 875 423 Sanctus
913 371 1100 422 unione

48 475 55 482 -
93 444 297 500 morali
336 444 551 497 affectus
606 449 659 495 et
723 443 1101 496 inhabitationis

36 575 40 578 ,
117 520 367 572 uniuntur
402 515 593 570 homini
652 517 822 569 iusto:

881 516 937 570 Si
992 517 1101 584 quis

59 590 77 623 ἕ·
116 592 274 661 diliyit
309 606 403 652 me,
444 606 713 643 sermonem
752 605 911 642 meum
936 604 1102 642 serva-

71 669 74 673 ’
114 665 201 727 bit,
242 673 287 718 et
324 665 477 718 Pater
514 680 648 716 meus
686 664 850 733 diliget
889 678 1017 725 eum,
1060 672 1102 714 et

116 739 180 793 a‘d
214 754 324 791 eum
385 740 635 791 veniemus
691 746 734 788 et
795 740 1103 789 mansionem

47 820 50 822 ’
115 813 244 883 apud
262 828 372 866 eum
398 812 630 879 faciemus
658 810 754 882 (l);
781 818 853 864 et:
875 811 1102 877 Nescitis·‚

116 888 236 956 quia
275 887 500 954 templum
540 885 626 937 Dei
663 887 793 944 estis,
838 893 881 936 et
938 884 1103 951 Spiri-

117 969 195 1014 tus
233 959 324 1012 Dei
364 960 545 1013 habitat
584 960 636 1011 in
677 960 804 1012 vobis
839 957 939 1030 (Ξγὲ
970 961 1102 1025 Ergo

117 1035 271 1088 etiam
313 1034 375 1086 de
415 1034 564 1086 Patre
603 1040 654 1085 et
691 1032 882 1101 Spiritu
915 1033 1102 1086 Sancto

51 1152 54 1154 .
115 1108 388 1162 dicendum
437 1108 584 1167 foret,
629 1108 760 1175 quod
809 1122 927 1158 caro
985 1109 1100 1159 facti

43 1235 48 1239 ,
117 1198 207 1235 seu
247 1183 497 1234 incarnati
540 1182 660 1242 sint,
704 1197 733 1233 a
773 1196 871 1249 qua
931 1188 1100 1233 tamen

116 1258 369 1309 sententia
409 1270 610 1322 semper
648 1254 1105 1307 abborruitEccle—

116 1331 191 1383 sia
229 1330 321 1382 soli
363 1329 619 1381 secundae
659 1345 903 1396 personae
943 1330 1105 1381 incar·

118 1404 378 1456 nationem
420 1403 733 1455 adscribens,
796 1402 932 1454 Idem
995 1420 1105 1471 pro-

118 1478 270 1530 batur
311 1479 418 1530 istis
465 1476 607 1528 Pauli
666 1477 854 1537 verbiS‚
923 1480 1105 1545 quibus

117 1550 230 1604 Filii
296 1550 387 1603 Dei
441 1552 842 1602 incarnationem
897 1552 965 1603 ita
1025 1552 1106 1602 de-

116 1626 319 1679 scribit:
362 1624 459 1688 Qui
514 1641 623 1677 cum
680 1626 733 1676 in
794 1626 953 1691 forma
1016 1626 1106 1677 Dei

116 1708 254 1760 esset,
297 1715 394 1751 non
432 1701 658 1767 rapinam
697 1699 963 1750 arbitratus
1014 1708 1101 1761 est,

119 1789 218 1826 esse
255 1789 304 1825 se
343 1773 595 1840 aequalem
632 1772 750 1831 Dea,
793 1774 874 1823 sed
923 1776 1107 1824 semeti-

116 1863 261 1920 psum
301 1847 570 1899 ammonivit
607 1847 818 1914 formam
850 1849 979 1898 servi
1031 1863 1107 1898 ac-

119 1922 303 1990 cipiens
343 1922 395 1972 in
434 1920 804 1972 similitudinem
859 1920 1108 1972 hominum

119 1996 299 2064 factus,
341 2002 442 2047 etc.
474 1996 571 2064 (5).
617 1994 723 2057 Quo
765 1996 814 2046 in
856 1995 964 2046 loco
1003 2012 1107 2046 ma-

122 2069 304 2121 nifeste
343 2070 607 2127 asseritur,
652 2069 796 2120 illum
844 2070 1007 2136 ipsum
1045 2070 1110 2121 fa·

122 2149 265 2194 ctum
292 2159 405 2195 esse
433 2143 717 2202 hominem,
747 2144 831 2210 qui
869 2144 917 2194 in
949 2143 1108 2195 forma

125 2216 217 2268 Dei
247 2223 297 2268 et
321 2216 425 2268 Deo
445 2217 673 2284 aequalis
696 2224 826 2279 erat3
851 2220 991 2284 atqui
1013 2218 1109 2269 iste

123 2297 264 2343 certe
279 2306 379 2341 non
403 2296 480 2341 est
498 2291 647 2349 alius,
668 2306 820 2359 quam
845 2291 999 2342 Filius
1022 2291 1107 2342 Dei

124 2365 449 2432 unigenum,
493 2365 715 2416 secunda
755 2364 951 2416 scilicet
990 2365 1110 2416 Per-

126 2454 251 2490 sona
290 2437 483 2501 divina3
525 2438 774 2505 ergoipsa
797 2446 873 2490 est
898 2454 1110 2504 persona

127 2512 319 2573 divina,
381 2527 510 2579 quae
561 2513 836 2579 assumpsit
897 2513 1108 2564 formam

127 2587 262 2638 servi
302 2592 354 2637 et
392 2586 523 2638 sacta
551 2587 696 2638 estin
726 2585 1109 2638 similitudinem

101 2679 103 2682 ·
127 2659 415 2719 hominum,
444 2675 610 2728 neque
639 2660 769 2711 alius
789 2666 866 2712 est
893 2661 943 2711 in
973 2659 1113 2712 Chri-

127 2740 207 2785 sto
235 2731 394 2784 Filius
419 2732 536 2792 Dei,
561 2733 691 2785 alius
712 2734 846 2785 filius
869 2734 1108 2793 hominis,

129 2812 186 2858 ut
208 2806 536 2874 ¹blasphemat
568 2806 845 2860 Nestorius,
867 2837 938 2846 -
959 2807 1112 2860 Porro

129 2895 232 2932 una
255 2886 331 2931 est
359 2880 409 2931 in
430 2878 630 2932 Christo
672 2897 904 2948 persona,
946 2882 987 2933 si
1028 2883 1112 2933 ille

64 2971 78 2981 κ
130 2953 263 3006 idem
305 2954 390 3021 qui
429 2961 507 3007 est
563 2953 698 3006 filius
750 2954 995 3014 hominis,
1037 2963 1114 3007 est

67 3067 75 3070 -
130 3027 280 3080 simul
321 3026 477 3079 Filius
516 3027 624 3081 Dei.
662 3027 715 3080 Si
735 3029 942 3080 enimin
971 3028 1115 3082 Chri-

132 3107 212 3153 sto
250 3102 380 3153 duae
419 3109 590 3154 essent
628 3118 893 3170 personae,
941 3103 1114 3155 divina

133 3180 187 3225 et
237 3173 483 3238 humana,
545 3176 646 3228 alia
705 3191 919 3243 persona
982 3186 1115 3229 esset

134 3245 296 3300 Filius
333 3248 425 3301 Dei
463 3256 515 3302 et
552 3249 652 3302 alia
691 3249 825 3303 filius
873 3251 1111 3310 hominis,

135 3326 190 3372 et
228 3335 328 3374 una
365 3323 431 3376 ab
493 3323 656 3376 altera
709 3325 996 3378 necessario
1044 3326 1117 3376 di-

182 3491 239 3537 ui
260 3461 391 3539 ιορη,
413 3494 470 3534 αι.
757 3495 813 3546 w
833 3498 852 3534 ι
871 3499 953 3536 cor.
979 3498 1014 3543 a,
1039 3498 1094 3535 ιο.

728 139 848 180 uns
886 141 960 180 ln.
1002 136 1168 181 SEG'NO
1205 140 1243 179 1.
1285 136 1436 178 cnm·
1470 133 1530 178 11.

1161 221 1527 289 stingueretur.
1569 216 1669 273 Sed
1707 217 1759 272 in
1798 215 1851 272 S.
1883 216 2144 288 Scriptura

1164 293 1416 348 ille‘idem
1456 291 1709 359 ChristuS‚
1752 293 1838 362 qui
1876 298 1956 344 est
2008 292 2146 346 filius

1163 368 1402 430 hominis,
1444 366 1630 420 dicitur
1668 366 1828 420 Filius
1866 363 1997 429 Dei3
2028 381 2148 419 nam

1163 442 1396 495 Christus
1451 440 1727 508 discipul-os
1784 440 2143 506 interrogans:

1165 516 1315 580 Quem
1365 515 1532 568 dicunt
1570 514 1784 567 homines
1839 528 1942 566 esse
1991 512 2148 583 filium

1164 588 1414 643 hominis?
1442 588 1624 641 Petrus
1663 590 1707 640 ei
1751 586 2030 655 respondit:
2079 586 2175 638 Ta·

1163 680 1211 715 es
1249 662 1475 716 Christus
1505 663 1638 733 filius
1678 662 1773 714 Dei
1811 662 1904 714 vivi
1944 659 2051 732 (Ιι);
2094 660 2150 712 il·

1167 738 1271 789 lum
1310 737 1532 790 eundem
1586 751 1734 805 ergo,
1795 751 1946 805 quem
2000 733 2147 795 vidit,

1164 812 1490 880 quilocutus
1530 818 1661 872 erat,
1704 817 1756 863 et
1794 825 1849 862 se
1888 809 2048 879 filium
2074 808 2153 860 ho-

1163 886 1312 956 minis
1352 886 1734 947 nominaverat,
1775 890 1927 936 vocat
1966 881 2152 935 Filium

1165 958 1254 1011 Dei
1270 978 1286 1024 3
1330 967 1382 1013 et
1419 959 1653 1012 Christus
1698 958 1794 1011 hoc
1850 973 2153 1026 responsum

1165 1049 1264 1084 non
1305 1034 1472 1086 solum
1511 1032 1833 1102 approbavit,
1875 1032 1964 1084 sed
1994 1038 2045 1084 et
2070 1047 2154 1083 ae-

1168 1109 1296 1159 terni
1339 1108 1503 1160 Patris
1531 1107 1831 1160 revelationi
1859 1106 2150 1173 adscripsit.

1163 1211 1238 1219 —
1262 1182 1493 1251 Denique
1534 1183 1720 1250 passim
1760 1182 1809 1232 in
1839 1179 1919 1232 ss.
1952 1179 2181 1232 Litteris

1165 1253 1365 1308 Christo
1406 1257 1598 1307 homini
1663 1256 1962 1308 tribuuntur
2025 1269 2156 1323 quae

1165 1337 1284 1382 sunt
1323 1331 1625 1391 divinitatis,
1670 1336 1721 1381 et
1760 1329 1821 1381 de
1856 1328 2024 1383 Verbo
2064 1343 2157 1380 seu

1168 1402 1293 1456 Filio
1332 1404 1422 1456 Dei
1466 1405 1826 1472 praedicantur
1865 1416 1996 1472 quae
2035 1409 2159 1455 sunt

1168 1477 1539 1542 humanitatis;
1586 1479 1712 1530 haec
1750 1485 1924 1530 autem
1969 1492 2156 1546 nequa-

1167 1568 1321 1619 quam
1360 1553 1467 1604 fieri
1512 1558 1734 1620 possent,
1770 1553 1862 1604 nisi
1893 1567 1992 1603 una
2022 1557 2159 1603 essct

1169 1626 1258 1677 Dei
1306 1635 1356 1679 et
1415 1627 1634 1678 hominis
1697 1626 1850 1677 simul
1917 1641 2153 1694 persona.

1169 1700 1302 1751 Sane
1343 1701 1489 1753 Rom.
1539 1701 1624 1761 lX,
1671 1701 1723 1761 ὅ,
1769 1699 1956 1751 Paulus
2019 1698 2161 1751 Chri-

1169 1781 1302 1825 stum
1344 1775 1605 1826 hominem
1665 1774 1827 1826 Deum
1886 1774 2154 1825 nominat:

1169 1864 1230 1899 eoe
1279 1850 1453 1915 quibas
1492 1847 1765 1918 (patribus)
1805 1856 1874 1899 est
1930 1847 2161 1900 Christus

1168 1923 1430 1974 secandam
1469 1938 1683 1980 carnem,
1739 1923 1825 1989 qui
1889 1933 1954 1973 est
2018 1936 2162 1989 super

1170 1999 1330 2047 omnia
1372 1997 1500 2048 Deua
1543 1997 1809 2048 benedictus
1848 1997 1901 2047 in
1947 1995 2156 2048 saecula.

1172 2070 1462 2139 Eodemque
1498 2072 1644 2122 modo
1687 2071 1832 2122 Rom.
1877 2070 2014 2129 Vlll,
2065 2070 2157 2132 5‘2,

1172 2146 1234 2197 de
1274 2145 1398 2204 Deo,
1443 2161 1530 2196 seu
1579 2145 1700 2196 Filio
1740 2144 1830 2196 Dei
1871 2145 2163 2212 praedican-

1174 2226 1255 2270 tur
1296 2219 1551 2271 humana:
1602 2216 1819 2286 Propria
1881 2218 2011 2270 Filio
2073 2234 2163 2270 sao

1171 2310 1265 2343 non
1302 2297 1508 2361 pepercit
1551 2293 1699 2353 Deua,
1755 2293 1835 2343 sed
1885 2309 1977 2360 pro
2027 2292 2163 2344 nobis

1172 2367 1394 2425 ‚omuibus
1435 2368 1636 2418 tradidit
1683 2367 1841 2418 ilium.
1904 2365 2020 2418 >Una
2085 2373 2163 2418 est

1174 2458 1293 2509 ergo
1332 2439 1518 2492 Christi
1561 2441 1646 2492 Dei
1689 2449 1739 2492 et
1780 2440 1998 2492 hominis
2046 2439 2165 2491 Per·

1174 2531 1295 2566 sona
1335 2531 1495 2583 eaque
1536 2515 1730 2578 divina3
1783 2514 1912 2565 alias
1975 2513 2163 2566 allatae

1176 2589 1388 2640 biblicae
1434 2589 1719 2642 sententiae
1783 2587 1939 2640 falsae
1997 2588 2163 2659 forent

1174 2670 1225 2714 et
1264 2664 1586 2716 reiiciendae.

1246 2738 1299 2788 2.
1347 2737 1402 2789 In
1455 2737 1700 2805 Symbolis
1757 2734 1983 2788 Ecclesia
2022 2734 2162 2787 clare.

1177 2811 1443 2877 profitetur
1482 2814 1664 2880 dogma
1705 2811 1767 2862 de
1826 2826 1928 2862 una
1977 2808 2163 2862 Christi

1178 2885 1263 2937 Dei
1304 2893 1354 2937 et
1395 2885 1611 2936 hominis
1652 2884 1893 2936 Persona.
1944 2882 2073 2936 Nam
2111 2884 2161 2935 in

1174 2958 1415 3026 Symbolo
1434 2958 1701 3025 Apostolico
1730 2958 1935 3010 dicitur:
1956 2958 2163 3010 Crede...

1176 3034 1226 3083 in
1265 3032 1424 3084 Iesum
1464 3031 1718 3084 Christum
1752 3031 1938 3083 Filium
1976 3032 2080 3082 eius
2112 3048 2167 3082 it-

1177 3107 1362 3167 vacam,-
1402 3108 1488 3174 qai
1525 3114 1772 3174 conceptus
1810 3113 1876 3157 est
1896 3106 1950 3157 de
1971 3105 2168 3173 Spiritu

1176 3179 1368 3241 Sancta,
1411 3188 1554 3232 natus
1591 3188 1658 3232 est
1684 3196 1745 3232 ea:
1773 3180 1946 3234 Maria
1975 3178 2167 3246 Virqine

1177 3261 1275 3305 etc.
1324 3253 1456 3320 Ergo
1503 3255 1608 3322 ipse
1657 3253 1815 3306 Filius
1853 3253 1944 3306 Dei
1987 3253 2167 3303 unicus

1178 3327 1363 3380 dicitur
1389 3335 1686 3399 conceptus,
1726 3335 1878 3381 natus
1908 3334 2007 3380 etc.
2046 3324 2167 3378 Nul-

1224 3499 1275 3546 (a)
1299 3500 1351 3536 aa
1374 3500 1526 3546 Ρωιερρ,
1552 3511 1593 3545 ς,
1616 3502 1648 3538 e.
1720 3501 1773 3546 (4)
1796 3499 1921 3534 maim.
1941 3497 1996 3540 ιο.
2022 3494 2065 3532 1³
2085 3500 2161 3534 ete.
