2332 3860
299 166 407 219 490

228 262 519 347 probata2-
541 261 696 331 falsa,
741 267 1021 325 temeraria,
1061 263 1225 332 perni-

225 336 374 399 ciosa,
410 337 619 404 piarum
647 340 856 390 aurium
884 338 1130 408 offensae,
1170 338 1223 390 in

223 405 554 478 Apostolicam
592 410 762 464 Sedem
800 412 1072 464 iniuriosa.
1111 430 1137 460 n

299 483 353 536 2.
384 483 437 536 Si
466 485 715 538 motivum
744 487 1120 546 consideratur,
1156 499 1222 536 ex

224 571 324 625 quo
363 559 686 611 sanctissimo
735 558 882 611 Cordi
935 558 1050 611 Iesu
1102 574 1222 625 prae

223 634 440 683 caeteris
490 640 848 686 sacrosanctae
891 632 1222 685 humanitatis

224 705 456 771 partibus
493 707 729 775 specialis
760 706 930 758 cultus
971 706 1216 766 defertur,

224 777 371 830 facile
412 780 735 847 intelligitur,
767 780 989 833 eundem
1024 779 1220 831 cultum

220 853 730 907 convenientissimum
750 870 810 906 ac
839 854 1222 906 saluberrimum

222 941 356 979 esse.
386 926 515 979 Nam
545 926 643 980 Cor
687 927 800 980 Iesu
830 928 1038 996 speciali
1074 929 1220 979 modo

222 1000 495 1052 colendum
526 1002 844 1070 proponitur:
873 1011 1069 1070 propter
1093 1018 1223 1053 alno-

221 1089 347 1136 rem,
391 1091 486 1142 quo
525 1091 638 1143 erqa
678 1088 763 1127 nos
790 1076 1001 1136 emersit5
1026 1084 1222 1144 propter

221 1146 441 1210 dolores,
484 1165 602 1216 quos
644 1164 738 1217 pro
776 1150 911 1201 nobis
949 1149 1215 1209 sustinuit,
1209 1166 1221 1178 ·

221 1228 264 1274 et
305 1230 504 1291 propter
544 1223 769 1284 virtum,
822 1239 942 1291 quas
991 1222 1125 1275 nobis
1164 1222 1223 1275 ab

222 1295 419 1363 ipsomet
458 1297 777 1349 addiscendas
812 1297 1141 1365 praescripsit.

295 1366 349 1438 α)
390 1368 596 1422 Certum
639 1378 754 1432 est,
809 1370 943 1439 quod
983 1387 1050 1422 ex
1089 1385 1222 1422 com-

224 1442 368 1494 muni
408 1442 673 1496 hominum
715 1460 871 1496 sensu
921 1451 971 1496 et
1016 1451 1221 1512 recepto

223 1531 283 1568 ac
322 1518 603 1571 universali
663 1517 901 1586 loquendi
958 1534 1056 1570 usu
1095 1534 1124 1570 a
1163 1517 1215 1569 S

221 1589 485 1659 Scriptura
512 1592 619 1660 ipsa
646 1598 945 1644 consecrato
966 1621 986 1631 -
1009 1608 1094 1644 cor
1114 1599 1223 1644 tan·

220 1678 374 1732 quam
414 1667 605 1718 amoris
633 1673 684 1718 et
711 1666 1039 1719 affectionum
1074 1666 1221 1718 sedes

223 1744 508 1805 reputetur.
555 1739 673 1792 Ideo
713 1756 838 1792 sane
878 1741 1152 1791 maximum
1180 1748 1222 1791 et

214 1813 437 1881 primum
458 1815 745 1866 ntandatum
767 1815 844 1866 his
862 1815 1030 1866 verbis
1052 1815 1221 1881 expri-

221 1887 398 1938 mitur:
418 1886 602 1955 Diliqes
618 1888 884 1940 Dominum
905 1887 1061 1939 Deum
1083 1899 1221 1939 tuam

219 1975 282 2011 em
310 1968 403 2012 loto
426 1962 565 2013 corde
593 1969 672 2013 tuo
701 1960 811 2032 (1);
840 1969 891 2014 et
922 1962 1060 2013 Deus
1087 1977 1223 2014 amo·

220 2049 330 2085 rem
372 2034 637 2102 postulans
678 2035 859 2103 inquit:
902 2035 1101 2096 Praebe‚
1148 2036 1221 2104 fili

222 2107 312 2169 mi,
343 2122 430 2160 cor
462 2115 601 2161 tuum
628 2108 865 2179 mihim).
897 2137 970 2146 --
996 2108 1137 2171 Quod
1179 2109 1218 2161 si

219 2181 271 2233 in
310 2181 420 2249 ipsa
460 2181 514 2235 S.
547 2183 812 2250 Scriptura
840 2183 1056 2235 affectus
1082 2198 1220 2235 amo·

220 2255 291 2307 ris
332 2257 605 2324 praecipuo
645 2257 865 2325 quodam
892 2257 1042 2309 modo
1079 2257 1217 2309 cordi

220 2327 449 2382 humano
488 2331 794 2384 adscribitur
834 2337 883 2383 et
924 2332 975 2383 in
1017 2332 1112 2383 isto
1146 2347 1222 2383 re-

219 2403 388 2455 sidere
427 2403 648 2463 dicitur,
681 2434 703 2443 -
731 2405 1015 2457 rectissime
1065 2405 1219 2457 etiam

220 2474 469 2545 Conlesu
512 2484 758 2548 tanquam
798 2479 947 2531 sedes
986 2494 1077 2531 seu
1125 2479 1221 2530 sal-

222 2558 328 2605 tem
350 2559 595 2621 tanquam
622 2553 917 2622 symbolum
939 2554 1220 2604 immensae

221 2624 359 2678 illius
396 2626 663 2679 charitatis
695 2632 747 2679 et
781 2629 970 2680 amoris
1011 2626 1216 2688 colitur,

221 2714 320 2766 quo
360 2699 595 2753 Christus
635 2707 710 2753 tot
743 2716 804 2753 ac
844 2708 987 2753 tanta
1017 2717 1106 2768 pro
1135 2716 1221 2753 no-

223 2771 299 2824 bis
337 2773 458 2826 fecit
495 2781 548 2826 et
587 2790 859 2844 perpessus
898 2781 977 2827 est
1024 2774 1088 2826 ad
1130 2790 1221 2825 nos

222 2846 578 2909 redimendOS‚
622 2864 684 2900 ac
725 2849 1078 2916 potissimum,
1121 2863 1220 2915 quo

224 2934 313 2987 pro
357 2922 500 2974 nobis
540 2922 761 2974 instituit
800 2922 876 2974 Ss.
918 2920 1220 2974 Sacramen-

225 3000 334 3045 tum
362 2993 597 3063 Corporis
625 3003 675 3048 et
703 2995 980 3063 Sanguinis
1008 2994 1105 3062 sui,
1123 3011 1220 3063 quo

225 3068 483 3135 pascimur
515 3076 572 3121 ⁴et
613 3076 867 3138 potamur.
901 3069 967 3120 Et
993 3070 1105 3137 quis
1135 3085 1221 3119 ne-

223 3141 386 3207 gabit,
429 3144 970 3195 convenientissimum
1001 3159 1133 3204 esse,
1167 3149 1221 3193 ut

225 3213 458 3267 homines
496 3215 909 3284 frequentissime
946 3216 1130 3268 devoto
1168 3232 1223 3268 a·

226 3287 365 3340 nimo
403 3287 709 3342 immensam
738 3290 878 3343 illam
918 3290 1222 3343 charitatem

144 3423 146 3426 .
223 3361 487 3424 recolant,
530 3378 631 3431 qua
670 3379 699 3416 e
737 3365 986 3417 servitute
1026 3363 1222 3432 peccati

272 3491 316 3534 (ι)
346 3470 468 3526 manin.
484 3490 542 3528 εει.
569 3490 620 3525 37.

267 3535 320 3577 1³1
346 3535 539 3577 manaae,
564 3535 607 3570 ³⁷2
630 3540 701 3571 ete,
814 3492 866 3536 (Ξ)
895 3493 1138 3530 Proverme.
1164 3492 1221 3529 se

822 3536 875 3580 (4)
902 3538 1027 3572 Psalm-
1056 3538 1112 3581 21,
1138 3537 1190 3573 15.

636 183 700 221 mi
738 184 832 222 mm
871 183 1005 221 Mes!
1047 183 1236 221 HUMAN!
1273 176 1479 221 GENERIS
1520 183 1863 228 REDEMPTORE.

2178 0 2332 199 i

1285 262 1515 328 liberati,
1556 262 1650 322 filii
1690 263 1780 317 Dei
1819 268 1873 316 et
1908 239 2158 323 haeredes
2195 237 2332 334 ate-523

1286 342 1464 397 ternae
1501 336 1695 404 gloriae
1734 337 1999 390 constituti
2037 337 2181 392 sunt?
2217 294 2332 398 Εἶθ’-τέ

1284 411 1398 478 quis
1437 426 1538 463 non
1577 418 1872 480 cognoscet,
1903 410 2036 473 hanc
2061 408 2332 482 eandem'atff

1287 485 1421 551 piam
1477 485 1941 541 considerationem
1996 483 2308 538 efficacissiae

1287 573 1421 610 mam
1461 574 1573 610 esse
1612 558 1676 610 ad
1704 566 1878 627 gratos
1911 558 2070 610 animi
2097 562 2332 622 sensus-j⁴

1283 638 1335 683 et
1374 632 1532 684 divini
1573 634 1761 686 amoris
1814 632 2029 685 aflectus
2082 633 2132 683 in
2173 635 2332 698 cor-33„

1284 705 1432 758 dibus
1473 706 1736 758 hominum
1776 705 2119 759 excitandos?
2178 705 2309 759 lstet·

1284 786 1362 831 est
1389 786 1563 832 autem
1589 780 1861 846 primarius
1888 780 2023 838 finis,
2048 781 2097 831 in
2127 795 2298 848 quem*

1283 853 1454 905 cultus
1493 855 1797 905 sanctissimi
1830 853 2005 906 Cordis
2033 852 2146 906 lesu
2174 860 2281 906 ten·
2302 860 2318 914 j*

1284 928 1376 979 dit.
1409 957 1480 966 —
1508 926 1554 997 b)
1597 926 1830 980 Christus
1870 933 2074 996 praeter
2111 934 2332 979 exter--

1287 1017 1375 1053 nos
1415 1002 1639 1068 corporis
1678 1003 1937 1053 cruciatus
1974 1002 2128 1054 etiam
2170 1001 2280 1068 plu·
2304 1035 2332 1071 ,-

1285 1077 1439 1127 rimos
1480 1076 1806 1144 maximeque
1839 1074 2052 1127 acerbos
2079 1074 2323 1137 dolores?

1284 1150 1513 1201 internos
1570 1150 1835 1201 sustinuit.
1891 1147 2085 1202 Futura
2142 1149 2321 1200 enim*

1283 1222 1553 1290 supplicia
1596 1239 1728 1292 quae
1767 1229 1888 1275 ante
1928 1222 2103 1275 oculos
2142 1237 2282 1274 men·

1285 1297 1347 1349 tis
1387 1296 1596 1360 habuit3
1640 1297 1851 1349 humani
1891 1298 2096 1364 generis
2134 1297 2283 1348 innu-

1286 1386 1423 1422 mera
1464 1376 1674 1438 peccata
1713 1371 2038 1439 gravissima,
2070 1386 2200 1439 quae
2228 1371 2313 1422 in
2300 1403 2332 1475 e

1283 1460 1337 1496 se
1371 1445 1598 1512 suscepit
1635 1459 1697 1496 ac
1735 1460 1910 1496 amare
1949 1444 2178 1508 deflevit3
2209 1444 2282 1496 in-

1283 1518 1541 1585 gratitudo
1599 1516 1864 1571 hominum
1925 1524 1976 1569 et
2021 1482 2324 1612 damnatio}

1283 1559 1654 1659 plurimorum,
1699 1609 1800 1645 non
1842 1591 2078 1644 obstante
2117 1592 2320 1660 duris-'

1284 1667 1410 1718 sima
1453 1667 1690 1734 passione
1747 1673 1799 1718 et
1838 1672 2001 1718 morte
2054 1682 2144 1733 pro
2183 1635 2327 1718 ΒΘ-’ἷἰ

1284 1740 1548 1807 demptore
1590 1747 1761 1792 nostro
1813 1739 2084 1791 ineffabilis
2119 1737 2280 1792 tristi·
2298 1737 2332 1791 ἰὴ

1285 1815 1384 1866 tiae
1424 1830 1611 1866 causae
1642 1814 1869 1867 fuerunt.
1903 1813 2019 1864 Ideo
2046 1812 2278 1865 Christus

1284 1889 1333 1939 in
1375 1888 1540 1940 horto:
1573 1885 1736 1955 Coepit
1763 1887 2045 1939 contristari
2077 1895 2121 1939 et
2159 1883 2330 1938 moe-‘s-

1283 1970 1383 2013 ειυς
1422 1978 1539 2026 esse;
1583 1961 1811 2030 dixitque
1851 1960 2114 2028 discipulis
2148 1960 2329 2012 suis:

1287 2035 1460 2087 Tristis
1480 2044 1547 2087 est
1568 2036 1735 2087 anima
1762 2051 1865 2087 mea
1894 2050 2044 2102 usque
2071 2035 2135 2087 ad
2153 2049 2278 2086 mor·
2303 2030 2328 2061 7

1285 2117 1375 2161 lem
1403 2108 1501 2179 (3).
1546 2108 1833 2161 'Tristitiam
1870 2115 2062 2174 autem,
2087 2108 2307 2177 quam-[-

1284 2184 1360 2234 vis
1399 2184 1450 2235 in
1492 2183 1662 2234 anima
1704 2182 1924 2234 resideat
1964 2182 2118 2234 etiam
2169 2197 2279 2234 cor·

1285 2273 1377 2324 pus
1404 2255 1625 2316 afficere,
1657 2262 1708 2308 et
1734 2257 2004 2324 praecipue
2032 2271 2119 2308 cor
2145 2271 2279 2308 com-

1285 2332 1503 2398 primere
1535 2337 1586 2382 et
1613 2338 1972 2398 contorquere,
2016 2329 2278 2397 experien-

1284 2406 1352 2456 tia
1382 2405 1548 2458 docet.
1582 2403 1713 2456 Hinc
1739 2404 1939 2457 dolores
1966 2403 2178 2456 Messiae
2206 2404 2292 2455 ine&

1284 2479 1414 2530 terni
1475 2478 1553 2530 his
1605 2478 1776 2530 verbis
1816 2477 2060 2545 praedicti
2120 2482 2284 2530 sunt·

1283 2552 1485 2604 Factum
1512 2558 1579 2603 est
1605 2567 1687 2603 cor
1716 2567 1879 2603 meum
1906 2559 2144 2618 tanquam
2169 2564 2281 2603 cera

1283 2626 1549 2693 liquescens
1587 2626 1639 2676 in
1666 2625 1820 2677 medio
1846 2625 2028 2676 veneris
2055 2625 2150 2675 mei
2177 2621 2294 2694 (lt)3

1282 2707 1352 2751 et:
1395 2698 1494 2751 Cor
1530 2714 1691 2750 meum
1739 2698 2080 2750 conturbatum
2120 2705 2187 2750 est
2225 2697 2287 2751 in

1283 2789 1374 2833 me,
1417 2780 1460 2824 et
1498 2773 1711 2839 formido
1749 2772 1920 2824 mortis
1950 2772 2283 2839 ceciditsupe
2271 2810 2285 2835 „

1396 2843 1494 2916 (5).
1558 2846 1707 2899 Certe
1763 2846 1919 2899 sudor
1965 2845 2216 2929 sanguine
2251 2863 2284 2890 σι

1284 2920 1468 2972 Christi
1499 2920 1740 2972 Domini'
1729 2937 1778 2972 in
1810 2919 1956 2972 horto
1985 2919 2184 2971 nonnisi
2211 2915 2283 2970 e'i‘?

1284 2995 1508 3046 maxima
1549 2994 1926 3061 compressione
1953 2993 2148 3058 cordiS‚
2187 3006 2280 3065 seg

1283 3085 1348 3120 ex
1389 3068 1839 3119 vehementissima
1881 3066 2279 3135 perturbatione

1283 3157 1435 3224 quam
1475 3148 1703 3210 systema
1732 3140 1999 3194 vasculare
2037 3154 2128 3192 seu
2166 3151 2278 3211 san-

1283 3216 1549 3282 guineum,
1592 3217 1739 3267 cuius
1766 3220 2026 3268 centrum
2036 3228 2124 3265 cor
2162 3225 2222 3266 co
2244 3263 2275 3276 ,

1283 3290 1470 3349 stituit,
1512 3305 1542 3340 a
1582 3303 1783 3340 summa
1824 3286 2027 3340 tristitia
2070 3299 2276 3363 passu

1284 3368 1381 3424 est,
1425 3362 1674 3430 explicari
1713 3366 1878 3430 potest
1917 3357 2015 3432 (6).
2058 3354 2211 3452 Quod
2238 3381 2250 3422 -3¹

2079 3479 2100 3486 .-

1326 3489 1380 3575 55)
1405 3492 1532 3526 Psalm.
1559 3491 1615 3531 54
1633 3491 1663 3526 ὅ.
2220 3523 2221 3526 ,
2243 3522 2246 3523 γ

1344 3536 1380 3577 ὃ)
1405 3535 1460 3571 Cf
1478 3536 1523 3570 ca
1529 3535 1709 3570 'tuetDiss
1735 3533 1961 3576 casanaula.
1984 3529 2115 3569 Christi
2131 3539 2197 3579 sy
2218 3571 2242 3592 ἐν
