2332 3860
31 11 33 16 ,
90 0 96 5 '
131 0 174 11 (**
230 2 234 10 i

0 0 120 43 f

39 375 46 395 ‹-

44 404 58 449 ἢ

6 0 105 74 ἣν
132 64 138 77 ,,

40 161 66 188 t)v
78 172 81 175 ν

39 279 48 292 o

503 281 542 342 ς
571 281 709 328 τω.

196 373 248 412 uc
266 371 387 408 divim
409 379 535 407 rerum
552 370 721 406 omnium
742 371 1036 407 conservatione.

198 455 529 510 conservatio
568 461 646 508 est
683 471 811 523 opus
828 455 918 508 Dei
947 462 1110 507 exter·

127 546 271 591 num,
313 546 403 583 seu
442 536 588 582 actus
615 529 818 582 divinae
840 528 1109 597 providen-

126 606 245 672 tiae,
282 619 382 673 quo
421 602 560 656 Deus
598 618 680 656 res
708 603 971 655 universas
998 609 1106 654 tum

100 678 287 749 ‘quoad
308 677 646 737 substantiam
674 675 970 742 earundem,
999 683 1105 728 tum

38 767 48 802 ς
123 753 287 822 quoad
326 752 595 804 facultates
634 758 685 803 et
724 753 859 803 vires
898 751 1101 818 agendi,

125 842 250 896 quas
288 827 485 879 naturis
523 826 739 893 singulis
777 826 826 877 in
850 826 1106 877 creatione

44 903 46 906 ’
125 900 324 967 indidit,
364 901 414 951 in
467 906 606 953 statu
671 915 762 951 suo
827 905 1101 960 sustentat,

75 1023 79 1027 .
125 982 182 1028 ut
222 990 311 1042 per
349 981 548 1027 certum
587 974 828 1041 temporis
865 974 1106 1042 spatium,

127 1055 276 1118 prout
314 1050 595 1117 sapientiae
635 1049 791 1116 ipsius
820 1049 984 1099 visum
1013 1055 1107 1113 est,

126 1139 238 1176 esse
277 1130 512 1192 pergant.
556 1121 706 1175 quta
735 1129 963 1174 nostrum
991 1137 1109 1173 con-

50 1262 54 1265 ,
124 1197 342 1265 cipiendi
382 1197 587 1249 modum
652 1197 840 1249 creatio
903 1196 1105 1265 quidem

128 1272 278 1325 unico
333 1278 472 1332 actu,
532 1287 623 1324 seu
687 1270 902 1338 simplici
955 1270 1108 1331 verbo

54 1375 62 1378 ··
126 1348 212 1417 fiat
244 1346 549 1411 absolvitur;
593 1345 911 1397 conservatio
935 1352 1106 1396 autem

129 1421 479 1474 continuatam
520 1421 772 1471 actionem
800 1420 1007 1486 exigere
1036 1420 1109 1470 vi-

52 1555 53 1558 ,
128 1495 312 1547 detur:
355 1495 442 1546 sed
485 1494 638 1561 probe
680 1494 957 1546 notandum
1011 1499 1105 1554 est,

126 1569 292 1622 Deum
310 1570 522 1637 tempori
544 1568 829 1620 subiectum
860 1584 958 1620 non
975 1584 1105 1628 esse,

62 1659 66 1661 ·
127 1651 278 1712 atque
318 1643 429 1695 ideo
469 1643 601 1694 sicut
646 1644 979 1701 creationem,
1043 1643 1110 1694 ita

128 1726 179 1770 et
217 1716 656 1769 conservationem
699 1717 807 1770 sine
871 1718 1111 1784 temporis

127 1791 386 1859 dispendio
428 1807 528 1843 uno
567 1792 930 1858 omnipotentis
969 1797 1019 1842 et
1055 1790 1113 1841 li-

127 1866 374 1919 berrimae
431 1864 710 1917 voluntatis
750 1866 952 1917 divinae
992 1871 1109 1916 actu

129 1940 325 2009 perfici,
353 1945 404 1991 et
427 1939 592 1991 solum
620 1939 832 1991 effectus
851 1956 942 1992 seu
970 1954 1111 1991 crea·

0 2014 1 2019 ’
55 2062 58 2064 ,
128 2022 290 2076 turaS,
333 2029 463 2082 quae
502 2021 890 2081 conservantur,
920 2021 1112 2080 tempo-

128 2091 197 2142 ris
218 2088 581 2141 mutationibus
602 2096 653 2141 et
679 2089 1113 2141 vicissitudinibus

67 2203 71 2206 .
131 2163 337 2215 subiici:
380 2177 446 2214 ex
497 2179 595 2231 quo
660 2163 816 2215 etiam
880 2168 1109 2231 apparet,

127 2236 291 2290 Deum
319 2237 404 2304 qui
432 2238 556 2303 agit,
588 2254 617 2289 a
644 2239 895 2289 creaturis
921 2239 970 2289 in
989 2251 1114 2306 quas

132 2312 257 2378 agit,
302 2311 496 2364 infinite
535 2311 834 2364 distinctum
875 2328 1005 2364 esse.
1042 2343 1115 2353 —-

131 2383 334 2446 Omnia,
378 2401 508 2453 quae
546 2401 575 2437 a
614 2384 720 2437 Deo
761 2393 934 2438 creata
972 2394 1109 2445 sunt,

129 2459 195 2512 ab
258 2459 435 2512 eodem
487 2460 639 2511 etiam
678 2460 969 2512 conservari
1012 2461 1113 2512 iam

59 2537 80 2549 ⁰
129 2549 196 2585 ex
236 2533 296 2586 iis
337 2538 494 2601 patet,
537 2549 667 2601 quae
706 2534 768 2586 de
797 2534 1111 2603 providentia

131 2607 301 2659 divina
340 2609 391 2659 in
431 2622 619 2674 genere
659 2607 792 2661 dicta
832 2616 971 2660 sunt.
1021 2611 1114 2661 Ast

131 2679 259 2733 haec
298 2682 474 2733 eadem
516 2684 835 2735 conservatio
885 2683 1117 2750 speciali·

132 2754 228 2807 bus
260 2756 414 2807 etiam
440 2758 758 2822 argumentis
787 2757 984 2824 probari
1013 2765 1118 2825 pot·

135 2836 231 2882 est.

212 2903 263 2956 1.
297 2901 351 2956 S.
399 2899 657 2972 Scriptura
697 2903 821 2956 satis
859 2903 996 2956 clare
1034 2904 1119 2957 do-

135 2983 246 3044 cet,
307 2980 535 3041 omnium
599 2994 770 3030 rerum
833 2984 1118 3030 creatarum

136 3049 495 3112 substantiam,
569 3052 722 3104 vitam
791 3052 1028 3119 viresque
1091 3069 1120 3104 a

69 3183 72 3186 ,
137 3123 242 3176 Deo
273 3126 584 3180 conservari.
612 3125 696 3177 iob
736 3141 854 3178 cum
886 3125 1116 3178 dixissvt:

139 3196 258 3261 Quis
308 3201 535 3267 iquorat,
603 3199 729 3268 quod
784 3202 947 3252 omnia
1012 3201 1123 3253 haec

138 3286 314 3326 manus
353 3273 552 3326 Domini
588 3273 788 3341 fecerit?
845 3274 1014 3326 addit:
1064 3275 1122 3326 Ιιι

62 3336 71 3354 “
140 3345 279 3410 ouius
330 3363 483 3399 maim
538 3348 706 3399 anima
761 3349 916 3400 omnis
974 3350 1123 3402 viven-

74 3430 98 3475 ‘J

141 3416 204 3469 tis
229 3458 242 3478 ,
303 3424 346 3471 el
383 3421 586 3487 spiritus
643 3422 893 3475 universae
956 3426 1124 3475 carnis

186 3518 234 3563 (r,
259 3518 332 3555 lob.
368 3518 423 3562 ια,
450 3530 478 3555 v.
507 3522 528 3555 υ
550 3527 588 3556 et
607 3519 661 3558 ιο.
1036 3497 1038 3499 ’

75 3787 114 3820 232.
147 3801 155 3806 ,

66 3830 126 3860 m

738 153 856 191 PARS
891 151 946 191 ss.
986 150 1158 191 ssscno
1190 155 1245 191 Π.
1289 152 1442 193 CAPUT
1477 150 1514 188 Ι.

1973 103 2083 188 597

1170 233 1378 288 hominis
1405 229 1500 303 (sse
1545 245 1636 300 per
1671 245 1872 282 manum
1900 245 2020 284 vero
2045 231 2152 299 ipsa

1170 308 1394 377 operatio
1407 304 2028 372 divinajntelligiturqua
2047 307 2151 358 vita

1170 382 1387 436 hominis
1425 385 1759 433 sustentatur.
1798 378 1881 431 Ps.
1924 375 2150 439 cxviii,

1170 456 1257 523 90,
1296 462 1416 510 etc.:
1459 453 1700 506 Fundasti
1739 459 1944 513 terram,
1983 458 2027 503 et
2047 467 2155 519 per-

1168 537 1345 582 manet.
1410 527 1725 582 Ordinationc
1763 534 1851 580 tua
1886 535 2155 593 perseverat

1167 604 1267 656 dies
1305 604 1535 672 quoniam
1572 602 1737 654 omnia
1774 600 1988 653 serviunt
2036 598 2149 658 tibi,

1167 678 1217 729 id
1280 685 1357 730 est
1380 718 1393 744 ,
1456 675 1817 743 omnipotentis
1879 673 2156 735 voluntatis

1169 758 1287 804 tuae
1351 751 1656 804 ordinationi
1715 749 1946 802 subiecta
2009 752 2150 799 sunt.

1167 826 1423 878 Divinitus
1443 827 1614 878 omnia
1636 823 1930 876 conservari
1946 821 2152 881 debere,

1169 908 1223 951 ut
1252 916 1363 952 esse
1387 906 1622 967 pergant,
1653 898 1792 952 clare
1818 897 2005 949 dicitur
2030 894 2151 962 Sap.

1167 973 1259 1034 XI,
1304 975 1401 1026 26:
1461 973 1708 1037 Quomodo
1753 979 1910 1041 posset
1966 968 2159 1038 aliquid

1163 1064 1449 1117 permanere
1490 1049 1591 1100 nisi
1630 1056 1683 1099 tu
1743 1044 2011 1098 voluisses?
2069 1049 2159 1096 auc

1168 1123 1294 1191 quod
1332 1139 1361 1175 a
1402 1131 1444 1175 te
1471 1129 1689 1176 vocatum
1727 1136 1823 1172 non
1862 1126 2000 1179 esset,
2049 1133 2160 1171 con-
2244 1179 2251 1182 μ

1167 1196 1726 1250 servarclur?-—Deum
1745 1195 1808 1246 de
1833 1194 2087 1260 omnibuS,
2109 1198 2161 1244 et

1170 1272 1468 1340 praesertim
1484 1271 1546 1323 de
1569 1270 1857 1323 hominibus
1875 1283 2050 1320 curam
2073 1282 2162 1334 ge-

1171 1362 1302 1408 rere,
1321 1353 1373 1400 et
1391 1362 1523 1415 quae
1542 1345 1606 1398 ad
1627 1344 2070 1397 conservationem
2092 1341 2163 1393 vi-

1174 1428 1253 1473 tae
1285 1422 1574 1473 necessaria
1610 1427 1750 1481 sunt,
1778 1426 1989 1486 paterna
2016 1415 2157 1469 boni-

1173 1502 1276 1548 tate
1295 1495 1639 1563 suppeditare,
1671 1492 1993 1561 apertissime
2015 1490 2164 1543 docet

1172 1568 1424 1628 Christus,
1448 1585 1563 1621 cum
1586 1569 1727 1621 dicit:
1752 1567 1828 1619 Ne
1846 1566 2038 1619 solliciti
2057 1564 2162 1617 silis

1172 1645 1367 1696 animae
1382 1643 1437 1714 (i.
1459 1660 1506 1695 e.
1524 1643 1679 1713 vitae)
1694 1650 1886 1705 vestrae,
1901 1639 2019 1709 quid
2029 1654 2166 1691 man-

1173 1719 1382 1784 duccliS,
1425 1734 1574 1785 neque
1611 1716 1802 1786 corpori
1837 1723 2011 1773 vestro,
2043 1713 2164 1782 quid

1174 1793 1477 1844 induamini.
1517 1791 1691 1844 Nonne
1742 1793 1908 1842 anima
1943 1788 2053 1857 plus
2098 1794 2164 1839 cst

1173 1883 1318 1934 quam
1358 1883 1480 1921 esca.
1505 1874 1548 1917 el
1574 1881 1748 1930 corpus
1785 1863 1893 1932 plus
1921 1877 2067 1930 quam
2089 1877 2165 1913 ve·-

1173 1939 1494 1993 slimentum?
1521 1939 1749 2008 Respicite
1769 1937 1986 1990 volatilia
2025 1936 2160 1997 coel-i,

1174 2016 1408 2083 quoniam
1446 2031 1542 2066 non
1562 2021 1750 2072 serunt,
1779 2028 1930 2080 neque
1956 2017 2160 2072 melum,

1174 2107 1325 2157 neque
1388 2097 1678 2157 conqre-yant
1736 2089 1789 2139 in
1852 2086 2089 2148 horrea,·
2121 2091 2165 2136 cl

1177 2162 1327 2216 Pater
1363 2171 1515 2216 vester
1573 2163 1780 2215 coelestis
1835 2163 1991 2230 pascit
2055 2158 2159 2212 illa.

1177 2239 1349 2290 Nonne
1389 2254 1464 2290 vos
1505 2238 1657 2303 maqis
1693 2236 1856 2305 plures
1888 2237 1998 2287 estis
2038 2231 2167 2286 illis?

1177 2312 1296 2375 Quis
1334 2321 1493 2363 autem
1533 2320 1745 2362 vestrum
1792 2311 2004 2377 coqilcms
2065 2316 2165 2375 pol-

1178 2395 1241 2436 est
1283 2388 1490 2437 adiicere
1527 2385 1591 2436 ad
1628 2393 1867 2436 staturam
1894 2397 2035 2443 suam
2080 2398 2166 2435 cu-

1177 2461 1328 2511 bitum
1361 2475 1513 2511 unum
1535 2458 1565 2510 ‚2
1591 2459 1653 2510 Ει
1679 2459 1734 2510 de
1754 2459 2028 2510 vestimento
2049 2456 2166 2524 quid

1176 2534 1368 2586 solliciti
1406 2534 1516 2585 estis
1544 2532 1574 2585 ,9
1612 2533 1909 2585 considerate
1960 2531 2166 2584 liliac-

1177 2609 1255 2676 9ri
1275 2608 1506 2676 quomodo
1528 2615 1767 2669 crcscunl3
1803 2622 1898 2658 non
1926 2604 2163 2665 laborant,

1179 2699 1328 2750 neque
1367 2690 1498 2743 nom.
1547 2682 1667 2733 Dico
1692 2690 1852 2733 aulem
1873 2679 2022 2738 vobis,
2054 2696 2168 2748 quo-

1180 2757 1313 2809 niam
1363 2772 1450 2808 nec
1483 2754 1712 2809 Salomon
1747 2756 1799 2807 in
1840 2755 1972 2806 omin‘
2010 2753 2166 2821 cloria

1181 2847 1278 2883 sua
1316 2840 1559 2898 coopertus
1597 2837 1685 2890 est,
1729 2830 1850 2881 sicut
1895 2844 2050 2880 unum
2104 2845 2166 2881 ex

1182 2906 1305 2956 istis.
1352 2904 1412 2957 Si
1451 2915 1614 2956 autem
1651 2905 1848 2971 foenum
1873 2905 2002 2971 aori,
2032 2903 2164 2971 quod

1182 2979 1316 3030 hodie
1354 2987 1440 3038 est,
1482 2986 1525 3030 et
1559 2994 1668 3031 cras
1696 2977 1749 3029 in
1785 2977 2028 3030 clibanum
2054 2978 2164 3030 mil-

1183 3053 1323 3112 titur,
1367 3051 1496 3112 Deus
1542 3052 1611 3103 sic
1650 3052 1805 3110 vestit,
1859 3061 2040 3120 quanto
2067 3070 2163 3106 ma-

1182 3127 1254 3192 9is
1282 3142 1376 3186 003,
1421 3126 1631 3178 modicae
1669 3126 1777 3195 fidei
1799 3125 1832 3180 ,2
1858 3126 1953 3197 (2).
1978 3127 2164 3180 Paulus

1184 3200 1245 3252 de
1279 3199 1383 3251 Deo
1423 3201 1492 3251 ita
1536 3199 1786 3268 loquitur:
1830 3199 2164 3271 Qaiimprae-

1185 3274 1338 3325 teritis
1395 3274 1850 3342 yeneralionibus...
1906 3292 2002 3328 non
2062 3279 2164 3328 sine

1185 3348 1452 3399 testimonio
1489 3349 1791 3417 semetipsum
1829 3350 2026 3418 reliquit
2091 3349 2162 3403 bo-

1185 3422 1424 3488 nefaciens
1463 3422 1518 3474 dc
1555 3423 1710 3485 coelo,
1752 3424 1874 3476 datis
1930 3423 2121 3493 pluvias
2146 3463 2158 3485 ,

1229 3522 1283 3567 (2)
1306 3522 1432 3559 Maith.
1456 3523 1490 3567 6,
1515 3522 1577 3567 2¹5,
1595 3529 1665 3559 etc.
