2332 3860
241 240 369 292 teris
404 240 692 310 principiiS,
724 243 878 295 etiam
919 241 1241 295 evidentissi-‘¹

238 313 357 373 mis,
390 315 474 368 ita¹
496 315 559 367 de
587 315 914 383 dogmatibus
942 331 1145 385 quoque
1164 331 1240 370 se-

238 387 374 440 rium
402 405 464 441 ac
499 390 778 457 positivum
818 389 1031 442 dubium
1071 389 1242 442 conci-

240 462 432 530 piatum
465 462 584 515 dein
614 464 793 519 critice
832 464 1128 531 indagetur,
1172 479 1237 515 an

240 535 473 588 doctrina
515 553 640 589 vere
680 553 709 590 a
749 536 951 589 Christo
1006 536 1238 589 revelata

238 610 341 661 sit:
385 606 546 679 porro*
594 612 731 664 circa
779 627 988 663 sensum
1045 612 1232 678 ipsiuS,

237 686 628 750 grammaticae,
673 686 883 737 criticae
925 692 976 737 et
1016 685 1237 752 pbiloso-

239 757 419 825 phicae
459 759 813 826 inquisitiones
854 759 1231 822 instituantur3

237 832 338 883 imo
378 829 488 900 ip'sa
527 833 735 885 interna
774 834 968 884 veritas
1007 834 1233 885 examini

237 906 578 967 subjiciatur,
624 915 679 959 ut
737 914 1111 974 cognoscatur,
1168 924 1231 958 an

238 981 395 1032 certis
433 980 646 1032 rationis
697 981 1075 1048 cognitionibus
1115 997 1237 1033 con-

238 1053 477 1116 tradicat,
521 1070 617 1106 nec
646 1071 730 1116 ne,
770 1062 826 1107 ut
866 1056 938 1108 sic
967 1055 1175 1107 tandem
1204 1073 1232 1108 a

238 1128 436 1180 ratione
476 1129 722 1180 iudicium
763 1129 883 1181 ferri
933 1130 1123 1197 possit,
1168 1146 1234 1182 an

238 1201 470 1255 doctrina
497 1203 817 1255 admittenda
853 1204 937 1264 sit,
982 1203 1066 1255 vel
1107 1220 1229 1256 non.

235 1305 309 1316 --
334 1275 507 1328 Facile
533 1284 707 1330 autem
737 1278 1045 1339 ostenditur,
1078 1294 1233 1346 quam

236 1350 540 1414 absurdum,
572 1358 623 1403 et
642 1353 858 1420 impium
886 1351 982 1404 hoc
1004 1360 1232 1420 systema

236 1424 515 1477 dicendum
574 1427 658 1477 sit.
722 1425 852 1477 Nam
911 1423 961 1495 a)
1016 1427 1229 1479 dubium

236 1499 569 1560 universale,
626 1499 687 1552 de
728 1500 959 1567 qualibet
1012 1501 1230 1553 veritate

232 1572 586 1635 excitandum,
619 1574 857 1641 putidum
900 1573 1097 1626 redolet
1124 1591 1228 1626 sce-

229 1647 544 1713 pticismum‚
589 1649 675 1715 qui
717 1649 888 1699 sensui
930 1648 1108 1699 intimo
1150 1665 1229 1700 re-

226 1728 448 1786 pugnat,
480 1727 531 1772 et
559 1736 587 1771 a
610 1720 952 1789 PhilosophiS,
985 1737 1046 1773 ac
1068 1722 1227 1773 Theo-

224 1793 357 1860 logis
398 1795 499 1846 iam
528 1795 653 1846 satis
687 1811 943 1863 superque
972 1795 1228 1847 refutatus

224 1874 324 1919 est.
372 1865 417 1937 b)
459 1867 603 1919 Sicut
642 1868 826 1920 domus
865 1869 1221 1930 fundamenta,

222 1942 295 1993 ita
337 1942 597 2010 quaelibet
626 1942 977 2010 philosophica
1019 1943 1226 1994 conclu·

223 2016 299 2066 sio
343 2017 498 2067 certis
539 2016 803 2084 principiis
857 2017 1006 2067 inniti
1048 2017 1219 2069 debet.

223 2091 321 2140 Ast
361 2090 410 2140 si·
445 2092 507 2141 de
547 2091 787 2142 omnibus
832 2091 1115 2157 principii5‚
1163 2091 1225 2142 de

222 2162 286 2214 iis
315 2178 449 2231 quae
472 2163 629 2215 dictat
650 2180 833 2216 sensus
861 2165 1093 2226 intimus,
1123 2166 1223 2216 imo

222 2237 366 2288 etde
406 2238 682 2290 existentia
711 2254 771 2290 ac
812 2239 1047 2290 realitate
1088 2239 1223 2291 obie-

224 2310 361 2362 ctiva
398 2313 586 2379 proprii
616 2312 719 2380 qu
748 2312 1089 2366 dubitandum
1121 2320 1218 2374 est,

222 2383 389 2452 qualis
431 2385 704 2438 habebitur
745 2402 926 2438 secura
970 2388 1136 2448 basiS,.
1157 2403 1221 2438 ex

223 2473 321 2525 qua
345 2458 698 2527 philosophica
741 2461 1001 2530 inquisitio
1046 2477 1220 2529 proce-

220 2532 338 2592 dat,
382 2539 433 2583 et
474 2533 538 2584 ad
582 2535 818 2586 veritatis
873 2535 1218 2602 cognitionem

219 2605 516 2671 perducat?
558 2606 871 2675 Sibimetipsi
912 2609 1220 2660 contradicit

219 2678 551 2742 Hermesius,
598 2681 719 2732 dum
762 2683 1073 2750 principium
1113 2699 1221 2734 cer-

222 2760 332 2802 tum
361 2794 372 2814 ,
417 2754 546 2805 nulli
586 2755 741 2807 dubio
793 2756 1083 2808 subiectum
1112 2797 1123 2818 ‚
1169 2764 1219 2808 et

222 2824 365 2877 nulla
405 2831 857 2894 argumentatione
899 2846 1077 2898 egens,
1117 2846 1216 2881 non

220 2899 485 2964 admittit3
530 2909 581 2953 et
622 2910 793 2955 tamen
836 2919 903 2955 ex
942 2904 1218 2973 analyticis

221 2973 704 3041 investigationibus
726 2977 1082 3030 conclusiones
1111 2995 1215 3029 cei-

223 3053 303 3098 tas
325 3046 614 3114 pollicetur.
639 3047 682 3120 c)
705 3050 1050 3135 Quicunque
1038 3068 1090 3103 in
1122 3053 1218 3104 Re-

222 3119 412 3188 ligione
451 3121 751 3187 christiana,
790 3126 936 3177 cuius
975 3126 1218 3178 divinitas

222 3193 542 3247 solidissimis
581 3201 901 3263 argumentis
948 3199 1213 3282 probatur,

222 3270 275 3319 et
312 3268 364 3319 in
406 3236 671 3322 Ecclesia⁰
676 3271 948 3334 catholica,
981 3274 1044 3326 de
1070 3274 1218 3327 cuius

222 3340 586 3395 infallibilitate
626 3343 847 3397 dubitari
889 3349 1088 3416 nequit,
1133 3363 1220 3400 na·

222 3421 305 3468 tus
344 3420 397 3467 et
435 3415 668 3470 eruditus
708 3425 807 3482 est,
852 3421 1100 3476 veritates
1141 3436 1218 3474 re-

267 3515 313 3559 Ἰ)
340 3515 430 3551 Phil.
458 3515 490 3558 1,
516 3515 571 3552 29.

690 161 1015 199 INTRODUCTIO
1053 161 1105 197 m
1142 159 1455 198 THEomGiAM
1493 159 1854 196 Tnssonss'ricnff,

1306 241 1502 294 velatas
1541 246 1683 292 certo
1721 238 2004 309 cognoscit.
2040 233 2300 304 Quidffaua

1306 321 1408 367 tem
1449 315 1630 366 rationi
1661 314 1826 381 magis
1853 317 2167 367 contrarium
2196 323 2295 376 est,

1303 384 1459 456 quam
1499 387 1713 440 dubium
1771 387 1843 439 illi
1902 390 2291 456 praescribere,

1303 464 1387 530 qui
1428 462 1702 514 veritatem
1741 461 1959 516 feliciter
1983 463 2202 524 invenit,
2246 470 2298 516 et

1304 536 1546 588 inventae
1585 535 1733 588 firma
1773 536 1931 588 animi
1965 538 2296 605 persuasione

1302 609 1578 662 inhaeret?
1616 610 1842 662 maxime
1887 611 2118 680 iniquum
2168 611 2294 663 illud

1302 691 1399 744 est,
1445 685 1485 735 si
1526 683 1700 750 agitur
1739 684 1803 736 de
1852 683 1989 746 fide,
2044 700 2177 754 quae
2216 692 2295 737 est

1302 758 1494 810 donum
1534 758 1624 810 Dei
1680 755 1795 829 (4),
1838 765 1890 811 et
1943 759 1994 827 in
2045 774 2146 827 qua
2186 761 2295 827 ipse

1300 833 1458 883 animi
1499 847 1743 884 assensus
1784 847 1874 900 per
1911 833 2130 899 gratiam
2160 833 2296 885 exci-

1300 912 1440 958 tatur
1479 914 1530 958 et
1578 907 1835 958 firmatur.
1891 905 2050 959 Recte
2105 906 2295 959 idcirco

1300 983 1512 1043 serium,
1540 987 1591 1032 et
1619 981 1968 1032 voluntarium
1997 982 2046 1032 in
2077 980 2178 1032 fide
2206 981 2296 1032 du·

1299 1054 1438 1106 bium
1479 1071 1509 1107 a
1548 1055 1818 1120 Theologis
1857 1055 2082 1124 peccatis
2120 1055 2295 1107 infide-

1300 1129 1458 1182 litatis
1498 1129 1893 1181 adnumeratur.
1937 1127 1989 1198 d)
2030 1128 2157 1181 Cum
2198 1128 2295 1181 Ec-

1299 1203 1453 1255 clesia
1482 1205 1548 1255 sit
1579 1204 1910 1256 authenticus
1935 1210 1987 1255 et
2013 1202 2294 1255 infallibilis

1298 1277 1645 1330 Revelationis
1667 1279 1940 1346 interpreS‚
1959 1279 2184 1330 maxime
2202 1278 2294 1329 ini-

1297 1367 1457 1420 quum
1479 1359 1575 1413 est,
1608 1352 1872 1404 doctrinae
1890 1351 2151 1404 revelatae
2178 1367 2293 1403 sen·

1297 1442 1411 1477 sum
1453 1442 1543 1494 per
1579 1427 1967 1493 grammaticaS,
2010 1426 2215 1478 criticas
2240 1433 2292 1477 et

1298 1499 1676 1568 philosophicas
1715 1501 2071 1568 inquisitiones
2121 1500 2293 1552 deter-

1297 1575 1494 1626 minare
1521 1574 1677 1626 velle.
1708 1574 1996 1626 Deterrima
2021 1574 2174 1625 etiam
2215 1573 2290 1625 in·

1295 1648 1426 1699 iuria
1466 1648 1572 1700 Deo
1599 1649 1836 1709 infertur,
1862 1649 1985 1698 dum
2019 1648 2286 1709 statuitur,

1294 1721 1577 1783 doctrinae,
1622 1728 1761 1772 certo
1801 1737 1828 1771 a
1858 1720 1962 1773 Deo
2003 1721 2284 1783 revelatae,

1292 1795 1549 1846 internam
1591 1796 1862 1846 veritatem
1892 1811 1919 1846 a
1943 1796 2141 1848 ratione
2162 1812 2288 1847 exa·

1292 1869 1590 1920 minandam
1633 1876 1684 1920 et
1723 1869 2105 1921 diiudicandum
2151 1885 2283 1935 esse;

1291 1943 1438 1994 cuius
1466 1943 1754 1995 sententiae
1774 1943 2086 2006 absurditaS‚
2117 1951 2170 1997 et
2189 1944 2286 1995 im-

1291 2017 1455 2083 pietas
1497 2018 1771 2085 praecipue
1800 2034 1862 2068 ex
1892 2034 1951 2069 eo
1976 2024 2136 2086 patet,
2167 2019 2285 2087 quia

1291 2090 1338 2141 in
1383 2091 1647 2159 Religione
1690 2092 1918 2143 revelata
1947 2092 2138 2144 dantur
2177 2108 2287 2160 myn

1289 2167 1465 2226 steria,
1492 2182 1623 2234 quae
1645 2183 1672 2218 a
1691 2167 1889 2223 ratione
1912 2166 2128 2218 limitata
2149 2181 2284 2218 com-

1289 2239 1558 2306 prehendi,
1602 2240 1887 2292 examinari
1927 2248 1978 2292 et
2017 2240 2285 2292 diiudicari

1290 2329 1389 2365 non
1432 2322 1643 2381 possunt
1686 2311 1784 2385 (⁶2).
1837 2313 2018 2367 Merito
2058 2314 2216 2380 igitur
2254 2331 2284 2366 a

1288 2384 1525 2454 Greqorio
1563 2388 1686 2441 XVI
1722 2388 1770 2438 in
1803 2387 2009 2440 decreto
2049 2388 2119 2439 96
2146 2395 2277 2457 sept.

1290 2460 1428 2512 4855
1458 2462 1613 2524 edito,
1645 2462 1920 2513 damnatus
1941 2468 2019 2514 est
2039 2460 2285 2528 Georqius

1286 2535 1509 2596 Hermes,
1561 2555 1581 2584 «
1625 2542 1801 2603 utpote
1841 2537 1925 2603 qui
1967 2535 2216 2587 audacter
2253 2553 2283 2588 a

1286 2610 1457 2675 regio,
1497 2625 1651 2677 quem
1682 2610 1927 2661 universa
1965 2609 2191 2662 Traditio
2231 2617 2283 2662 et

1283 2681 1375 2734 SS.
1423 2682 1603 2734 Patres
1650 2685 1699 2734 in
1730 2683 2049 2750 exponendis
2081 2699 2142 2735 ac
2174 2684 2283 2735 vin-

1284 2756 1516 2808 dicandis
1542 2756 1658 2808 fidei
1690 2757 1992 2810 veritatibus
2026 2760 2277 2819 stravere,

1285 2831 1491 2883 tramite
1542 2830 1860 2893 deflectens,
1910 2832 2031 2900 quin
2083 2837 2136 2883 et
2194 2834 2311 2883 sur

1286 2905 1438 2971 perbe
1490 2911 1838 2957 contemnens
1875 2911 1927 2956 et
1977 2905 2230 2957 damnans
2263 2946 2275 2966 ,

1284 2979 1609 3031 tenebrosam
1657 2979 1719 3029 ad
1774 2993 2003 3031 errorem
2054 2979 2281 3047 omnige-

1286 3068 1410 3104 num
1458 3053 1593 3103 viam
1647 3051 1855 3104 molitur
1899 3052 1949 3104 in
1992 3052 2136 3105 dubio
2194 3069 2281 3121 po-

1282 3129 1424 3179 sitivo
1482 3133 1714 3193 tanquam
1773 3126 1877 3179 basi
1937 3127 2095 3178 omnis
2147 3125 2277 3179 theo-

1286 3201 1462 3284 topicae
1500 3199 1866 3266 inquisitiont'S,
1910 3207 1961 3252 ct
1999 3200 2051 3251 in
2091 3200 2278 3267 princi-

1286 3274 1398 3357 pio,
1440 3273 1574 3342 quod
1613 3274 1824 3336 statuit,
1861 3273 2098 3326 racionem
2109 3275 2278 3342 prin-

1283 3348 1435 3416 cipem
1483 3362 1740 3408 normam,
1795 3362 1857 3399 ac
1908 3347 2117 3401 unicum
2170 3362 2278 3404 me-

1285 3419 1424 3472 dium
1454 3435 1586 3480 csse,
1617 3435 1718 3488 quo
1745 3419 1935 3486 homo
1923 3421 2127 3490 assequi
2159 3424 2280 3532 pos-

1329 3519 1379 3564 (2)
1405 3519 1443 3556 V
1469 3519 1537 3557 'lin
1562 3527 1647 3564 gen
1671 3517 1698 3566 S
1721 3517 1798 3556 801.
