2332 3860
273 157 379 215 550

195 274 312 311 nam
354 261 593 330 consequi
624 263 847 329 possent.
887 260 940 313 S.
972 258 1190 312 Clemens

610 180 672 216 na
708 179 802 217 neo
839 178 972 216 urst
1010 163 1196 215 numm
1236 163 1439 214 censitis
1476 159 1815 214 sensurronss.

1323 257 1376 311 5.
1420 256 1483 311 In
1531 255 1764 312 Consiliis
1813 252 2014 329 quoque
2060 249 2283 326 eatffliii'f

194 331 332 385 Rom.
386 331 460 406 (1)
499 335 695 388 scribit:
742 333 1188 388 «Consideremus
1250 331 1479 384 doctrina
1520 332 1772 402 proposita
1812 326 1924 386 fuit.
1969 324 2240 387 Consilium
2331 364 2332 367 =

192 409 499 476 sanguinem
539 410 654 461 lesu
697 403 904 471 Christi,
949 414 999 461 et
1037 422 1190 475 agno·
1247 405 1523 459 Nicaenuni
1550 405 1580 458 I
1600 405 1651 460 iti
1677 407 1910 478 symbolo
1948 400 2236 477 profitethr'i

190 496 397 535 scamus
421 524 434 545 ,
478 484 655 552 quanti
696 483 833 536 Deus
873 484 1025 535 huius
1063 480 1189 534 San·
1249 478 1577 534 Credimus...
2058 551 2059 554 Ἰ

1242 563 1439 624 propter
1464 572 1552 607 nos
1593 555 1806 609 homines
1838 563 1882 608 et
1921 563 2117 626 propter
2155 558 2240 608 no-
2329 580 2332 581 ⁷

191 555 402 623 guinem
441 559 700 620 aestimet,
743 558 828 627 qui
870 573 959 626 pro
999 558 1186 609 nostris

189 632 414 697 peccatis
454 637 505 684 et
545 632 634 701 pro
689 639 860 684 nostra
901 629 1067 684 salute
1120 631 1188 682 ef-

190 703 333 757 fusus
364 711 460 767 est,
498 712 548 758 et
589 707 680 759 toti
711 706 1018 758 humanitati
1054 703 1187 775 (uni-

190 793 339 831 verso
358 782 533 849 generi
565 779 809 849 humano)
833 781 1049 848 gratiam
1075 795 1187 847 poe-

190 853 437 906 nitentiae
475 855 668 906 attulit.
698 874 724 903 »
748 853 800 907 S.
832 854 1047 922 cyrillus
1067 854 1186 906 Hie-

187 927 332 980 rosol.
357 926 450 999 (ᾖ).
481 929 664 998 inquit:
714 949 739 977 «
764 927 892 980 Cum
931 929 1184 996 benignus

186 1001 253 1053 sit
292 1002 559 1065 Dominus,
594 1019 694 1055 non
724 1019 881 1055 unam
918 1019 1083 1072 neque
1111 1003 1183 1054 al-

185 1082 350 1131 teram
390 1083 623 1140 tantum,
666 1077 753 1130 sed
794 1077 982 1130 multas
1022 1086 1185 1130 aeter-

187 1166 284 1204 nae
313 1153 447 1204 vitae
470 1153 650 1205 ianuas
670 1155 886 1220 aperuit,
911 1158 965 1204 ut
986 1169 1181 1216 omneS,

186 1233 437 1294 quantum
477 1228 527 1279 in
569 1228 676 1295 ipso
716 1234 812 1288 est,
856 1227 1048 1296 absque
1088 1228 1182 1279 im-

184 1300 509 1367 pediment0‚
554 1301 640 1354 ilio
681 1302 827 1370 potiri
878 1309 1100 1369 possent.
1151 1323 1176 1350 »

183 1372 235 1426 S.
281 1373 651 1444 Chrysoscomus
685 1374 761 1446 (5)
800 1377 890 1428 ait:
940 1396 962 1424 «
994 1376 1180 1439 Quam—

184 1464 337 1517 quam
381 1466 481 1502 non
534 1466 710 1503 omnes
770 1452 1063 1503 lucraturus
1103 1467 1181 1502 es-

182 1529 262 1576 set
287 1522 540 1586 ChristuS,
573 1532 801 1577 attamen
832 1541 921 1593 pro
943 1525 1178 1578 omnibus

184 1606 416 1651 mortuus
482 1606 597 1661 est,
647 1599 786 1668 ,quod
857 1615 1006 1655 suum
1068 1608 1178 1652 erat

181 1673 420 1740 implens,
457 1693 483 1723 »
527 1673 578 1725 S.
608 1671 893 1726 Ambrosius
927 1673 1009 1745 (lu)
1050 1674 1177 1726 haec

181 1746 366 1800 habet:
416 1768 438 1797 «
483 1747 709 1800 Venerat
749 1749 995 1801 Dominus
1035 1748 1177 1801 Iesus

181 1837 357 1874 omnes
399 1822 570 1874 salvos
628 1823 797 1875 facere
839 1830 1171 1891 peccatores:

181 1897 334 1948 etiam
375 1898 510 1949 circa
552 1898 732 1964 impios
781 1899 1050 1950 ostendere
1091 1898 1175 1949 de-

179 1970 288 2022 buit
327 1986 472 2023 suam
503 1971 890 2024 voluntatem...
942 1972 1081 2035 Quod
1123 1973 1172 2023 in

177 2042 282 2097 Deo
323 2045 436 2107 fuit,
480 2046 703 2097 ostendit
742 2046 997 2108 omnibuS,
1042 2047 1173 2114 quod

176 2134 356 2171 omnes
395 2118 557 2172 voluit
597 2119 835 2172 liberare.
884 2140 910 2170 »
942 2150 1012 2158 —
1040 2121 1176 2173 Ean-

176 2194 294 2245 dem
333 2193 618 2247 doctrinam
660 2195 893 2263 proponit
934 2196 1088 2247 etiam
1117 2195 1172 2248 S.

174 2264 499 2336 Auyuscinus,
543 2284 695 2337 quem
735 2269 800 2321 ad
841 2275 1012 2337 partes
1053 2286 1174 2322 suas

173 2343 396 2395 invitum
455 2350 506 2395 et
566 2343 765 2396 obtorto
824 2343 954 2396 collo
1015 2344 1173 2396 trahit

172 2414 460 2469 lanseniuS.
505 2418 636 2471 Nam
674 2417 728 2470 S.
774 2417 963 2471 Doctor
1001 2418 1096 2471 En.
1121 2419 1169 2470 in

173 2489 362 2543 Psalm.
395 2490 552 2552 XCV,
587 2492 617 2542 5
647 2491 789 2544 dicit:
837 2512 863 2541 (ι
895 2491 1049 2545 Venit
1077 2493 1172 2544 Re-

175 2565 408 2634 demptor
447 2571 495 2617 et
548 2565 687 2618 dedit
740 2567 959 2634 pretium
988 2608 999 2628 ,
1047 2567 1172 2618 fudit

173 2639 487 2706 Sanguinem
516 2655 688 2700 suurn,
721 2641 844 2692 emit
871 2642 1045 2693 orbem
1076 2647 1173 2693 ter-

175 2729 368 2766 rarum.
414 2713 668 2777 Quaeritis
696 2716 815 2784 quid
855 2713 1065 2766 emerit?
1095 2715 1170 2766 vi-

175 2787 291 2839 dete
318 2788 437 2857 quid
465 2789 682 2850 dederit,
719 2797 770 2841 et
798 2790 1024 2841 invenite
1051 2789 1169 2857 quid

176 2863 375 2914 emerit.
437 2861 658 2929 Sanguis
713 2862 900 2915 Christi
951 2864 1169 2931 pretium

177 2942 290 2988 est:
334 2937 461 2988 tanti
501 2938 621 3006 quid
678 2937 858 2990 valet?
915 2938 1035 3006 quid
1078 2938 1169 2990 nisi

176 3015 313 3061 totus
353 3011 487 3063 orbis
510 3051 525 3069 ‚
569 3011 690 3080 quid
720 3013 815 3063 nisi
848 3027 1026 3064 omnes
1052 3028 1173 3080 gen-

179 3089 255 3136 tes
280 3082 307 3135 ?
339 3104 364 3132 »
410 3112 478 3123 -
516 3084 567 3138 S.
606 3085 701 3137 Leo
739 3086 814 3139 M.
859 3085 932 3155 (ὅ)
972 3086 1167 3154 inquit:

182 3175 208 3206 «
251 3156 499 3210 Dominus
538 3166 712 3211 noster
741 3161 934 3228 peccati
977 3161 1174 3212 mortis-

180 3246 277 3301 que
336 3231 624 3285 destructor
677 3234 827 3286 sicuti
882 3231 1084 3287 nullum
1142 3251 1170 3286 a

180 3300 327 3358 re'atu
383 3305 601 3358 liberum
671 3309 899 3376 reperit,
953 3308 1025 3361 ita
1082 3323 1172 3376 pro

180 3376 459 3433 liberandis
498 3380 735 3434 omnibus
776 3383 936 3435 venit.
975 3402 997 3430 »ν

226 3508 280 3600 {13
297 3511 361 3554 Ep.
388 3508 406 3545 1
426 3512 472 3545 ad
497 3511 578 3563 por.
603 3519 640 3562 [ι.
665 3510 697 3544 ’7.
865 3512 916 3555 (2)
941 3513 1083 3547 Catech.
1110 3510 1162 3546 18.

245 3554 264 3590 ³
302 3554 408 3591 Hom.
434 3554 478 3590 26
496 3564 534 3590 in
557 3556 669 3596 Epist.
694 3555 740 3588 ad
763 3554 867 3590 Rom.
894 3565 928 3590 n.
943 3555 974 3590 1.

1633 481 1794 534 Iesum
1838 478 2112 545 Christum,
2154 481 2241 552 qui

2095 23 2099 26 .
2139 14 2142 15 ν
2223 0 2287 25 (ι-ὐ

2027 32 2053 41 1-
2091 48 2098 53 .
2182 57 2188 64 ,
2225 27 2263 55 ‘t'

2301 207 2307 219 1

2307 210 2332 242 ,ἑ

2301 255 2332 319 a

2304 321 2332 366 s*

2309 437 2332 517 t

2318 591 2330 611 w·

1246 637 1404 682 stram
1443 630 1657 682 salutem·
1677 629 1914 683 descendit
1941 631 1997 683 de
2023 630 2166 692 σοθὶο,
2197 638 2240 682 et

1247 703 1531 756 incarnatus
1562 711 1629 756 est
1666 712 1708 755 et
1744 701 1891 772 homo
1916 706 2093 773 factus,
2130 719 2239 774 pas-
2314 719 2325 776 J

1245 791 1327 830 sus
1353 786 1437 839 est,
1469 787 1512 829 et
1531 782 1830 831 resurrexit:
1857 779 2042 849 quibus
2071 779 2239 832 verbis

1246 854 1355 905 sine
1395 853 1717 906 restrictione
1757 851 1988 906 Christus
2037 851 2239 923 prop't'e'r

1247 927 1509 980 hominum
1563 927 1783 980 salutem
1839 924 2138 981 incarnatus
2188 933 2238 980 et

1247 1017 1424 1068 passus
1451 1002 1656 1067 dicitur3
1689 1001 1825 1053 unde
1853 1001 1971 1054 huic
2006 1001 2238 1070 publicae

1246 1075 1359 1129 fidei
1402 1076 1697 1145 professioni
1752 1084 1927 1145 aperte
1985 1077 2238 1130 contradi-

1245 1159 1369 1206 cunt
1390 1158 1440 1203 et
1461 1151 1821 1218 adversantur,
1836 1156 2084 1221 quotquot
2103 1154 2237 1204 mord

1246 1232 1346 1279 tem
1406 1224 1590 1278 Christi
1638 1224 1702 1278 ad
1749 1225 1947 1295 aliquos
1995 1232 2235 1286 tantum,

1243 1301 1376 1353 solos
1418 1316 1600 1368 nempe
1654 1300 2057 1368 praedestinatos
2111 1300 2237 1353 iimi-

1244 1382 1355 1427 tant
1393 1391 1453 1426 ac
1494 1376 1830 1443 restringunt.
1862 1405 1936 1415 —-
1964 1374 2234 1427 Concilium

1246 1449 1582 1502 Tridentinum
1620 1449 1757 1502 SeSS.
1804 1449 1835 1501 6
1877 1449 1939 1502 de
1987 1448 2235 1502 iustifica-

1244 1525 1379 1576 tione
1418 1540 1530 1593 cap.
1563 1525 1595 1575 2
1625 1524 1763 1585 dicit,
1797 1522 2056 1576 Christum
2084 1541 2112 1577 a
2147 1524 2235 1577 Pa-

1244 1606 1317 1651 tre
1356 1599 1558 1650 missum
1597 1614 1693 1650 esse
1732 1598 1798 1651 ad
1837 1597 2070 1659 hominm,
2102 1606 2155 1650 ul
2193 1607 2235 1651 et

1240 1672 1459 1738 Iudaeos,
1485 1674 1571 1740 qui
1610 1673 1695 1724 sub
1723 1672 1818 1740 leqe
1839 1680 1996 1733 erant,
2029 1673 2235 1725 redime-

1241 1756 1329 1807 ret,
1373 1756 1416 1799 ec
1442 1755 1614 1814 gemae,
1644 1763 1765 1815 qztae
1797 1763 1893 1798 non
1932 1747 2235 1799 sectabantur

1240 1822 1498 1881 iustitiam,
1544 1822 1782 1873 iusticiam
1804 1821 2234 1890 apprehenderent,

1238 1907 1379 1964 atque
1406 1912 1567 1948 omnes
1594 1895 1893 1963 adoptionem
1914 1896 2131 1965 filiorum
2157 1911 2233 1948 re-

1238 1971 1463 2038 ciperent.
1510 1970 1652 2021 Hunc
1671 1971 1936 2039 proposuit
1973 1969 2100 2021 Deus
2119 1985 2234 2039 pro·

1230 2046 1509 2113 piliatorem
1555 2060 1647 2112 per
1685 2045 1824 2113 fidem
1882 2044 1933 2095 in
1985 2043 2232 2112 sanquine

1238 2120 1390 2187 ipsius
1424 2135 1514 2187 pro
1538 2119 1744 2187 peccatis
1780 2120 1980 2179 nostris,
2025 2133 2121 2170 non
2161 2135 2232 2170 so-

1237 2193 1336 2244 lum
1376 2201 1536 2244 autem
1581 2209 1674 2261 pro
1711 2193 1890 2244 nostris
1912 2234 1923 2253 ,
1966 2191 2045 2244 sed
2082 2193 2232 2245 etiam

1229 2284 1321 2335 pro
1376 2268 1519 2318 totius
1570 2266 1760 2318 mundi.
1823 2265 1887 2319 Et
1925 2281 2039 2333 cap.
2085 2266 2117 2318 3
2157 2268 2230 2319 sic

1238 2344 1420 2409 pergit:
1454 2341 1632 2394 Verum
1658 2341 1746 2392 etsi
1776 2340 1856 2393 ille
1879 2356 1974 2409 pro
2009 2340 2231 2394 omnibus

1236 2424 1456 2468 mortuus
1494 2423 1579 2474 est,
1611 2431 1707 2467 non
1735 2430 1898 2466 omnes
1927 2422 2084 2467 lamen
2103 2430 2231 2467 mor-

1236 2492 1294 2542 lis
1321 2492 1424 2542 eius
1453 2489 1725 2559 beneficium
1760 2489 2019 2557 recipiunt,
2068 2490 2149 2541 sed
2190 2490 2230 2541 ii

1235 2566 1508 2623 dunilaoeat,
1534 2563 1708 2631 quibus
1735 2564 1964 2614 meritum
1983 2563 2228 2632 passionis

1234 2641 1337 2691 eius
1374 2637 1777 2691 communicatur.
1821 2636 1898 2689 Ex
1939 2634 2018 2689 his
2056 2637 2227 2689 verbis

1235 2713 1329 2765 hoc
1368 2719 1730 2779 argumentum
1770 2710 1974 2763 deducit
2002 2709 2078 2763 Gt.
2108 2704 2228 2763 Per-

1234 2802 1349 2839 rone
1391 2786 1505 2856 (6):
1556 2805 1579 2835 «
1624 2784 1805 2848 Certe,
1855 2786 1896 2837 si
1936 2786 2022 2854 qui
2062 2792 2182 2837 sunt
2207 2826 2220 2847 ,

1236 2878 1323 2929 pro
1381 2876 1597 2929 quorum
1646 2859 1812 2912 salute
1852 2858 2083 2912 Christus
2123 2875 2223 2911 non

1234 2941 1311 2987 est
1349 2942 1601 2995 mortuus,
1645 2941 1766 2986 sunt
1799 2934 1853 2995 ii,
1896 2932 2081 3002 quibus
2119 2948 2223 2986 me·

1235 3017 1389 3061 ritum
1418 3009 1663 3077 passionis
1690 3009 1799 3061 eius
1818 3023 1918 3059 non
1943 3008 2224 3060 communi-

1234 3090 1406 3147 catur3
1450 3084 1590 3151 atqui
1631 3098 1696 3135 ex
1735 3081 2030 3134 Tridentino
2068 3080 2223 3133 'etiam

1237 3166 1324 3225 pro
1381 3158 1490 3209 istis
1548 3163 1780 3209 mortuus
1832 3163 1910 3208 est
1948 3154 2218 3218 Christus3

1235 3245 1354 3298 ergo
1395 3246 1551 3299 quum
1578 3230 1928 3282 Tridentinum
1963 3227 2054 3290 ait,
2085 3227 2224 3281 Chri·
2313 3239 2315 3242 ⁴

1234 3311 1369 3358 stum
1411 3320 1500 3374 pro
1527 3305 1764 3358 omnibus
1801 3309 2060 3357 mortuum
2084 3313 2219 3367 esse,

1278 3463 1331 3509 (k)
1355 3465 1434 3499 Lib.
1455 3465 1501 3499 de
1523 3465 1691 3500 paradiso
1712 3472 1790 3506 cap.
1816 3460 1849 3498 8.

1279 3510 1329 3550 (5¹
1354 3510 1467 3544 serm.
1482 3509 1500 3545 1
1523 3510 1569 3544 de
1590 3509 1781 3544 Nativitate
1803 3516 1882 3552 cap.
1906 3508 1940 3543 1.

1276 3527 1330 3598 (⁶5
1353 3551 1470 3588 ’πως-ι.
1495 3554 1540 3590 cie
1563 3553 1652 3596 neo,
1677 3557 1770 3596 part.
1798 3551 1832 3596 a,
1854 3561 1932 3597 cap.
1959 3551 1992 3596 ε,
2014 3561 2051 3589 n.
2075 3551 2152 3588 m.
2179 3554 2182 3557 ·

2320 3781 2332 3860 ....,.
2323 3727 2325 3729 -
2328 3680 2332 3681 ,
