2332 3860
261 189 366 242 516

188 286 281 339 tris
343 300 468 340 suae
531 286 826 355 primaevae
882 288 1063 340 rationi
1121 303 1181 340 ac

188 360 471 429 sapientiae
511 362 733 415 restitui.
794 389 867 402 ——
905 362 1066 415 Homo
1116 362 1178 414 ad

187 435 465 502 imaginem
526 436 615 488 Dei
675 436 842 490 factus
881 444 984 499 est,
1027 451 1179 506 quam

189 510 451 579 peccando
481 510 666 563 misere
693 510 1000 564 deformavit
1023 528 1038 574 3
1067 526 1184 563 con-

191 591 502 638 sentaneum
540 586 697 653 igitur
736 585 851 648 suit,
899 585 1065 651 priora
1093 584 1180 636 illa

190 659 505 712 deformatae
563 660 803 728 imaginis
869 659 1181 712 lineamenta

189 735 419 802 reparari
459 734 524 786 ab
565 749 644 793 eo,
701 734 788 802 qui
847 741 1033 786 natura
1091 749 1183 786 sua

191 815 260 860 est
290 809 446 878 imaqo
470 808 557 860 Dei
580 808 838 861 {rivisibilis
866 807 965 879 (i),
998 823 1183 876 nempe

188 883 415 936 secunda
455 882 717 934 Trinitatis
770 882 1009 945 Persona,
1053 898 1183 952 quae

191 974 258 1010 ex
298 957 561 1010 intellectu
605 956 850 1025 procedit.

267 1032 320 1084 5.
391 1031 671 1084 Incarnatio
735 1031 1184 1083 convenientissima

189 1114 260 1158 est
279 1105 539 1175 Retiyiona
555 1104 847 1158 Revelationi
866 1113 909 1157 el
929 1105 1183 1159 Ecclesiae.

193 1181 395 1246 Religio
436 1180 616 1246 exigit,
669 1187 725 1231 ut
791 1180 941 1232 homo
1007 1196 1185 1232 omnes

191 1254 463 1307 facultites
503 1270 622 1306 suas
662 1254 725 1305 ad
768 1253 932 1307 Deum
974 1256 1181 1313 relerat‚

192 1345 346 1398 quem
390 1336 445 1381 ut
487 1327 592 1380 Ens
632 1328 890 1381 infinitum
932 1336 983 1382 et
1048 1345 1185 1381 sum-

190 1419 332 1455 mum
376 1403 566 1455 bonum
607 1418 762 1470 super
800 1405 971 1455 omnia
1025 1411 1075 1456 et
1134 1405 1183 1455 in

191 1478 431 1531 omnibus
471 1478 767 1538 aestimare,
811 1494 986 1530 amare
1027 1486 1078 1530 et
1105 1494 1186 1529 co-

195 1553 302 1605 lere
348 1559 573 1606 tenetur.
619 1551 717 1604 Sed
761 1552 910 1604 homo
953 1569 1041 1621 per
1077 1568 1189 1620 pec·

192 1635 368 1680 catum
410 1626 663 1693 originale
691 1635 983 1694 corruptus,
1022 1628 1185 1696 quoad

194 1703 399 1754 animae
450 1701 722 1753 facultates
788 1702 1080 1754 debilitatus
1138 1708 1188 1754 et

198 1777 621 1845 praevalentibus
662 1777 881 1828 stimulis
940 1777 1188 1828 inferiori-

196 1852 294 1904 bus
334 1852 403 1903 ita
463 1851 525 1902 ad
588 1851 846 1903 sensibilia
913 1851 1189 1903 inclinatus

197 1925 314 1988 fuit,
360 1932 416 1976 ut
458 1941 555 1976 non
602 1927 709 1976 sine
750 1941 936 1991 magua
977 1924 1189 1977 difficul-

201 2007 307 2053 tate
350 2006 574 2052 mentem
617 2000 679 2051 ad
725 1999 826 2051 Ens
869 2016 1005 2051 mere
1045 2003 1191 2067 spiri-

199 2074 343 2128 tuale
367 2080 417 2126 et
454 2075 655 2142 penitus
678 2075 930 2127 invisibile
952 2075 1185 2135 extollat,

199 2156 255 2202 et
296 2151 345 2200 in
390 2149 486 2201 isto
526 2149 917 2210 considerand0‚
970 2150 1190 2201 amando

201 2231 252 2276 et
292 2223 509 2276 colendo
549 2231 844 2275 constanter
889 2221 1187 2292 occupetur.

201 2297 310 2350 Hac
350 2298 412 2349 de
454 2313 608 2349 causa
651 2299 842 2350 factum
884 2306 980 2358 est,
1025 2307 1080 2350 ut
1110 2298 1194 2350 ho-

203 2373 366 2424 min-es
408 2371 569 2424 Deum
613 2372 862 2425 visibilem
892 2373 1193 2426 anhelantes

201 2454 253 2500 et
292 2454 579 2499 creatorem
619 2447 667 2498 in
729 2451 978 2499 creaturis
1042 2464 1192 2516 quae-

203 2528 378 2575 rentes
417 2537 443 2573 a
488 2537 610 2574 vera
670 2521 933 2589 Religione
997 2521 1195 2574 defece-

203 2598 327 2658 rint,
355 2597 599 2665 variaque
627 2596 758 2649 idola
785 2596 1079 2657 adorantes,
1112 2614 1196 2649 va-

206 2687 322 2722 nam
378 2687 478 2722 non
548 2671 716 2723 minus
770 2687 924 2739 quam
987 2673 1193 2739 impiam

205 2745 621 2813 superstitionem
698 2753 1037 2798 sectarentur.
1118 2746 1194 2798 Ad

206 2826 404 2871 tantam
443 2819 869 2872 inordinationem
894 2819 1191 2879 tollendam,

208 2894 360 2946 etad
410 2894 690 2962 Religionis
753 2896 1056 2948 exercitium
1123 2895 1197 2946 in·

208 2967 388 3021 firmae
409 2968 628 3020 bominis
652 2977 762 3036 post
790 2974 1056 3038 peccatum
1078 2984 1196 3020 con·

211 3041 387 3101 ditioni
431 3044 593 3110 magis
623 3045 885 3113 magisque
913 3058 1198 3096 accommo-

211 3114 471 3176 dandum,
538 3118 1082 3171 convenientissimum
1138 3133 1199 3170 ac

211 3189 539 3242 utilissimum
583 3192 696 3254 suit,
728 3192 890 3245 Deum
918 3192 1195 3256 incarnari3

202 3280 313 3334 ‚quo
353 3263 544 3315 factum
586 3272 681 3326 est,
727 3274 783 3319 ut
841 3267 1071 3320 homines
1129 3268 1202 3318 in-

214 3336 470 3391 visibilem
497 3337 661 3391 Deum
699 3339 749 3391 in
791 3340 993 3394 homine
1016 3341 1199 3394 visibili

218 3411 386 3466 e:olere
427 3412 639 3480 possint.
671 3442 743 3454 —-
779 3414 1016 3469 Revelacio
1056 3416 1199 3468 iuxta

216 3486 593 3555 sapientissima
633 3486 841 3542 decreta
898 3490 1071 3543 divina
1130 3490 1202 3542 ita

260 3587 316 3634 (ι)
338 3589 473 3625 coioss.
498 3588 531 3634 1,
557 3588 612 3626 ιε.

601 205 664 243 DE
702 205 795 243 DEO
833 204 966 244 LAPsi
1008 205 1197 244 HUMAN!
1235 204 1811 245 GENERIS'REDEMPTORE.

1244 303 1334 356 pro
1372 286 1638 342 hominum
1676 288 2015 344 salute‘facta
2043 298 2142 356 est,
2171 299 2229 347 ut
2259 304 2266 315 “
2314 340 2322 342 ν

1244 362 1346 414 iam
1385 361 1436 414 in
1478 363 1683 431 periodo
1724 364 2052 432 patriarchali
2099 367 2228 421 inci·

1247 442 1406 505 peret,
1450 436 1502 488 in
1550 438 1754 505 periodo
1818 440 2038 494 mosaica
2096 455 2229 495 nova

1244 512 1560 564 incrementa
1600 519 1825 581 caperet,
1885 529 1948 566 ac
2011 514 2230 585 denique

1246 586 1294 637 in
1336 585 1654 653 plenitudine
1692 593 2002 656 temporum,
2043 605 2133 642 seu
2176 590 2228 642 in

1247 659 1451 727 periodo
1492 660 1771 713 christiana
1809 678 2064 715 summam
2122 678 2233 732 per-

1246 733 1519 787 fectionem
1557 735 1865 804 acquireret.
1919 735 2234 790 Convenien-

1246 809 1500 861 tissimum
1539 816 1711 862 autem
1750 817 1881 872 erat,
1923 818 1980 864 ut
2028 811 2234 880 plenam

1246 884 1573 936 revelationis
1614 883 1780 936 lucem
1832 884 2024 938 Praeco
2075 887 2236 939 maxi-
2277 933 2281 937 .

1247 973 1361 1010 mus
1400 965 1450 1010 et
1491 958 1822 1025 dignissimus
1859 959 2085 1012 afferret.
2142 958 2236 1012 Ast

1249 1048 1348 1084 non
1389 1039 1588 1100 poterat
1628 1034 1788 1085 maior
1817 1033 2134 1103 nobiliorque
2161 1034 2235 1086 in-

1249 1107 1433 1167 veniri,
1476 1122 1631 1175 quam
1671 1108 1778 1175 ipse
1818 1107 1954 1160 filius
2010 1108 2108 1162 Dei
2166 1108 2240 1160 in·

1248 1188 1510 1234 carnatus,
1567 1211 1639 1220 —-
1690 1182 1905 1234 Ecclesia
1945 1189 2022 1234 est
2062 1189 2239 1239 coetus

1250 1256 1512 1308 hominum
1555 1257 1786 1308 eiusdem
1826 1257 1941 1308 fidei
1973 1257 2237 1324 professio·

1251 1347 1312 1382 ne
1354 1337 1405 1382 et
1445 1330 1725 1382 eorundem
1790 1329 2240 1384 Sacramentorum

1252 1406 1640 1473 participatione
1679 1411 2023 1472 congregatus
2042 1405 2138 1458 sub
2165 1421 2241 1458 re-

1248 1481 1439 1546 gimine
1482 1479 1827 1546 legitimorum
1886 1485 2148 1547 pastorum
2210 1495 2242 1532 a

1250 1553 1450 1606 Christo
1491 1554 1775 1606 institutus.
1829 1552 2059 1606 Ecclesia
2116 1569 2242 1622 ergo

1251 1628 1465 1680 visibilis
1504 1635 1600 1688 est,
1645 1627 1733 1679 scd
1773 1627 1837 1680 ad
1879 1627 2033 1680 finem
2089 1629 2243 1696 spiri-

1253 1703 1441 1754 tualein
1488 1701 1669 1766 tendit;
1713 1704 1776 1754 ex
1807 1702 2098 1755 bominibus
2124 1719 2243 1755 con·
2325 1750 2327 1754 ,

1251 1783 1372 1836 stat,
1417 1777 1505 1828 sed
1550 1778 1738 1828 virtute
1780 1777 1954 1829 divina
2021 1780 2236 1845 regitur;
2319 1783 2321 1786 ‘

1252 1852 1480 1904 externis
1522 1852 1699 1902 mediis
1740 1851 1920 1912 utitur,
1963 1851 2051 1903 sed
2090 1852 2244 1904 inter-

1255 1943 1315 1978 na
1358 1926 1520 1994 gratia
1563 1925 1871 1977 vivificatur.
1919 1924 1971 1976 ln
2014 1925 2244 1978 Ecclesia

1253 2017 1374 2065 ergo
1416 2000 1633 2052 visibilia
1674 2006 1726 2051 et
1762 2000 2055 2059 invisibilia,
2124 2004 2242 2052 cor-

1256 2075 1446 2144 poralia
1486 2081 1537 2127 et
1577 2074 1881 2141 spiritualia,
1928 2073 2150 2126 humana
2193 2081 2245 2127 et

1255 2152 1425 2201 divina
1447 2154 1777 2200 concurrunt.
1806 2148 2046 2200 Societati
2070 2155 2244 2201 autem
2319 2149 2332 2195 ..j

1254 2227 1322 2277 ita
1365 2225 1673 2276 constitutae
1716 2224 1939 2274 maxime
2004 2223 2246 2275 convenit

1259 2298 1482 2350 Verbum
1523 2301 1871 2358 incarnatum,
1934 2296 2094 2348 Deum
2156 2297 2246 2349 ho-
2314 2310 2320 2348 .·

1257 2375 1446 2425 minem
1488 2373 1635 2424 sicuti
1682 2380 1922 2441 tanquam
1980 2378 2245 2424 auctorem
2309 2403 2317 2427 ⁴.

1259 2450 1327 2500 ila
1368 2448 1523 2499 etiam
1565 2455 1804 2515 tanquam
1834 2461 2130 2514 supremum
2165 2460 2247 2498 car-
2309 2474 2319 2484 «κ

1259 2530 1348 2591 put
1387 2522 1658 2574 Dominum
1687 2526 2007 2573 etrectorem
2032 2519 2239 2573 babere.
2320 2567 2322 2571 .

1332 2598 1383 2648 li.
1456 2595 1735 2648 incarnatio
1798 2594 2246 2647 convenientissima
2312 2619 2314 2662 ;

1257 2678 1324 2723 est
1363 2670 1450 2722 toti
1488 2671 1651 2738 qeneri
1690 2668 1919 2721 humano,
1960 2698 2030 2708 -—
2067 2667 2243 2731 Quan-

1261 2752 1367 2797 tum
1396 2744 1685 2795 incarnatio
1708 2744 1795 2795 toti
1820 2743 1994 2811 generi
2023 2742 2246 2795 humano
2306 2744 2322 2811 j

1258 2819 1572 2872 conveniens
1611 2824 1764 2886 atque
1807 2816 2029 2884 proficua
2072 2816 2243 2876 fuerit,

1261 2893 1528 2946 manifeste
1571 2899 1710 2960 patet
1742 2892 1926 2952 exiis,
1988 2905 2120 2959 quae
2183 2890 2246 2943 de
2320 2905 2321 2909 ¹

1260 2969 1396 3020 illius
1439 2970 1626 3020 motivo
1666 2973 1717 3018 et
1757 2966 1856 3017 fine
1903 2964 2038 3016 dicta
2101 2970 2240 3016 sunt.

1262 3043 1458 3095 Etenim
1502 3058 1590 3110 per
1638 3039 1864 3094 Verbum
1922 3041 2244 3091 incarnatum
2298 3045 2308 3053 ”

1263 3116 1493 3169 homines
1531 3131 1562 3167 a
1612 3114 1918 3182 gravissimo
1985 3112 2128 3179 lapsu
2193 3126 2245 3163 e·

1262 3192 1414 3251 vecti,
1456 3205 1523 3242 ex
1561 3190 1856 3256 captivitate
1895 3185 2157 3239 daemonis
2195 3191 2248 3238 et
2304 3203 2310 3239 5

1260 3271 1470 3317 aeterna
1525 3263 1855 3316 damnatione
1911 3258 2131 3320 liberati,
2174 3263 2299 3323 at-*f‘s

1261 3354 1359 3410 que
1385 3353 1502 3391 cum
1532 3337 1636 3390 Deo
1663 3338 1733 3389 ita
1760 3332 2074 3388 reconciliati
2101 3337 2243 3395 sunt,

1265 3419 1318 3466 ut
1359 3411 1729 3465 nobilissimum
1767 3423 1914 3462 suum
1955 3406 2111 3460 finem
2149 3405 2254 3460 ite'·
2282 3436 2293 3469 ;,

1264 3502 1377 3540 rum
1415 3487 1670 3554 attingere
1708 3489 1760 3536 et
1808 3489 2073 3536 aeternam
2132 3474 2290 3566 bea-4

1264 3559 1533 3615 titudinem
1583 3558 1824 3629 consequi
1882 3561 2108 3628 possent.
