2332 3860
312 119 420 175 2952

238 215 333 279 Qui
369 217 506 270 circa
531 217 660 271 haec
687 219 837 271 nimis
862 216 1057 270 creduli
1083 223 1221 283 sunt,

239 290 387 345 facile
440 292 494 344 in
553 308 766 361 magnas
822 291 1223 345 inordinationes

237 364 605 434 prolabuntur,
656 367 777 420 dum
827 365 1223 420 adversitatibus

237 442 397 508 pressi
438 447 622 510 putant
667 441 761 493 sibi
800 457 830 493 a
889 441 1096 493 nefariis
1136 440 1223 498 ho-

239 514 462 568 minibus
501 515 751 570 maleficia
780 513 924 567 illata
950 514 1127 574 fuisse,
1158 529 1224 566 ex

237 603 338 658 quo
378 591 651 643 temeraria
690 588 898 649 iudicia,
941 589 1067 650 irae,
1110 587 1223 642 odia

237 669 289 716 et
325 663 426 716 alia
466 670 673 732 peccata
704 664 1098 731 progignuntur.
1129 662 1222 724 Qui

235 737 306 790 ita
346 739 609 800 sentiunt,
670 737 996 789 considerare
1046 736 1224 788 sedulo

237 810 457 874 debent,
499 811 634 881 quod
671 812 723 863 in
772 810 1061 864 huiusmodi
1099 811 1225 862 iudi·

237 885 329 938 ciis
366 887 495 939 ratio
538 891 710 938 nostra
768 886 1006 937 facillime
1046 892 1220 945 erret,

237 965 289 1012 et
325 960 461 1029 quod
500 961 610 1013 sine
663 961 997 1028 permissione
1055 959 1224 1010 divina

237 1050 403 1103 neque
425 1035 721 1096 daemoneS,
748 1050 911 1102 neque
932 1033 1108 1085 nefarii
1139 1034 1226 1085 ht>-

236 1110 402 1161 mines
441 1111 586 1162 nobis
634 1117 1000 1165 nocumentum
1041 1108 1226 1159 inferre

236 1185 452 1252 possint.
495 1183 761 1247 Quaelibet
801 1184 954 1250 igitur
1000 1182 1227 1234 adversi·

239 1265 317 1310 tas
356 1275 384 1310 e
424 1274 581 1312 manu
623 1259 720 1310 Dei·
754 1274 871 1309 cum
912 1257 1062 1325 plena
1103 1258 1153 1308 in
1192 1257 1228 1307 i-

237 1333 378 1401 psius
418 1333 737 1385 voluntatem
773 1333 1136 1400 resignatione,
1168 1346 1227 1382 ac

236 1407 482 1475 patientia
535 1406 796 1461 toleranda
835 1414 927 1458 est.
972 1435 1044 1444 --
1089 1404 1226 1473 Opti·

236 1497 377 1536 mum
418 1497 544 1533 sane
583 1488 762 1539 contra
802 1497 979 1533 omnes
1016 1479 1227 1531 diaboli-

237 1571 323 1608 cas
379 1555 732 1608 infestationes
783 1555 1091 1623 praesidium
1151 1561 1227 1605 est

235 1629 446 1686 humilis
486 1637 537 1683 et
575 1632 780 1682 fervens
806 1630 966 1682 oratio
994 1645 1054 1681 ac
1082 1629 1226 1680 firma

236 1706 288 1756 in
328 1704 493 1760 Deum
533 1705 862 1765 confidentia,
906 1704 988 1772 qui
1017 1702 1228 1754 infinitis

237 1779 402 1832 modis
440 1779 639 1831 diabolo
681 1779 934 1847 potentior
973 1785 1087 1830 est:
1130 1793 1228 1844 spe-

238 1862 428 1905 rantem
475 1861 637 1904 autem
683 1854 736 1904 in
787 1853 994 1905 Domino
1033 1853 1226 1903 miscri-

239 1927 404 1980 cordia
426 1927 743 1980 circumdabit
765 1926 862 1998 (1).
889 1927 1064 1995 Neque
1093 1941 1229 1993 sper-

239 2017 363 2054 nere
406 2001 523 2053 licet
576 2017 753 2070 preces
780 2042 792 2062 ‚
847 2000 1228 2053 benedictiones

239 2091 300 2129 ac
326 2077 658 2136 exorcismos,
697 2075 881 2144 quibus
911 2076 1044 2130 Deus
1077 2089 1228 2141 saepe

239 2153 403 2203 utitur
441 2150 506 2202 ad
546 2151 777 2203 homines
804 2151 867 2202 ab
906 2150 1228 2201 infestatione

239 2225 504 2277 daemonis
544 2224 626 2278 vel
667 2223 1103 2293 praeservandOS‚
1149 2222 1228 2274 vel

238 2298 530 2353 liberandos
555 2341 568 2362 ‚
611 2306 669 2351 ut
707 2300 1066 2351 auctoritatem
1107 2312 1229 2349 suae

239 2372 502 2426 Ecclesiae
541 2381 593 2440 et
634 2374 914 2441 potentiam
953 2373 1030 2425 sui
1072 2372 1231 2424 nomi-

239 2448 318 2501 nis
355 2455 538 2502 contra
575 2447 856 2501 infernales
894 2448 1067 2502 hostes
1098 2460 1233 2499 com-

239 2522 466 2576 mendet.

553 2709 790 2759 CAPUT
832 2710 927 2754 lv.

584 2816 636 2845 DE
659 2814 888 2845 nommnus.

627 2942 667 3000 ς
707 2943 849 2988 nez.

319 3035 505 3105 Angeli
554 3040 821 3094 intellectu
876 3045 929 3092 et
967 3036 1232 3092 voluntate

246 3112 483 3180 praediti,
524 3113 608 3165 sed
650 3114 955 3184 incorporei,
997 3112 1234 3164 mund-um

246 3184 563 3254 spiritualem
578 3205 594 3251 3
637 3190 773 3241 entia
822 3201 942 3241 vero
982 3194 1229 3247 extensa,

645 137 707 175 nc
747 137 838 174 nso
876 137 928 173 ux·
965 135 1232 174 ascaricus
1256 137 1339 175 ain»
1359 137 1570 175 *nonnum
1596 137 1861 194 sescum.
1941 153 1944 157 ⁴
2007 118 2013 161 j

1282 219 1506 272 annulus
1529 223 1816 283 ,ss-nexus,
1872 235 1965 273 seu
2000 218 2144 277 *sint

1284 293 1774 349 rectissime.dieitur
1807 295 1978 356 homo,
2008 295 2116 364 qui,
2146 300 2332 352 uum·-

1283 383 1348 420 ex
1373 368 1546 421 anima
1564 369 1824 438 spirituali
1843 377 1895 422 et
1921 363 2298 438 οπρονοτωόἐ
2315 348 2332 441 ξ

1285 441 1448 493 teriali
1487 449 1706 504 constet,
1749 443 1996 496 mundum
2035 439 2332 513 spiritualiter

1286 516 1388 567 lem
1426 522 1478 568 et
1515 515 1835 577 materialem
1861 518 1923 570 ,in
1963 533 2017 570 se
2055 507 2332 586 contami&

1284 591 1377 655 git.
1420 589 1628 642 Maximi
1669 590 1909 643 momenti
1948 598 2057 653 est,
2111 598 2167 643 ut
2192 574 2332 659 dQT}³3

1288 663 1575 717 bominibus
1624 665 1785 717 fusius
1835 665 2136 717 disseratur.
2182 663 2332 724 Isti.,27'3

1287 740 1422 790 enim
1460 737 1671 806 Angelis
1711 738 1861 807 paulo
1901 740 2120 791 minores
2138 736 2311 802 *sune

1288 809 1384 882 (a):
1429 812 1707 879 plurimum
1746 813 1902 865 etiam
1939 814 2173 873 interest,
2212 819 2287 867 ut,

1289 887 1621 953 nosmetipsos
1673 894 1812 939 recte
1864 901 2266 956 cognoscamuS,

1286 967 1439 1028 atque
1465 961 1651 1012 exinde
1686 962 1958 1013 relationes
1995 967 2194 1014 nostra-s
2215 966 2272 1013 et
2300 986 2305 994 ·

1287 1033 1450 1087 officia
1489 1043 1661 1087 nostra
1700 1034 2054 1100 deducamus,
2095 1035 2271 1087 intime
2304 1031 2305 1034 ’

1285 1111 1444 1161 etiam
1483 1110 1712 1162 doctriua
1754 1109 1814 1162 de
1855 1109 2091 1168 homine,
2134 1111 2297 1160 circa'

1289 1199 1440 1252 quam
1482 1186 1626 1236 multi
1668 1200 1864 1236 errores
1903 1183 2270 1236 circumferun-

1290 1266 1373 1309 tur
1399 1299 1411 1319 ,
1454 1274 1579 1327 quos
1618 1260 1884 1311 confutare
1923 1265 2149 1326 oportet,
2193 1273 2274 1309 co·

1290 1332 1465 1384 haeret
1491 1347 1608 1384 cum
1635 1333 1956 1399 dogmatibus
1984 1334 2033 1384 in
2063 1331 2274 1400 reliquis

1290 1407 1573 1473 theologiae
1627 1407 1861 1475 specialis
1900 1407 2128 1475 partibus
2168 1420 2276 1473 per-

1289 1482 1585 1535 tractandis
1648 1480 1920 1549 Agendum
1973 1481 2159 1532 idcirco
2187 1484 2278 1532 ‘est

1292 1557 1348 1606 ,10
1387 1556 1441 1607 dc
1481 1555 1752 1607 homiuibus
1792 1556 1844 1607 iu
1882 1563 2012 1606 statu
2050 1556 2278 1606 innocen-

1289 1630 1382 1681 tiae
1421 1630 1720 1691 constitutis,
1775 1637 1827 1681 et
1876 1626 1933 1680 02⁰
1973 1629 2027 1680 de
2067 1627 2277 1680 homini-

1290 1705 1377 1758 bus
1416 1705 1470 1757 in
1507 1712 1687 1756 statum
1723 1704 1912 1772 pcccati
1951 1702 2119 1771 lapsis.

1607 1848 1891 1884 ARTIGULUS
1914 1847 1949 1884 Ι.

1289 1925 1339 1961 De
1361 1923 1571 1960 nominibus
1600 1924 1636 1959 in
1662 1928 1760 1960 statu
1788 1921 2020 1959 innocentiae
2049 1919 2266 1957 constitutis.

1679 2051 1718 2111 ς
1746 2052 1888 2098 nes.

1550 2141 1601 2175 De
1623 2140 1781 2176 hominis
1804 2142 2001 2178 creatione.

1364 2220 1627 2276 Revelatio
1666 2224 1845 2286 docet,
1891 2225 2076 2292 primos
2115 2222 2278 2277 homi-

1294 2313 1384 2349 nes
1440 2299 1732 2351 immediate
1788 2315 1816 2351 a
1881 2298 1986 2350 Deo
2043 2297 2275 2351 conditos

1293 2371 1465 2423 fuisse:
1509 2371 1643 2425 hanc
1694 2372 1978 2428 doctrinam
2035 2370 2087 2424 S.
2138 2369 2276 2422 Scri-

1289 2453 1438 2513 ptura
1464 2445 1602 2498 clare
1629 2447 1881 2515 proponit,
1915 2444 2130 2497 Traditio
2156 2459 2278 2496 con-

1295 2520 1483 2582 firmat,
1528 2527 1577 2572 et
1615 2522 1725 2589 ipsa
1763 2534 1963 2589 quoque
1987 2534 2110 2572 sana
2148 2517 2277 2570 ratio

1294 2594 1559 2662 adprobat.

1369 2668 1421 2720 1.
1439 2661 1614 2723 'Deum
1637 2667 1802 2735 ipsum
1832 2667 2020 2734 primos
2047 2665 2278 2719 homines

1296 2741 1579 2794 condidisse
1611 2741 1904 2793 clarissimis
1933 2740 2103 2793 verbis
2130 2740 2278 2793 docet
2328 2748 2332 2801 -ζ

1294 2814 1345 2867 S.
1402 2815 1683 2884 Scriptura.
1743 2814 1902 2868 Sexta
1958 2815 2095 2867 enirn
2153 2814 2273 2876 die,
2318 2835 2332 2870 ι

1298 2896 1561 2958 postquam
1600 2896 1866 2942 creaturae
1891 2930 1903 2951 ‚
1958 2889 2279 2942 rationevca-
2321 2886 2332 2902 ¹

1296 2971 1498 3026 rentes,
1542 2964 1817 3032 productae
1868 2963 2098 3024 fuerant,
2140 2961 2278 3013 Deus
2326 2970 2332 3025 j

1295 3039 1386 3090 ait:
1429 3037 1688 3091 Faciamus
1729 3037 1967 3089 hominem
2003 3036 2067 3088 ad
2103 3035 2277 3101 imaqi-

1294 3127 1402 3164 nem
1443 3120 1488 3164 et
1524 3112 1892 3167 similitudinem
1941 3111 2190 3168 nostram,
2233 3115 2278 3159 et
2319 3123 2332 3152 ε

1290 3186 1475 3253 praesit
1498 3185 1973 3253 piscibus-‘marisci
1998 3179 2277 3234 volatilibus
2310 3159 2332 3212 ⁴⁵

2323 3205 2332 3228 ’λ

2318 3238 2328 3254 i

246 3259 482 3325 sensibus
523 3265 782 3328 corporeis
835 3262 1087 3323 subiecta,
1150 3273 1231 3313 ast
1295 3258 1410 3311 coeli
1445 3267 1488 3310 et
1516 3259 1696 3320 bestiis,
1726 3259 2275 3324 univorsacqucterrae,
2311 3255 2332 3313 t

245 3334 444 3387 ratione
469 3336 718 3398 carentia,
749 3337 983 3390 mundum
1004 3334 1234 3387 materia·
1294 3334 1520 3401 omnique
1556 3333 1758 3401 reptili,
1801 3329 1931 3398 quod
1970 3337 2187 3382 movetur
2225 3331 2280 3385 in
2307 3332 2332 3396 „i

247 3405 340 3461 lem
370 3410 705 3463 constituunt.
750 3406 1029 3479 Utriusque
1055 3408 1235 3462 mundi
1296 3414 1446 3459 terra.
1490 3406 1554 3459 Et
1580 3405 1759 3485 creavit
1783 3403 1912 3457 Deus
1948 3402 2188 3477 hominem
2212 3398 2332 3491 ,ᾳόξ

291 3507 344 3554 (1)
369 3509 426 3548 P!-
449 3506 502 3547 81.

1335 3503 1390 3553 rm
1413 3506 1469 3544 pa.
1491 3503 1527 3551 a.
1550 3502 1584 3542 ο.
2195 3502 2237 3536 ενι
2287 3491 2332 3583 'Ji
