2332 3860
0 228 331 334 'illitrdmittunn
346 266 436 337 sed
449 266 699 338 Spiritum
725 265 973 320 Sanctum
996 282 1026 319 a

800 183 920 224 PARS
957 185 994 246 ¹?
1038 184 1204 223 SEG'rlo
1242 185 1295 222 ΙΙ.
1348 213 1350 220 .

1901 170 2010 225 {119

1089 266 1168 318 nis
1208 265 1617 332 distinguuntur.
1662 263 1893 334 Mysterii
1935 267 2091 322 huius

37 347 145 403 solo
184 346 333 402 Patre
344 342 631 415 procedere
671 341 877 403 dicunt,
915 341 1028 393 eius
1089 339 1336 408 implicita
1362 338 1492 392 fides
1512 354 1612 394 non
1643 337 1852 407 sufficit3
1888 341 1976 392 sed
1999 358 2090 398 ex-

10 418 407 493 'processionem
472 432 502 468 a
558 414 686 468 Filio
751 421 1023 484 negantes,

37 492 251 554 Saeculo
275 489 349 544 lX
369 489 590 550 Pharius,
622 488 762 541 Patr.
795 489 1030 540 CPtanus

24 564 316 626 'doctrinam
353 564 416 616 de
458 563 782 631 processione
808 562 1031 631 Spiritus

37 640 209 699 Sancti
235 654 265 691 a
294 637 419 691 Filio
447 645 506 690 ut
531 637 714 690 falsam
744 636 1026 704 proclama-

38 717 132 778 vit,
156 720 207 767 et
226 713 340 771 ideo
362 728 417 765 se
437 712 502 764 ab
525 711 752 762 Ecclesia
778 710 934 762 latina
953 726 1031 762 se-

20 787 252 861 paravit.
273 786 392 839 Post
415 790 632 842 mortem
654 784 818 836 Photii
851 784 915 836 17
942 784 1031 836 Pa-

40 861 291 926 triarchae
319 860 507 912 CPtani
537 874 715 927 pacem
732 865 783 911 et
803 873 1031 910 commu·

8 986 10 988 .
38 937 240 993 nionem
268 950 386 987 cum
415 932 644 986 Ecclesia
668 933 898 984 Romana
929 948 1032 984 ser-

39 1016 265 1074 varunt3
318 1008 408 1061 sed
461 1006 668 1060 saeculo
708 1005 779 1058 Xl
821 1006 1035 1059 Michae'l

37 1082 368 1139 'Caerularius
397 1082 775 1150 processionem
811 1080 1035 1148 Spiritus

39 1158 212 1214 Sancti
259 1173 288 1210 a
336 1156 462 1209 Filio
503 1171 698 1223 negans
751 1154 1032 1221 lugendum

40 1232 259 1288 schisma
283 1231 574 1291 renovavit,
594 1228 727 1298 quod
749 1230 1033 1282 etiamnum

43 1306 306 1377 perdurat.

33 1376 43 1445 j
115 1378 370 1432 6⁶²'Classi
397 1377 837 1438 adnumerantur,
868 1377 954 1445 qui
985 1377 1035 1427 in

42 1453 230 1515 divinis
258 1468 355 1505 non
399 1459 600 1506 tantum
633 1459 737 1504 tres
769 1466 1033 1519 persouaS‚

10 1571 12 1573 .
42 1543 224 1580 verum
253 1528 407 1578 etiam
436 1533 541 1579 tres
576 1525 710 1578 Deos
737 1526 1035 1586 admittunt,

15 1602 168 1654 fdicti
210 1600 322 1653 ideo
366 1599 648 1652 Trilkeitac.
702 1599 778 1651 De
824 1599 920 1650 hoc
959 1615 1040 1650 er-

45 1692 160 1730 rore
200 1681 513 1726 accusantur
553 1689 691 1728 saec.
733 1672 799 1726 Vl
832 1673 1043 1724 Ioannes

46 1749 368 1817 Philopontw,
401 1764 538 1799 saec.
583 1747 675 1808 XI,
720 1746 1038 1807 RoscellinuS,

22 1822 184 1876 “saec.
216 1821 334 1874 Xlll
356 1862 368 1882 ,
400 1821 676 1873 Ioachimus
715 1820 887 1873 Abbas
916 1820 1037 1872 Ord.

52 1895 263 1950 Cisterc.
302 1925 374 1933 —
408 1895 801 1947 Recentioribus
842 1909 1042 1962 quoque

52 1970 366 2039 temporibus
442 1969 761 2022 subtiliorem
831 1968 1042 2019 Tritliei-

53 2060 218 2097 smum
260 2050 650 2112 propugnarunt
677 2045 726 2095 in
759 2041 922 2094 Gallia
964 2043 1045 2093 Pe-

55 2125 158 2170 trus
186 2117 384 2185 Fayclit,
416 2125 467 2169 et
495 2118 543 2169 iu
573 2116 846 2170 Germania
882 2116 1044 2168 Placi-

54 2192 143 2244 dus
181 2190 406 2243 Stttrmer
432 2191 490 2245 Ο.
521 2191 574 2261 S.
607 2191 692 2251 Β.,
726 2198 777 2243 et
804 2189 1047 2242 Antonius

56 2264 247 2318 Oehms:
285 2266 386 2317 imo
425 2271 476 2317 et
514 2263 630 2317 Ant.
675 2263 897 2319 Giinther
938 2266 1048 2317 alii-

57 2354 154 2407 que
195 2338 257 2390 de
296 2338 476 2391 eodem
526 2355 699 2392 errore
739 2340 936 2398 merito¹
965 2355 1048 2392 su·

56 2413 212 2481 specti
243 2412 519 2466 habentur.

463 2535 501 2594 ς
545 2536 644 2582 ss.

88 2623 282 2661 Doctrinae
310 2626 492 2660 revelatae
514 2627 559 2660 de
580 2626 756 2662 Trinitate
784 2631 1025 2662 momentum.

134 2703 432 2760 D'octrinam
470 2708 532 2760 de
571 2708 820 2762 Trinitate
858 2710 1055 2779 gravis-

64 2780 179 2832 simi
212 2796 324 2834 esse
366 2785 632 2842 momenti,
674 2799 741 2836 ex
780 2785 937 2837 variis
977 2801 1057 2838 ra-

67 2855 294 2907 tionibus
324 2861 482 2922 patet.
515 2855 664 2908 Nam:

71 2956 78 2993 ;
139 2928 190 2980 t.
223 2927 362 2982 Deus
391 2944 524 2980 unus
558 2929 610 2981 in
639 2930 863 2982 essentia
890 2937 942 2983 et
968 2931 1057 2982 tri-

67 3016 164 3066 ‚nus
191 3002 240 3053 in
273 3002 503 3069 personis
530 3010 609 3056 est
635 3019 895 3056 summum
932 3003 1064 3056 Reli-

21 3109 43 3143 γ’
67 3074 233 3142 gionis
259 3077 585 3145 mysterium,
632 3078 967 3146 praecipuum
1005 3078 1065 3130 fi-

43 3146 148 3221 -glei
173 3149 452 3211 obiectum,
476 3157 528 3203 et
555 3151 740 3218 dogma
766 3151 1063 3219 principale,

26 3236 169 3291 2quo
190 3221 469 3276 Christiani
497 3225 561 3277 ab
588 3226 807 3278 aliarum
844 3226 1065 3293 Religio·

30 3309 43 3322 ’·
71 3309 194 3360 num
234 3299 472 3365 asseclis,
515 3301 739 3352 maxime
788 3316 818 3352 a
866 3300 1067 3352 Iudaeis

26 3366 354 3436 hodiernis,
395 3371 617 3442 Paganis
656 3380 707 3427 et
746 3373 1068 3427 Mahumeta-

19 3450 69 3525 ᾗ.
136 3493 156 3530 1
196 3498 249 3534 ιο.
269 3495 328 3541 ιτ,
355 3499 387 3535 a.

21 3534 31 3555 <
135 3495 389 3587 &mam

21 3577 35 3589 .
75 3595 102 3618 ·.
797 3547 847 3594 (3)
869 3549 960 3584 rhu.
985 3549 1016 3583 2.

1093 414 1265 482 plicita
1297 413 1521 482 cognitio
1562 419 1614 465 et
1643 413 1888 481 professio
1916 414 1980 466 ad
2009 431 2090 468 sa-

1092 489 1251 540 lutem
1288 494 1366 540 est
1407 487 1718 539 necessaria.
1766 485 2003 541 Christus
2044 503 2093 540 e-

1092 563 1196 613 nim
1226 562 1299 614 ait
1327 559 1426 632 (l):
1458 561 1594 613 Haec
1632 568 1701 613 est
1739 561 1838 614 vita
1869 571 2090 622 aeterna,

1092 644 1145 687 ut
1173 642 1467 704 ⁴coyrtosccmt
1493 643 1534 687 te
1547 634 1706 687 solum
1729 650 1895 687 verum
1917 635 2094 702 Deum,

1093 717 1137 762 et
1176 725 1318 778 quem
1357 709 1538 761 misisti
1588 709 1754 761 Iesum
1807 707 2092 774 Christum3

1094 784 1179 836 vubi
1209 784 1314 835 vita
1343 789 1557 835 aeterna
1599 783 1789 835 dicitur
1814 784 2099 836 consistere
2171 844 2174 847 ,

1094 858 1145 910 in
1186 857 1481 924 cognitione
1523 858 1640 908 lesu
1681 855 1912 919 Christi,
1965 874 2098 927 quae

1097 931 1271 984 haberi
1303 933 1481 1000 nequit
1509 932 1621 983 sine
1662 932 1846 983 notitia
1872 932 2099 984 Trinita-

1098 1007 1181 1067 tis,
1213 1006 1361 1057 cuius
1389 1005 1477 1058 ille
1507 1005 1735 1057 secunda
1758 1021 1977 1073 persona
2006 1013 2102 1059 est.

1170 1080 1224 1132 ⁹2.
1271 1079 1398 1131 Cum
1441 1080 1674 1133 doctrina
1728 1079 1791 1131 de
1843 1081 2103 1147 augustis-

1096 1155 1225 1206 simo
1254 1153 1520 1206 Trinitatis
1566 1154 1814 1223 mysterio
1843 1156 1988 1207 varia
2019 1154 2102 1206 do-

1098 1234 1272 1294 gmata
1325 1228 1609 1294 Religionis
1660 1234 1867 1280 nostrae
1926 1229 2106 1280 funda-

1102 1301 1347 1354 mentalia
1413 1318 1649 1354 connexa
1704 1309 1870 1367 sunt3
1927 1303 2104 1371 qualia

1100 1383 1222 1429 sunt
1250 1376 1492 1443 dogmata
1522 1376 1583 1427 de
1612 1376 1853 1428 missione
1878 1376 2014 1438 Filii,
2042 1376 2106 1428 de

1101 1452 1211 1503 eius
1252 1451 1629 1515 incarnatione,
1664 1451 1725 1501 de
1760 1453 1870 1503 eius
1905 1451 2107 1504 satissa-

1102 1526 1271 1578 ct-ione
1300 1566 1311 1586 ‚
1357 1525 1419 1576 de
1458 1526 1699 1577 missione
1727 1525 1951 1592 Spiritus
1978 1525 2105 1577 San-

1103 1600 1202 1659 cti,
1247 1605 1301 1650 et
1338 1599 1469 1650 alia:
1519 1606 1836 1667 quapropter
1884 1601 1995 1651 sine
2021 1614 2108 1650 co-

1104 1673 1331 1741 gnitione
1387 1675 1622 1741 mysterii
1687 1673 1779 1725 SS.
1842 1672 2109 1726 Trinitatis

1107 1748 1411 1814 praecipuae
1447 1746 1629 1798 salutis
1671 1753 1878 1799 nostrae
1919 1761 2107 1799 causae

1105 1823 1450 1887 ignorantur,
1508 1820 1734 1872 charitas
1774 1821 1941 1873 Patris
1988 1819 2061 1892 (⁸2)
2089 1861 2102 1881 ‚

1108 1895 1348 1947 meritum
1393 1893 1502 1945 Filii
1538 1892 1636 1964 (3),
1680 1895 1848 1960 gratia
1887 1895 2107 1962 Spiritus

1107 1969 1281 2022 Sancti
1314 1966 1411 2038 (lt),
1438 1974 1488 2020 et
1512 1974 1616 2020 tota
1645 1968 1997 2021 Revelationis
2025 1984 2105 2021 oe-

1108 2042 1342 2095 conomia
1373 2042 1714 2095 subvertitur.
1752 2043 1885 2095 Hinc
1926 2044 2107 2095 merito

1112 2116 1447 2168 Tertullianus
1489 2114 1564 2186 (5)
1607 2116 1768 2168 dixit:
1819 2138 1841 2167 «
1885 2115 1975 2169 Cui
2019 2133 2107 2168 ve·

1112 2193 1234 2243 ritas
1269 2197 1532 2258 comperta
1555 2191 1666 2242 sine
1695 2190 1825 2243 Deo?
1846 2194 1927 2243 cui
1970 2191 2108 2243 Deus

1111 2265 1347 2333 cognitus
1375 2267 1486 2316 sine
1514 2263 1750 2316 Christo?
1771 2266 1853 2317 cui
1876 2264 2111 2318 Christus

1112 2340 1411 2407 exploratus
1462 2339 1575 2391 sine
1627 2338 1823 2407 Spiritu
1874 2338 2110 2392 Sancto?

1114 2415 1193 2467 cui
1235 2413 1456 2481 Spiritus
1495 2412 1718 2465 Sanctus
1756 2413 2111 2467 accommoda-

1116 2496 1198 2542 tus
1238 2489 1348 2539 sine
1379 2486 1494 2538 fidei
1521 2486 1880 2540 Sacramento?
1935 2510 1943 2518 ·

1189 2563 1241 2614 5.
1280 2560 1407 2613 Cum
1448 2562 1705 2613 innumeri
1749 2561 2116 2630 propemodum

1118 2635 1417 2689 heterodoxi
1433 2637 1659 2688 existant
1674 2637 1758 2704 qui
1774 2636 2119 2689 orthodoxam

1117 2711 1180 2763 de
1220 2710 1483 2762 Trinitatis
1543 2711 1789 2778 mysterio
1834 2709 1990 2762 fidem
2029 2711 2120 2762 im·

1121 2791 1373 2854 pugnant,
1419 2800 1552 2836 nova
1581 2784 1710 2837 ratio
1749 2784 1970 2847 accedit,
2001 2801 2118 2854 pro-

1122 2867 1234 2928 pter
1273 2874 1427 2927 quam
1458 2865 1981 2926 tractatus'praesens
1999 2875 2121 2912 cum

1123 2934 1350 2986 maxima
1402 2933 1671 2998 diligentia
1720 2940 1799 2985 est
1839 2935 2123 3002 suscipien-

1124 3008 1239 3060 duS.
1287 3007 1584 3074 Requiritur
1625 3006 1762 3059 enim
1811 3014 1869 3060 ut
1907 3007 2124 3060 Theolo-

1124 3097 1221 3147 gus
1252 3089 1424 3149 potens
1465 3081 1532 3132 sic
1573 3096 1674 3132 non
1727 3079 1895 3134 solum
1942 3082 2122 3135 enehor-

1128 3157 1228 3206 tart'
1265 3155 1320 3206 in
1373 3155 1596 3206 doctrina
1635 3170 1787 3218 sana,
1833 3155 1922 3209 sed
1969 3157 2125 3208 etiam

1128 3244 1203 3280 eos
1242 3229 1328 3295 qui
1367 3228 1734 3289 contradicunt,
1778 3245 1986 3298 arquere
2027 3228 2121 3300 (6).

1128 3301 1298 3354 Solide
1340 3301 1529 3355 idcirco
1568 3302 1821 3356 catholica
1859 3304 1922 3356 de
1956 3303 2128 3356 Trini-

1129 3382 1235 3428 tate
1274 3375 1502 3427 doctrina
1531 3377 1814 3445 probanda,
1857 3383 1910 3431 et
1947 3383 2129 3430 contra

1185 3505 1237 3596 {⁴145ss
1260 3506 1313 3541 10.
1339 3506 1393 3549 14,
1419 3506 1474 3542 16.
1502 3508 1577 3542 Act.
1603 3507 1636 3550 2,
1661 3507 1679 3544 1
1705 3513 1775 3543 etc.

1260 3551 1301 3586 L.
1326 3552 1370 3587 de
1393 3552 1532 3596 antima,
1553 3560 1583 3587 c.
1597 3552 1629 3587 1.
1864 3550 1916 3592 (o)
1939 3550 2010 3586 Tit.
2035 3549 2070 3592 1,
2092 3548 2126 3586 9.
