2332 3860
126 3110 143 3115 -
199 3081 355 3125 ame,
394 3069 428 3118 i.
473 3086 519 3121 e.

730 32 749 59 t

289 165 396 218 536

205 335 328 386 hanc
360 334 626 388 libertatem
684 352 775 406 per
837 338 1044 390 eiusdem
1109 335 1199 388 im·
1257 335 1424 388 crucis
1462 335 1684 388 animam
1728 333 1912 402 posuit,
1955 348 2046 386 seu
2084 334 2240 388 vitam
2281 339 2332 387 aas-j

635 183 696 219 DE
733 183 828 223 DEO
862 182 998 222 urst
1033 174 1229 220 HUMss'tQY
1257 178 1475 218 GENERIS·
1499 177 1833 216 nunnunquam

153 255 155 258 ⁴
207 262 368 328 ipsum
408 262 462 314 in
512 278 606 314 ara
645 264 808 317 crucis
847 263 1093 323 obtulisse,
1156 269 1199 313 et
1258 276 1414 344 quam
1453 260 1710 329 legitimus
1748 258 1980 312 minister
2037 257 2090 312 in
2154 211 2250 315 affl
2279 233 2332 315 7⁹2¹-

2272 319 2311 350 ,
2327 323 2332 333 .

196 407 575 476 pecc-abilitatem
640 410 916 465 nullatenus
959 410 1196 464 sublatam
1257 424 1402 461 suam
1442 409 1494 460 in
1533 408 1839 461 sacrificium
1866 406 2066 460 obtulit.
2248 464 2251 470 ,
2274 389 2332 490 331,

195 483 368 551 fuisse.

338 708 366 744 1.
392 708 563 744 Christus
587 709 699 745 libere
723 714 877 744 mortem
901 709 940 744 in
963 718 1029 744 ara

561 769 682 804 crucis
704 769 838 805 subiit.

271 850 554 919 Propositio
618 851 746 903 haec
808 850 1060 903 catholica
1123 867 1188 904 ex

204 923 374 976 divina
415 924 729 978 revelatione
770 926 1030 993 probatur.

273 999 324 1050 1.
371 997 424 1050 ln
478 998 667 1051 celebri
726 1000 963 1052 vaticinio
1003 999 1183 1061 Isaiae,

199 1071 248 1123 in
289 1088 389 1141 quo
428 1072 641 1126 Messiae
681 1090 958 1126 aerumnae
999 1073 1187 1125 descri-

195 1145 406 1208 buntur,
451 1149 512 1200 de
534 1147 712 1199 eodem
741 1147 922 1201 Messia
963 1147 1181 1200 dieitur:

200 1217 396 1271 Oblatas
435 1231 521 1283 est,
565 1223 681 1290 quia
736 1225 834 1292 ipse
893 1222 1042 1274 voluit
1083 1220 1180 1293 (1);

196 1309 297 1345 non
357 1310 478 1362 ergo
517 1302 711 1357 coacte,
755 1297 843 1348 sed
886 1295 1043 1348 libera
1102 1313 1185 1348 vo·

195 1366 396 1420 luntate
454 1368 686 1422 Christus
745 1378 960 1422 mortem
1032 1371 1184 1422 susti-

196 1443 327 1493 nuit.
393 1442 502 1510 lpse
559 1442 792 1496 Christus
843 1446 893 1496 in
933 1444 996 1497 N.
1041 1444 1176 1497 Test.

190 1515 471 1568 clarissime
511 1517 800 1579 adseverat,
844 1535 898 1570 se
927 1534 1025 1570 non
1069 1534 1181 1571 coa-

190 1596 270 1642 cte
296 1631 310 1651 ,
353 1591 441 1642 sed
485 1591 640 1644 libere
680 1593 903 1645 animam
952 1609 1138 1662 ponere
1165 1634 1176 1653 ‚

190 1664 227 1714 i.
271 1680 318 1716 e.
357 1672 571 1718 mortem
613 1667 819 1731 subire3
875 1668 946 1719 ait
1002 1668 1176 1719 enim:

188 1736 418 1791 Anima-m
481 1756 636 1792 meam
684 1757 811 1811 pono
866 1758 959 1809 pro
1023 1741 1181 1794 ovibus

192 1827 379 1864 mets...
424 1829 505 1882 090
538 1832 663 1882 pono
710 1817 926 1867 animam
986 1832 1138 1867 meam
1164 1857 1176 1875 ‚

191 1893 245 1936 ut
284 1886 465 1939 iterum
500 1905 690 1940 sumam
729 1905 851 1941 eam.
885 1889 1039 1941 Nemo
1061 1890 1181 1941 tollit

192 1975 294 2010 eam
327 1977 358 2012 a
413 1977 520 2023 me,
580 1963 658 2014 sed
703 1979 784 2030 eqo
816 1980 943 2031 pono
994 1979 1099 2015 eam
1151 1980 1180 2015 a

193 2034 402 2101 meipso:
468 2044 512 2087 et
572 2045 846 2104 potestatem
904 2037 1048 2089 habeo
1099 2054 1181 2106 po-

193 2107 336 2159 nendi
363 2125 506 2170 eam,
563 2119 606 2161 et
644 2119 919 2179 potestatem
959 2111 1105 2163 habeo
1145 2111 1182 2163 i-

194 2189 354 2233 terum
399 2184 623 2250 sumendi
661 2201 784 2237 eam.
839 2186 941 2237 Hoc
980 2187 1182 2237 manda-

194 2263 293 2306 tum
335 2259 491 2326 accepi
529 2274 558 2309 a
599 2258 754 2312 Patre
800 2257 895 2330 (⁰2).
951 2259 1181 2312 Christus

194 2345 335 2396 erge,
380 2337 435 2382 ut
487 2333 786 2385 mandatum
844 2334 1008 2386 Patris
1071 2350 1183 2386 exe-

193 2411 455 2471 queretur,
525 2407 748 2472 animam
818 2409 1020 2475 posuit,
1090 2424 1180 2460 seu

195 2479 414 2531 animam
454 2495 483 2531 a
523 2496 732 2548 corpore
782 2483 953 2533 solvit.
1021 2481 1180 2533 Sicuti

199 2552 329 2604 enim
368 2554 417 2604 in
460 2556 832 2607 resurrectione
873 2556 1046 2608 divina
1077 2563 1184 2607 tan-

202 2631 302 2676 tum
342 2628 531 2679 virtute
581 2629 842 2681 vinculum
881 2630 1013 2680 inter
1073 2631 1183 2681 'ani-

201 2714 330 2750 mam
371 2708 421 2752 et
460 2717 642 2768 corpus
673 2702 859 2755 Christi
888 2706 1180 2755 restitutum

198 2778 289 2830 est,
334 2774 403 2836 ita·
442 2776 596 2827 etiam
636 2775 731 2827 hoc
759 2777 892 2830 idem
916 2777 1183 2828 vinculum

197 2861 295 2897 non
353 2848 519 2900 aliena
569 2857 836 2917 potestate,
880 2850 967 2903 sed
1009 2850 1182 2903 divina

197 2917 379 2972 Christi
422 2924 610 2974 virtute
649 2924 874 2976 solutum
933 2925 1045 2977 fuit.
1105 2924 1183 2975 ld-

197 2993 329 3045 circo
368 2993 598 3049 Christus
625 2999 728 3050 ait:
755 2998 909 3050 Nemo
939 2998 1057 3050 tollit
1078 3014 1183 3049 eam

590 3086 689 3123 non
751 3072 1021 3134 homineS,
1082 3088 1179 3124 non

199 3140 461 3193 carnifices
500 3144 620 3196 mihi
672 3147 897 3197 animam
959 3161 1049 3197 seu
1109 3147 1182 3198 vi-

199 3218 300 3266 tam
339 3214 590 3277 adimunt,
634 3220 721 3271 sed
762 3236 843 3287 eqo
878 3235 1003 3288 pono
1029 3235 1182 3272 eama

196 3286 393 3358 meipso,
436 3257 601 3357 Igitur
639 3292 873 3346 Christus
911 3294 1018 3362 ipse
1071 3300 1184 3347 tan-

239 3444 292 3489 (1)
316 3447 399 3481 lsai.
424 3455 501 3490 cap.
529 3446 585 3488 153,
607 3447 641 3483 ’1.

240 3491 293 3535 (2)
315 3492 440 3525 Ioann.
466 3490 520 3533 10,
546 3491 604 3532 15,
628 3498 696 3527 etc.

238 3535 289 3579 (3)
315 3535 438 3570 Matth.
467 3536 519 3578 w,
544 3536 601 3576 Ξις
625 3538 710 3572 Luc.
736 3537 791 3578 18.
815 3538 873 3581 ³1,
896 3544 969 3575 ete.

1329 483 1383 535 2.
1429 480 1685 534 Christum
1726 482 1881 535 libere
1909 481 2236 548 semetipsum
2283 487 2317 546 ,ᾗ

1258 556 1475 624 passioni
1516 563 1566 608 et
1605 556 1754 608 morti
1802 556 2114 615 subiecisse,
2174 570 2237 608 ex

1254 631 1361 697 ipsa
1426 629 1874 697 Evangelistarum
1948 628 2238 682 narratione*
2269 647 2272 650 ·
2299 631 2309 699 J·

1253 704 1518 756 manifeste
1583 710 1740 772 patet.
1783 702 2014 756 Christus
2077 701 2234 763 enim,
2308 708 2310 710 ’

1251 778 1578 846 praecognita
1618 785 1669 830 et
1708 779 2065 846 praenuntiata
2126 791 2237 840 pas-

1250 852 1392 905 sione
1431 860 1481 905 et
1510 859 1672 904 morte
1699 867 1811 912 sua,
1857 851 2012 904 libere
2039 866 2094 902 se
2117 849 2238 909 Hie-³

1251 926 1557 996 rosolymam
1599 925 1816 978 contulit
1856 923 1955 996 (3);
2025 932 2075 977 et
2115 933 2238 976 cum
2296 922 2300 924 ’

1250 998 1429 1052 Petrus
1470 1017 1586 1053 eum
1626 1001 1691 1053 ab
1730 999 1825 1052 hoc
1882 999 2063 1052 itinere
2120 1000 2236 1051 reti-

1250 1090 1369 1126 nere
1411 1075 1586 1136 vellet,
1655 1075 1883 1141 graviter
1947 1072 2093 1124 illum
2155 1088 2232 1125 re-

1250 1148 1516 1215 prehendit
1555 1149 1768 1201 dicens:
1820 1147 1943 1201 Vade
1979 1154 2081 1214 post
2124 1162 2231 1208 me,

1245 1232 1457 1286 satana,
1500 1223 1782 1275 scandalum
1828 1237 1876 1275 es
1900 1221 2027 1273 mihi
2056 1261 2069 1282 ‚
2118 1221 2236 1289 quia

1245 1314 1339 1348 non
1382 1299 1512 1366 sapis
1550 1313 1624 1356 ea,
1680 1313 1801 1365 quae
1840 1296 1931 1347 Deo·
1973 1302 2107 1355 sunt,
2150 1296 2234 1347 sed

1245 1387 1299 1422 ea
1339 1388 1461 1440 quae
1482 1371 1732 1423 hominum
1760 1368 1858 1440 (lt);
1890 1385 2020 1437 quae
2050 1368 2228 1430 verba,

1245 1452 1300 1497 ut
1341 1446 1580 1499 observat
1617 1445 1669 1498 S.
1728 1444 2103 1511 Chrysoscomus
2131 1439 2227 1512 (5),

1244 1518 1475 1572 Christus
1516 1520 1715 1572 locutus
1755 1526 1851 1579 est,
1900 1537 1925 1566 «
1975 1525 2030 1570 ut
2069 1523 2230 1568 osten-

1244 1595 1405 1656 deret,
1449 1610 1503 1646 se
1544 1610 1644 1646 non
1702 1593 1861 1644 invite
1918 1590 1981 1643 ad
2039 1590 2230 1659 passio·

1243 1684 1359 1720 nem
1401 1669 1593 1720 venire.
1629 1688 1651 1716 »
1697 1697 1766 1704 —
1800 1664 2032 1718 Christus
2059 1671 2233 1732 aperte

1244 1742 1546 1804 declaravit,
1572 1741 1704 1810 quod
1728 1739 1965 1792 facillime
1993 1741 2035 1790 si
2060 1738 2232 1804 vellet,

1242 1831 1296 1867 se
1335 1833 1401 1868 ex
1458 1818 1779 1868 inimicorum
1843 1814 2079 1865 manibus
2141 1813 2235 1864 eri-

1245 1906 1363 1956 pere
1403 1898 1591 1958 posset
1646 1890 1793 1942 Petro
1850 1889 1987 1940 enim
2050 1886 2224 1938 dixit:

1242 1963 1320 2015 An
1364 1973 1536 2034 putem,
1598 1965 1717 2033 quia
1755 1978 1852 2014 non
1900 1976 2097 2030 possum
2147 1975 2227 2011 ro·

1241 2054 1355 2105 qare
1399 2039 1591 2090 Patrem
1655 2052 1832 2095 meum,
1886 2043 1929 2087 et
1993 2033 2233 2086 emhibebit

1243 2114 1365 2163 mihi
1399 2114 1535 2164 modo
1581 2111 1693 2180 plus
1769 2124 1914 2178 quam
1985 2108 2233 2160 duodecem

1245 2185 1444 2253 leyiones
1489 2185 1783 2254 Anqelorum
1805 2184 1828 2235 ἓ
1853 2182 2093 2247 Quomodo
2119 2197 2231 2250 erqo

1243 2260 1572 2327 implebuntur
1616 2259 1917 2325 scripturae,
1985 2258 2103 2325 quia
2161 2255 2232 2308 sic

1243 2342 1420 2402 oportet
1475 2334 1584 2401 fieri
1626 2331 1731 2404 (6)?
1774 2361 1844 2370 —-
1877 2330 2050 2400 Neque
2088 2328 2241 2382 Chri-2

1243 2415 1370 2468 stuS,
1414 2409 1499 2476 qui
1540 2414 1611 2459 tot
1673 2404 1920 2458 miracula
1985 2404 2240 2472 patravi&¹

1244 2483 1378 2548 ipsos
1419 2488 1646 2533 mortuos
1685 2479 2010 2533 resuscitavit
2048 2485 2100 2530 et
2138 2478 2230 2530 ini-

1244 2557 1402 2607 inicos
1427 2572 1559 2624 ¹suos
1600 2570 1701 2606 uno
1741 2554 1896 2606 verbo
1939 2552 2230 2620 prostravit,

1243 2628 1555 2694 Angelorum
1604 2645 1697 2696 ope
1754 2627 2074 2693 indiguisset,
2141 2625 2228 2677 sed

1247 2704 1445 2771 propria
1487 2704 1673 2754 virtute
1712 2707 1923 2753 cunctos
1989 2700 2228 2752 adversa-

1245 2779 1434 2828 riorum
1474 2784 1688 2829 conatus
1728 2775 1934 2827 eludere
1982 2774 2228 2842 potuisset

1245 2850 1341 2921 (7).
1387 2850 1634 2913 Quoniam
1673 2856 1847 2902 autem
1885 2847 2118 2900 Christus
2146 2863 2230 2899 ne-

1244 2941 1339 2993 que
1380 2924 1582 2977 Patrem
1637 2940 1836 2992 rogare,
1900 2938 2063 2991 neque
2123 2936 2229 2989 pro·

1246 3001 1353 3065 pria
1393 3001 1583 3052 virtute
1638 3000 1712 3051 uti
1776 2996 1956 3058 voluit,
2023 2995 2227 3048 omnino

1245 3072 1402 3125 libere
1441 3089 1496 3126 se
1536 3073 1756 3142 passioni
1819 3078 1872 3124 et
1929 3065 2074 3122 niorti
2115 3068 2228 3120 suh·

1244 3146 1380 3198 iecit.

1316 3220 1369 3271 5.
1395 3218 1489 3287 83.
1538 3217 1712 3272 Patres
1757 3218 2045 3272 libertatem
2085 3214 2227 3268 Chri-

1242 3295 1307 3346 sti
1346 3293 1397 3345 in
1436 3301 1599 3347 morte
1639 3290 1938 3363 perferenda
1996 3289 2222 3344 unanimi

1289 3450 1338 3493 (4)
1363 3450 1487 3485 Matth
1514 3451 1570 3493 16,
1595 3450 1648 3486 23.

1289 3495 1339 3538 (5)
1365 3495 1469 3529 Hom.
1496 3495 1535 3529 54
1562 3497 1606 3529 ul.
1631 3495 1687 3531 55.
1713 3494 1748 3529 tn
1774 3495 1898 3530 Mutth.
1913 3503 1934 3529 n
1975 3494 2006 3530 3.

1286 3537 1339 3582 (ὃ)
1363 3538 1487 3574 Matth-
1501 3538 1559 3579 2⁶.
1581 3538 1636 3575 ³³.
1879 3537 1933 3582 (Π
1955 3539 2065 3574 loom
2110 3538 2162 3572 ⁴⁸.
2190 3535 2222 3574 ⁸·
