2332 3860
247 120 311 173 Μ

167 216 232 270 ad
270 217 560 270 Romanum
586 215 912 276 Pontificem,
954 214 1038 283 qui
1078 218 1157 265 est

169 290 349 345 Pastor
374 290 662 351 Pastorum,
692 295 746 342 et
769 288 1013 341 Centrum
1047 287 1156 337 uni-

168 365 309 427 tatis,
334 366 482 418 cuius
503 364 654 416 effata
681 378 799 415 cum
828 362 1052 414 maxima
1081 375 1159 411 re·-

168 440 400 492 verentia
433 438 757 505 suscipienda
784 443 923 497 sunt,
954 443 1005 487 et
1043 434 1156 502 qui-

169 513 266 565 bus
296 512 523 581 prolatiS,
556 528 655 564 non
696 511 817 564 licet
842 510 1158 563 contrarium

169 586 533 655 dogmatizare.

242 661 296 713 2.
341 660 522 713 Tribus
560 658 722 710 modis
772 656 1004 709 damnari
1047 671 1159 723 pos·

171 742 292 787 sunt
362 733 730 803 propositiones
789 730 1153 783 heterodoxae.

171 809 369 861 Primus
395 814 490 868 est,
516 822 634 859 cum
662 806 1031 874 propositiones
1058 804 1162 855 sin-

170 883 390 951 gillatim
416 882 727 941 reseruntur,
759 880 920 947 iisque
944 877 1161 946 singulis

171 957 339 1009 debita
378 956 650 1023 apponitur
689 969 928 1006 censura.
981 952 1056 1003 lta
1095 951 1160 1004 ab

168 1029 444 1083 Innocentio
482 1028 532 1080 X
551 1031 774 1096 quinque
798 1027 1020 1087 lansenii
1049 1041 1159 1094 pro·

171 1106 450 1172 positiones
489 1104 783 1163 damnatae,
816 1108 867 1153 et
905 1117 935 1153 a
976 1100 1063 1151 Pio
1099 1098 1167 1152 VI

169 1179 222 1230 in
263 1178 429 1230 Bulla:
473 1176 735 1228 Auctorem
776 1175 912 1244 fidei,
955 1175 1159 1227 hetero-

170 1251 304 1304 doxa
354 1250 564 1304 Concilii
605 1250 927 1302 pistoriensis
966 1255 1161 1300 asserta

170 1326 380 1378 fuerunt
438 1324 738 1392 proscripta.
782 1354 855 1363 —
907 1322 1162 1376 Secundus

171 1400 351 1452 modus
378 1414 648 1452 censuram
688 1398 885 1451 ferendi
916 1397 1163 1463 theologi-

171 1490 284 1526 cam
313 1480 407 1534 est,
440 1488 579 1534 cum,
610 1473 752 1524 nulla
793 1471 956 1524 relata
988 1486 1160 1538 propo·

172 1549 374 1609 sitione,
424 1549 624 1612 integer
719 1547 995 1598 damnatur
1036 1545 1164 1596 liber

172 1629 229 1674 ut
254 1622 511 1674 erroribus
553 1621 792 1681 refertuS‚
825 1627 876 1672 et
914 1618 1154 1671 Christia*

173 1698 253 1748 nis
281 1698 514 1749 nocivus:
546 1695 616 1746 ita
657 1696 758 1746 iam
786 1693 1025 1760 Synodus
1064 1691 1163 1743 Ni-

172 1786 317 1823 caena
359 1769 596 1821 Ilibrum
637 1768 763 1829 Arii,
808 1768 893 1836 qui
928 1766 1163 1817 inscribi-

173 1852 259 1897 tur
301 1842 493 1902 Thalia,
537 1842 815 1909 prohibuit.
861 1870 931 1879 --
974 1839 1166 1891 Tertius

176 1917 395 1978 moduS‚
438 1917 572 1968 inter
625 1916 751 1987 duos
800 1914 1167 1983 praecedentes

175 1991 395 2052 mediuS‚
426 1990 794 2058 propositiones
819 1989 1026 2057 quidem
1067 1989 1167 2039 sin-

176 2066 393 2134 gillatim
422 2064 596 2127 refert3
628 2071 708 2115 ast
733 2070 901 2123 notas,
933 2079 1024 2114 seu
1053 2078 1169 2114 cen-

176 2156 323 2193 suras
343 2138 559 2205 singulis
582 2154 682 2189 non
712 2139 942 2205 apponit,
968 2136 1055 2188 sed
1081 2137 1171 2188 has

179 2216 231 2266 in
272 2228 432 2265 unum
472 2218 744 2278 congestas
785 2212 1021 2263 indicatis
1061 2226 1173 2278 pro·

178 2288 513 2357 positionibus
570 2286 825 2354 respective
892 2285 1172 2338 convenire

178 2363 381 2415 asserit:
438 2361 511 2412 sic
566 2360 911 2412 heterodoxae
951 2360 1171 2427 proposi-

180 2437 345 2488 tiones
368 2435 423 2503 ‚in
464 2433 596 2502 qlobo
631 2434 863 2486 damnari
905 2433 1168 2485 dicuntur:

180 2511 252 2562 ita
277 2509 374 2562 Leo
401 2507 450 2560 X
471 2522 672 2560 errores
713 2507 942 2569 Lutheri,
972 2507 1092 2559 Pius
1139 2507 1181 2559 V

181 2599 379 2636 errores
418 2582 558 2644 Baii,
602 2588 653 2635 et
693 2580 910 2633 Clemens
959 2581 1034 2632 XI
1070 2581 1163 2632 101

181 2657 552 2725 propositiones
585 2655 864 2719 Quesnellii
893 2658 943 2706 in
986 2655 1175 2707 celebri

182 2731 330 2783 Bulla
362 2729 648 2799 Uniyenitus
689 2729 1002 2798 proscripsit.
1048 2729 1174 2781 Par-

185 2804 344 2858 ticula
384 2811 558 2856 autem
597 2804 883 2873 respective,
927 2818 1058 2872 quae
1099 2819 1176 2855 re-

188 2879 383 2948 peritur
403 2879 456 2930 in
485 2878 705 2931 decretis
729 2878 1098 2946 propositiones
1124 2879 1174 2928 in

185 2953 335 3021 globo
363 2951 743 3014 damnantibuS‚
777 2952 878 3004 duo
899 2951 1172 3019 significat:

184 3027 424 3098 primum,
456 3026 651 3077 nullam
681 3043 791 3078 esse
811 3032 985 3078 notam
1013 3042 1080 3077 ex
1101 3042 1178 3077 as-

189 3102 404 3168 signatis
430 3141 448 3167 ‚¹
485 3115 617 3168 quae
657 3116 758 3151 non
797 3100 952 3152 alicui
991 3099 1182 3151 saltem

189 3174 517 3244 propositioni
557 3180 815 3240 competat
837 3193 853 3238 3
915 3181 966 3226 et
1003 3189 1177 3225 secun-

190 3249 345 3311 dum,
390 3247 587 3300 nullam
635 3263 747 3300 esse
804 3263 866 3299 ex
922 3247 1180 3300 damnatis

189 3321 618 3393 propositionibus
693 3321 1001 3374 disiunctive
1026 3363 1038 3383 ‚
1125 3319 1177 3373 in

191 3412 347 3467 quam
385 3411 488 3449 non
526 3394 676 3448 cadat
729 3393 913 3447 saltem
970 3410 1074 3447 una
1115 3410 1181 3448 ex

238 3497 289 3543 (1)
311 3498 353 3534 ln
377 3500 494 3542 princ.
522 3495 594 3531 iur.
619 3493 707 3532 ecci.
732 3494 776 3540 Q.
801 3493 834 3537 4,
858 3502 879 3528 c.
917 3493 951 3537 2,
977 3493 1001 3539 S
1025 3494 1058 3530 6.

611 135 932 174 INTnonuc'rlo
972 135 1023 171 IN
1063 132 1371 171 THEOLOGIAM
1407 129 1765 169 THEORETIGAM.

1221 212 1375 274 notis,
1399 227 1530 280 quae
1558 212 1610 263 in
1640 210 1985 282 damnationis
2004 208 2211 264 decreto

1221 287 1534 339 referuntur.
1573 283 1679 338 Nec
1705 285 1875 338 dicere
1901 285 2041 346 licet,
2074 284 2211 335 hunc

1222 361 1594 429 propositiones
1632 360 1683 412 in
1723 360 1875 427 globo
1931 356 2211 411 damnandi

1223 436 1434 487 modum
1456 434 1779 502 ambiguum,
1802 449 2014 501 vagum,
2045 441 2096 487 et
2121 447 2214 501 pro

1223 509 1458 561 fidelibus
1515 508 1752 562 inutilem
1789 524 1922 562 esse.
1974 506 2037 559 Hi
2077 506 2214 558 enim

1224 583 1449 644 discunt,
1480 583 1724 653 quidquid
1766 599 1854 636 eos
1892 581 2007 635 vult
2032 581 2215 633 docere

1226 657 1474 719 Ecclesia,
1505 659 1703 711 scilicet
1731 657 2098 726 propositiones
2124 669 2217 706 no-

1227 739 1360 785 tatas
1387 748 1566 786 omnes
1604 734 1819 785 vitiosas
1858 746 1990 791 esse,
2022 735 2074 781 et
2101 727 2218 780 reii-

1226 807 1457 871 ciendas3
1501 822 1562 860 ac
1602 814 1872 875 praeterea
1923 817 2220 857 commone-

1226 881 1377 943 fiunt‚
1422 882 1630 942 librum,
1675 897 1742 933 ex
1780 896 1879 949 quo
1921 877 2222 947 propositio-

1226 971 1317 1008 nes
1356 963 1480 1008 sunt
1518 962 1785 1009 extractae
1809 995 1821 1016 ‚
1874 951 2223 1023 periculosum

1227 1046 1340 1083 esse
1367 1072 1379 1092 ,
1424 1038 1476 1083 et
1516 1046 1716 1083 errores
1767 1028 2071 1087 continere,
2133 1030 2225 1077 aut

1228 1105 1383 1157 etiam
1399 1105 1727 1158 haeresiesse
1753 1103 2022 1155 infectum.
2046 1098 2225 1163 «Quod

1227 1187 1422 1241 autem,
1479 1181 1550 1231 ait
1595 1178 1672 1230 Cl.
1722 1177 1963 1230 Zallwein
1992 1173 2091 1246 (1),
2134 1172 2228 1225 Ec·

1227 1253 1383 1305 clesia
1433 1253 1529 1305 hoc
1563 1254 1732 1320 potius
1757 1267 1914 1321 quam
1951 1249 2054 1302 alio
2100 1262 2228 1316 qua·

1230 1327 1455 1379 lificandi
1499 1327 1646 1379 modo
1687 1333 1882 1386 utatur,
1927 1323 2229 1391 neutiquam

1228 1402 1386 1468 ipsius
1451 1401 1775 1470 ignorantiae
1814 1407 1893 1452 est
1937 1397 2232 1451 adscriben-

1229 1476 1371 1538 dum,
1416 1483 1591 1544 utpote
1630 1491 1763 1544 quae
1801 1475 1913 1526 ideo
1950 1473 2049 1524 hoc
2088 1471 2229 1530 facit,

1230 1557 1337 1602 tum
1361 1550 1496 1618 quod
1518 1550 1699 1602 modus
1720 1550 1817 1601 iste
1834 1547 2053 1608 facilior,
2084 1559 2233 1611 expe-

1230 1624 1397 1683 ditior,
1453 1631 1504 1676 et
1555 1641 1657 1675 non
1708 1638 1823 1675 raro
1853 1620 2025 1672 utilior
2067 1618 2231 1670 eidem

1230 1699 1492 1759 videatur‚·
1514 1705 1622 1749 tum
1645 1696 1779 1765 quod
1807 1694 2035 1747 Ecclesia
2071 1691 2234 1744 soleat

1233 1788 1343 1823 esse
1365 1772 1516 1823 valde
1545 1779 1725 1831 cauta,
1770 1777 1822 1822 et
1859 1769 2234 1834 circumspecta

1232 1848 1283 1898 in
1305 1847 1559 1898 similibus
1606 1845 1859 1904 censuriS,
1890 1843 1961 1894 ita
2001 1840 2229 1910 quidem,

1235 1927 1290 1972 ut
1308 1921 1424 1973 licet
1440 1921 1783 1972 assistentiam
1796 1918 2014 1986 Spiritus
2035 1916 2231 1974 Sancti,

1234 1995 1329 2047 sibi
1355 1995 1671 2047 adfuturam
1699 1994 1751 2046 in
1788 1991 2091 2044 necessariis
2132 2004 2234 2040 uon

1236 2069 1455 2129 dubitet,
1507 2069 1779 2121 temerarie
1831 2073 2003 2139 tamen
2045 2064 2107 2115 de
2146 2062 2234 2115 illa

1237 2143 1494 2195 confidere
1544 2142 1702 2203 nolit,
1748 2142 1845 2193 nisi
1891 2138 2216 2208 apertissima

1239 2219 1537 2279 necessitaS‚
1570 2223 1621 2269 et
1642 2216 1838 2268 utilitas
1860 2215 1909 2267 id
1937 2215 2133 2280 exigat.
2169 2230 2192 2259 »

1329 2293 1381 2344 5.
1428 2290 1507 2344 Gt.
1557 2290 1811 2360 Tou-rnely
1850 2286 1928 2360 (2)
1970 2288 2232 2347 observat,

1238 2382 1515 2419 censuram
1544 2366 1886 2434 theologicam
1917 2378 2017 2414 non
2052 2360 2237 2413 cadere

1238 2442 1291 2493 in
1321 2443 1456 2510 ipsos
1481 2441 1715 2510 praecise
1743 2436 2103 2508 propositionis
2130 2440 2236 2486 ter-

1243 2518 1441 2575 minos,
1500 2516 1708 2583 ipsaque
1762 2513 1964 2572 verba,
2017 2523 2237 2579 quorum

1244 2606 1395 2642 usum
1422 2605 1564 2642 mere
1603 2593 1896 2649 removeat3
1928 2590 2008 2637 ast
2034 2581 2237 2636 afficere

1243 2665 1561 2732 potissimum
1602 2660 1962 2731 propositionis
2002 2672 2232 2718 sensum,

1242 2746 1294 2791 et
1341 2738 1630 2791 doctrinam
1683 2735 1856 2788 verbis
1902 2746 2233 2801 expressam,

1241 2827 1398 2881 quam
1437 2811 1676 2879 configit,
1720 2825 1782 2862 ac
1821 2807 2072 2861 diffamat.
2115 2803 2238 2858 Ter·

1243 2888 1501 2939 minorum
1542 2902 1698 2947 vero,
1741 2889 1794 2937 et
1831 2880 2238 2952 propositionum

1243 2977 1426 3015 sensus
1453 2977 1554 3015 non
1582 2959 1748 3013 solum
1771 2973 1837 3010 ex
1863 2953 2145 3020 communi,
2176 2967 2239 3004 ac

1242 3037 1502 3088 constanti
1542 3050 1673 3092 usu,
1715 3031 1805 3085 sed
1857 3030 2132 3099 praecipue
2171 3042 2240 3078 ex

1243 3109 1670 3163 antecedentibus
1696 3113 1748 3159 et
1779 3101 2234 3173 consequentibu5‚

1244 3191 1388 3238 etex
1426 3183 1714 3236 intentione
1735 3178 1962 3232 auctoris
2002 3183 2144 3236 nota,
2186 3179 2239 3225 et

1244 3257 1502 3312 constanti
1529 3253 1878 3311 desumendus
1913 3258 2012 3316 est3
2044 3248 2239 3302 etenim

1245 3332 1451 3386 termini
1489 3331 1559 3384 ita
1598 3330 1664 3383 ab
1690 3344 1789 3381 usu
1828 3323 2140 3395 dependent,
2183 3327 2241 3373 ut

1243 3448 1358 3530 ”gns
1368 3450 1412 3485 T.
1437 3447 1473 3491 Ξ,
1498 3457 1532 3492 p.
1557 3445 1593 3482 Ω.
1617 3446 1669 3482 De
1691 3442 1878 3486 censuris,
1901 3449 1968 3478 seu
1991 3439 2090 3476 notis
2111 3437 2239 3480 theut..
