2332 3860
301 137 411 192 288
630 153 696 193 nr.
727 155 826 193 nno
865 156 914 192 ιΝ
953 154 1225 193 aetermam
1255 155 1326 192 -An
1363 154 1569 196 munuum
1599 155 1863 196 specu-ro.

233 236 428 289 tionem
464 237 797 305 perveniunt,
827 251 963 306 quae
986 235 1101 289 aliis
1123 235 1227 304 pla·
1287 236 1396 298 48,
1464 235 1616 292 Deus
1646 239 1894 307 praecipit
1932 237 2118 324 populo
2153 231 2262 307 Q
2328 255 2332 257 ·

234 325 344 363 nae
350 309 558 377 ignotae
584 317 724 393 sunt,
754 317 910 380 atque
936 310 1066 377 ide0,
1093 325 1225 379 quae

232 384 298 441 ab
337 383 438 438 illis
478 368 836 454 peraguntur,
886 384 964 437 his
1015 385 1224 437 omnino

235 459 363 516 mira
403 465 465 511 et
477 459 718 528 prodigiis
745 457 930 511 similia
959 459 1219 510 videntur.

231 530 427 586 Verum
485 532 547 585 de
606 533 771 601 magia
815 532 1037 584 naturali
1081 531 1225 585 nobis

233 605 318 660 hic
355 621 525 659 sermo
567 622 666 659 non
710 613 805 659 est.
849 599 1088 669 Quaestio
1129 613 1223 672 est,

232 695 301 734 an
340 681 512 748 magia
553 681 799 741 diabolica
839 682 1049 741 existat,
1081 687 1133 733 et
1158 696 1223 731 an

234 770 356 808 vere
398 755 588 807 dentur
627 757 763 824 magi
804 762 855 807 et
894 770 1068 823 sagae,
1093 769 1224 822 quac

233 829 388 884 etiam
430 828 625 898 lamiae·
668 838 719 882 et
763 830 952 896 striges
1012 829 1223 881 vocitari

233 903 422 973 solent.
466 902 654 969 Magia,
699 910 756 955 ut
794 903 857 955 de
897 904 1008 955 eius
1060 903 1222 970 possi-

234 976 454 1047 bilitate,
471 978 725 1044 realitate,
740 978 1014 1029 existentia
1026 984 1224 1029 rectum

234 1051 481 1119 iudicium
521 1051 749 1111 feratur,
792 1051 887 1102 sub
925 1050 1110 1119 triplici
1152 1067 1227 1102 re-

235 1132 413 1193 spectu
453 1125 823 1177 consideranda
876 1132 991 1186 est,
1043 1136 1225 1191 nempe

238 1199 295 1251 1⁰
337 1206 392 1251 ut
429 1199 646 1259 crimen,
684 1200 742 1252 ⁶2⁰
794 1206 850 1250 ut
889 1215 1003 1258 ars,
1059 1199 1118 1250 5⁰
1171 1206 1227 1250 ut

235 1273 438 1341 factum.
481 1272 687 1325 Crimen
728 1273 931 1340 magiae
957 1280 1096 1325 certe
1125 1273 1228 1325 exi-

235 1352 372 1404 stere
414 1353 606 1415 potest:
649 1363 734 1399 ars
775 1348 973 1413 magica
1016 1363 1115 1399 non
1137 1348 1228 1398 im—

236 1421 419 1473 merito
444 1427 710 1488 negatur:
754 1421 843 1474 sed
873 1421 1005 1473 facta
1028 1422 1225 1488 magica

238 1496 444 1547 omnino
483 1495 803 1549 admittenda
834 1502 974 1547 sunt.

314 1570 364 1622 l.
408 1568 613 1622 Crimen
661 1570 857 1637 magiae
910 1575 987 1621 est
1042 1569 1228 1636 impius

238 1643 458 1697 hominis
508 1650 763 1714 conatus«,
819 1659 914 1711 ope
966 1642 1229 1698 daemonis

238 1719 368 1771 mira
409 1717 682 1770 efficiendi.
715 1717 1130 1785 Quotiescunque
1151 1733 1227 1769 cr-

240 1808 304 1859 go
319 1790 472 1845 homo
493 1793 680 1844 seriam
700 1793 1023 1844 voluntatem
1050 1791 1224 1852 babet,

239 1872 330 1918 aut
350 1873 592 1918 conatum
607 1865 836 1927 adhibet,
857 1881 952 1933 ope
966 1865 1229 1916 daemonis

241 1938 324 1992 vel
348 1941 444 1992 sibi
466 1939 873 1993 emolumentum
896 1939 1223 2006 procurandi,

239 2015 321 2067 vel
362 2014 513 2066 alteri
552 2013 798 2067 damnum
840 2012 1108 2073 inferendi,
1133 2013 1229 2064 cri-

196 2118 210 2123 *
241 2088 392 2141 minis
420 2088 634 2155 'magiae
681 2104 799 2140 reus
858 2087 1187 2140 constituitur
1212 2127 1224 2148 ‚

239 2163 350 2215 sive
388 2162 601 2215 effectus
640 2168 884 2231 sequatur
936 2163 1046 2213 sive
1102 2178 1223 2213 non.

241 2235 348 2290 lam
387 2237 430 2289 si
470 2237 753 2306 quaeritur,
797 2252 861 2288 an
903 2236 1096 2288 crimen
1128 2252 1228 2290 ma·

241 2312 357 2381 giae
395 2311 618 2364 existere
659 2311 835 2378 possit,
878 2325 939 2363 ac
981 2325 1100 2362 vere
1140 2325 1231 2362 ex-

243 2386 422 2446 titerit,
464 2384 772 2438 affirmative
818 2382 1229 2449 respondendum

243 2476 375 2518 esse,
400 2460 737 2528 gravissimae
754 2459 973 2511 rationes
998 2459 1230 2526 probant.

244 2533 446 2586 Etenim
486 2549 605 2586 cum
647 2534 878 2585 homines
935 2534 1102 2601 quoad
1159 2533 1232 2583 in-

247 2607 511 2662 tellectum
533 2607 686 2660 valde
705 2608 985 2667 obscurati,
1002 2614 1052 2658 et
1066 2606 1228 2675 quoad

248 2681 566 2734 voluntatem
582 2682 807 2734 maxime
820 2681 1082 2748 depravati
1106 2681 1228 2740 sint,

247 2763 384 2808 certe
425 2757 581 2809 etiam
619 2755 682 2807 ad
705 2755 859 2808 talem
891 2755 1151 2806 vesaniam
1172 2770 1233 2805 ac

248 2830 562 2896 impietatem
604 2829 871 2898 pervenire
914 2835 1144 2896 possunt,
1178 2834 1233 2878 ut

246 2903 340 2955 sibi
383 2904 743 2971 persuadeant,
798 2919 829 2955 a
881 2902 1130 2954 daemone
1179 2917 1232 2952 se

251 2975 353 3029 tale
391 2979 640 3030 auxilium
668 2992 877 3046 sperare
908 2993 1073 3044 posse,
1099 2975 1232 3044 quod

250 3050 314 3103 ad
354 3051 528 3118 iniqua
567 3051 818 3104 desideria
858 3066 950 3102 sua
979 3049 1233 3118 explenda

251 3124 416 3194 frutra
479 3140 508 3175 a
567 3117 671 3177 Dco
733 3131 1029 3192 expectant.
1084 3124 1236 3176 Prae-

253 3205 393 3251 terea
418 3192 613 3249 crimen
642 3199 840 3266 magiae
861 3199 927 3251 ab
948 3198 1237 3250 bominibus

253 3271 498 3325 committi
540 3286 706 3353 posse,
749 3273 886 3323 clare
909 3278 1048 3340 patet
1074 3288 1140 3324 ex
1167 3271 1236 3323 le-

250 3345 402 3414 gibus
412 3344 748 3426 gravissimiS,
769 3361 896 3412 quas
911 3345 1047 3398 Deus
1062 3353 1237 3399 contra

253 3417 367 3490 illos
406 3417 541 3481 tulit,
583 3418 669 3485 qui
710 3423 814 3471 tam
867 3418 1076 3471 isnmani
1131 3434 1239 3471 see-

252 3496 363 3561 ‚ere
381 3491 833 3556 conta-minantur.
881 3490 1041 3544 Exod.
1071 3490 1234 3552 XXIL

1280 382 1428 454 XIX,
1473 385 1564 437 51:
1587 385 1706 438 Non
1723 387 1970 441 declinetis
1995 387 2058 439 ad
2085 401 2297 474 magnit...
2316 419 2332 453 ς

1284 277 1538 380 Maleficos
1564 328 1664 374 non
1698 313 1905 382 patieris
1944 316 2120 366 vivere.
2141 313 2272 381 Levi}
2297 322 2332 411 ⁴

1285 474 1369 510 nec
1393 458 1454 511 ab
1472 459 1650 512 ariolis
1699 451 1891 528 aliquid
1933 463 2270 518 sciscitemini.
2253 429 2332 553 ’ἐξ

1288 531 1414 583 lbid.
1451 531 1573 585 XX.
1608 532 1812 587 Virsive
1828 534 2038 599 mulier,
2080 535 2135 587 in
2161 534 2332 615 qiwh

1286 605 1371 657 bus
1384 606 1696 674 pythonica&
1715 607 1801 660 vel
1821 608 2144 669 divinationis
2170 611 2304 678 sne«
2254 602 2332 672 «ἐξ

1285 679 1596 749 νὶιερὶνὶιιις,
1627 689 1801 733 morte
1811 683 2076 735 moriatur.
2109 682 2305 747 Etiam-'—

1287 753 1335 804 in
1390 770 1519 807 aevo
1573 755 1849 812 christiano
1887 756 2120 809 homines
2172 764 2301 810 tam'

1285 827 1586 881 obcaecatos
1607 836 1659 882 et
1680 837 1948 897 corruptos
1973 830 2082 883 dari
2107 846 2271 899 posse,
2296 846 2304 889 ’,-
2328 857 2332 898 j

1285 903 1370 969 qui
1432 904 1656 971 magiam
1701 919 1946 957 exercere
1999 906 2270 967 nitantur,
2324 942 2332 946 «

1291 982 1427 1041 patet
1467 994 1533 1029 ex
1574 977 1774 1045 legibus
1813 985 1864 1030 et
1892 979 2093 1046 poeniS‚
2148 995 2274 1047 quas
2307 979 2309 981 ’

1287 1049 1516 1103 Ecclesia
1555 1049 1739 1104 Christi
1781 1058 1958 1104 contra
2016 1053 2275 1106 maleficos

1287 1123 1425 1186 tulit,
1468 1126 1646 1194 quales
1684 1131 1908 1178 statutae
1930 1134 2050 1181 sunt
2076 1125 2277 1180 ιιι-66η-

1287 1198 1399 1250 cilio
1427 1198 1709 1263 Aqalliensi,
1738 1200 1788 1251 in
1823 1200 2044 1255 Toletano
2059 1201 2127 1254 lv
2154 1217 2270 1257 can.

1289 1272 1437 1337 28,in
1461 1272 1704 1325 Ticinensi
1724 1290 1839 1326 can.
1863 1274 1954 1335 95,
1983 1274 2044 1327 In
2062 1273 2277 1327 Concilio

1289 1346 1645 1399 Mediolanensi
1671 1347 1702 1399 I
1736 1348 1831 1401 sub
1868 1347 1922 1401 S.
1955 1347 2135 1402 Carolo
2156 1346 2278 1402 Bor·

1291 1435 1460 1472 romeo
1501 1421 1776 1478 celebrato.

1363 1494 1416 1545 9.
1453 1492 1554 1546 Ars
1592 1496 1791 1562 magica
1815 1494 2002 1549 dicitur
2035 1495 2275 1559 facultaS‚

1292 1568 1465 1634 positis
1504 1568 1812 1637 quibusdam
1851 1571 2036 1638 signiS‚
2068 1570 2280 1624 effectus

1291 1641 1447 1694 miros
1485 1655 1581 1710 ope
1628 1643 1892 1697 daemonis
1941 1645 2275 1714 producendi.

1291 1715 1457 1783 Magia
1497 1728 1620 1784 ergo
1663 1725 1928 1787 tamquam
1985 1735 2071 1772 ars
2116 1721 2281 1773 consi-

1291 1789 1487 1849 derata,
1520 1793 1759 1859 supponit
1786 1800 1927 1844 certa
1954 1794 2122 1861 signa,
2148 1810 2281 1862 quae

1289 1879 1318 1915 a
1361 1865 1523 1931 magis
1564 1866 1643 1916 vel
1691 1866 1827 1933 sagis
1877 1868 2079 1935 posita,
2137 1868 2282 1930 dum·

1293 1937 1441 1990 modo
1483 1954 1582 1991 non
1627 1954 1714 2006 per
1752 1942 2027 2003 orationeS‚
2072 1958 2153 1995 res
2201 1943 2281 1995 be·

1290 2011 1555 2071 nedictas‚
1622 2015 1934 2068 exorcismos
1979 2022 2079 2068 etc.
2136 2032 2280 2068 ener-

1292 2093 1499 2147 ventur,
1542 2103 1609 2139 ex
1647 2103 1703 2140 se
1741 2089 1967 2142 efficacia
2006 2097 2127 2141 sunt
2165 2091 2280 2143 dae·

1293 2176 1495 2212 monem
1534 2161 1841 2224 advocandi,
1883 2170 1936 2216 et
1974 2164 2133 2231 ipsius
2184 2181 2279 2232 ope

1292 2233 1372 2285 vel
1413 2235 1507 2286 sibi
1548 2237 1874 2289 commodum
1925 2240 2276 2307 comparandi,

1293 2307 1373 2359 vel
1423 2308 1538 2362 aliis
1591 2309 1962 2364 detrimentum
2001 2312 2273 2366 inferendi.

1291 2380 1347 2433 Iu
1377 2381 1473 2434 boc
1494 2399 1649 2435 sensu
1681 2401 1779 2436 non
1809 2388 1956 2453 pauci
1982 2394 2147 2443 artem
2166 2402 2277 2440 ma-

1291 2456 1458 2526 gicam
1502 2464 1760 2526 tamquam
1789 2461 2096 2512 existentem
2122 2461 2280 2514 admi·

1292 2537 1471 2583 serunt
1498 2538 1549 2583 et
1573 2540 1979 2603 propugnarunt.
2005 2532 2101 2586 Ast
2123 2535 2279 2588 talem

1292 2614 1455 2656 artem
1505 2605 1556 2656 in
1610 2622 1763 2658 sensu
1815 2606 2075 2660 declarato
2114 2609 2281 2661 nulla·-

1295 2686 1445 2730 tenus
1485 2681 1706 2734 existere
1744 2681 1924 2748 gravia
1974 2690 2281 2749 argumenta

1295 2752 1531 2818 probant.
1576 2752 1784 2807 Certum
1825 2757 1963 2814 enim
1981 2763 2079 2820 est,
2115 2757 2281 2811 solum

1295 2826 1458 2878 Deum
1510 2842 1621 2878 esse
1661 2829 1953 2882 absolutum
2000 2846 2173 2886 rerum
2222 2850 2283 2886 o·

1297 2902 1491 2953 mnium
1531 2901 1815 2963 dominum,
1870 2908 2283 2963 conservatorem

1296 2982 1346 3026 et
1383 2974 1802 3042 gubernatorem,
1833 2978 1980 3030 cuius
2007 2978 2280 3032 Providen-

1296 3051 1365 3100 tia
1405 3049 1603 3117 actinyic
1621 3066 1662 3105 α
1688 3052 1781 3118 fine
1829 3067 2008 3118 usqne
2027 3053 2092 3104 ad
2132 3053 2282 3121 finem

1294 3123 1536 3189 fortiter,
1558 3131 1602 3173 et
1637 3124 1846 3192 disponit
1872 3125 2047 3187 omnia
2063 3129 2283 3179 suaviter

1298 3195 1394 3266 (l).
1444 3194 1602 3262 igitur
1627 3197 1847 3280 absque
1863 3188 1966 3250 Dei
1995 3180 2277 3262 voluntate,
2315 3197 2332 3246 ſs

1297 3269 1482 3323 saltem
1527 3270 1858 3335 permissiva,
1889 3272 2012 3337 nibil
2053 3273 2104 3324 in
2161 3276 2284 3329 orbe
2330 3299 2332 3302 ⁴

1301 3349 1552 3411 terrarum
1574 3344 1875 3411 contingere
1901 3351 2085 3410 potest.
2110 3346 2284 3406 Nonne
2330 3367 2332 3370 ’

1299 3418 1370 3482 ait
1407 3415 1657 3489 Christ-u&
1698 3417 1794 3470 dno
1823 3433 2046 3486 passeres
2070 3436 2175 3474 asse
2207 3437 2283 3479 im
2330 3446 2332 3449 ¹

1344 3518 1396 3562 (l)
1419 3519 1487 3561 Sap
1524 3517 1558 3560 8,
1584 3517 1615 3553 1.
