2332 3860
78 0 87 7 r
113 4 117 6 v
147 6 150 10 Α

76 31 86 42 q
110 10 118 32 ⁴«
147 19 154 26 κ

70 45 120 70 2*ae

53 75 68 100 *v
104 84 105 87 Ἰ
258 86 262 94 1

167 102 181 109 ·

57 118 63 126 =

11 139 14 147 v

3 174 36 199 ‘¹‘

3 229 191 301 fenim
229 245 433 309 negato,
475 245 648 291 rueret
694 244 802 292 tum
860 236 1033 291 Incar-

0 354 2 357 —
46 314 291 376 nationis„
333 319 443 366 tum
481 311 862 379 Redemptionis
901 327 1034 380 smy-

31 392 285 457 asterium.
329 386 615 438 lncarnatio
643 387 782 437 enim
808 392 887 438 est
912 386 1032 438 unio

2 462 368 535 „shypostatiea
433 465 648 511 naturae
712 460 917 511 divinae
981 465 1033 511 et

6 539 302 592 “humanae
340 535 391 586 in
433 548 535 585 una
574 532 729 586 Verbi
777 548 1027 601 persona3

36 606 234 680 ,negata
273 623 394 675 ergo
433 622 536 659 una
576 606 658 658 vel
692 606 854 658 altera
882 613 1032 658 natu-

51 701 127 747 ra,
168 682 534 736 incarnationis
574 681 711 732 notio
753 680 952 747 penitus
979 696 1031 731 ε-

51 758 288 818 vertitur,
330 762 382 808 et
422 770 586 823 neque
626 754 853 809 Verbum
912 769 1031 805 caro

51 833 260 892 factum,
304 845 467 897 neque
506 827 737 880 Christus
775 826 1032 880 Deus-ho-

51 922 133 959 mo
170 905 267 957 dici
307 910 488 972 potest.
532 931 603 941 -—
654 901 844 954 Eodem
883 900 1031 953 modo

53 995 140 1049 per
178 993 389 1047 pravam
446 975 693 1045 Eutychis
750 975 1030 1028 doctrinam

51 1054 292 1106 universa
330 1052 664 1118 reparationis
691 1056 893 1101 nostrae
922 1064 1031 1116 my-

46 1127 204 1180 steria
242 1131 564 1178 evertuntur.
607 1122 685 1175 Ad
725 1123 857 1175 hanc
894 1124 1031 1175 enim

56 1199 414 1269 perficiendam
436 1198 584 1250 debet
606 1204 789 1250 natura
808 1197 1029 1251 humana

55 1274 452 1327 satisfactionem
492 1271 724 1340 patiendo
754 1278 1030 1339 praestare,

51 1356 102 1401 et
141 1348 311 1399 divina
349 1346 499 1398 debet
555 1346 852 1413 requisitum
891 1346 1033 1396 satis-

22 1422 254 1494 ‘sactioni
295 1421 520 1472 valorem
561 1426 612 1471 et
658 1421 876 1487 pretium
916 1434 1033 1470 eon-

50 1496 201 1548 ferre.
245 1494 340 1547 Ast
376 1495 416 1545 si
459 1494 655 1545 nonnisi
688 1509 787 1545 una
814 1494 864 1544 in
892 1492 1032 1545 Chri·

50 1578 130 1622 sto
170 1576 351 1620 natura
377 1568 641 1628 asseritur,
674 1567 801 1619 haec
827 1568 868 1619 si
895 1582 1033 1618 mere

51 1644 275 1696 bumana
290 1642 495 1693 etfinita
510 1642 620 1708 fuit,
635 1658 731 1693 non
750 1641 910 1709 potuit
926 1641 1035 1692 infi-

50 1718 210 1769 nitam
231 1716 624 1768 satisfactionem
672 1721 949 1782 praestare3
992 1715 1032 1766 si

50 1806 190 1843 mere
212 1791 382 1841 divina
399 1796 449 1841 et
465 1789 660 1840 infinita
676 1790 787 1849 fuit,
811 1803 909 1841 non
949 1804 1034 1855 po-

54 1865 150 1917 tuit
171 1865 272 1933 pati
290 1869 341 1915 et
354 1864 498 1924 mori,
517 1879 607 1914 seu
630 1864 868 1931 requisita
888 1863 1034 1914 satis-

51 1938 284 1992 factionis
310 1953 462 2005 opera
498 1938 775 2005 suscipere.
816 1936 1031 1988 Demum

51 2014 94 2065 si
149 2028 217 2064 ex
273 2011 604 2063 humanitatis
666 2018 717 2063 et
755 2011 1034 2062 divinitatis

52 2086 281 2138 unitione
321 2086 470 2137 tertia
510 2092 692 2138 natura
733 2084 934 2152 prodiit,
966 2084 1035 2135 di·

52 2160 272 2212 cendum
312 2160 426 2220 erit,
476 2159 794 2211 divinitatem
851 2159 1034 2210 immu-

53 2240 214 2286 tatam
254 2233 470 2300 passioni
493 2234 740 2301 mortique
762 2233 1035 2284 obnoxiam

53 2307 229 2368 fuisse,
272 2322 486 2374 eamque
524 2323 553 2358 a
610 2323 701 2359 suo
758 2314 893 2359 statu
951 2319 1035 2358 oe·

54 2382 238 2433 iectam
279 2380 412 2431 haud
443 2379 641 2432 solvere
676 2382 897 2448 potuisse
925 2397 1035 2448 pre-

55 2455 184 2507 tium
223 2454 496 2514 infinitum,
540 2470 669 2521 quae
707 2455 877 2507 omnia
930 2470 1036 2506 ma-

55 2529 246 2580 ximam
271 2527 721 2580 contradictionem
750 2528 1035 2580 involvunt.

55 2632 130 2643 -
154 2602 343 2669 Operae
383 2603 538 2667 igitur
579 2603 795 2669 pretium
834 2610 931 2660 est,
982 2609 1038 2654 ut

58 2692 298 2745 perversa
337 2675 583 2744 Eutychis
623 2675 851 2728 doctrina
891 2677 1037 2729 refel-

59 2750 215 2810 latur,
256 2757 308 2801 et
369 2749 552 2815 dogma
604 2749 913 2801 catholicum
976 2751 1037 2802 de

61 2823 259 2875 duabus
297 2823 348 2874 in
369 2820 568 2874 Christo
590 2824 784 2875 naturis
805 2826 1034 2891 integriS,

61 2896 333 2955 distinctis,
354 2896 631 2948 inconfusis
644 2899 1040 2965 etimpermixtis

61 2986 128 3022 ex
156 2970 215 3023 S.
258 2969 534 3037 Scriptura,
574 2986 636 3022 ex
677 2970 953 3024 Traditione
991 2980 1042 3025 et

59 3060 122 3097 eae
158 3044 348 3096 ratione
386 3042 644 3108 theoloqica
683 3045 941 3111 probetur.

136 3119 187 3169 Δ.
229 3117 313 3169 Em
349 3115 401 3169 S.
443 3115 714 3185 Scriptura.
740 3117 792 3170 Si
814 3117 1043 3172 Christus

66 3205 216 3243 verus
253 3190 390 3243 Deus
427 3197 506 3243 est
542 3198 594 3243 et
655 3207 806 3244 verus
870 3193 1039 3255 bomO,

63 3265 349 3318 necessario
406 3265 457 3315 in
522 3265 630 3331 ipso
691 3268 1044 3334 agnoscendae

65 3344 187 3389 sunt
230 3337 361 3390 duae
419 3343 664 3402 naturae3
726 3356 825 3392 non
884 3348 1045 3410 potest

68 3411 205 3462 enim
242 3409 378 3463 Deus
416 3427 527 3464 esse
574 3412 683 3464 sine
741 3415 937 3483 integra
995 3422 1045 3468 et

67 3483 332 3537 inconfusa
373 3492 555 3538 natura
589 3485 781 3550 divina,
835 3496 886 3542 et
943 3506 1044 3543 non

214 3594 358 3647 Knou,
379 3594 528 3639 Theol.
565 3598 722 3650 Doqm.
753 3620 800 3631 2-
832 3600 925 3642 Vol.
951 3601 972 3642 l

671 157 786 196 PARS
822 157 895 195 111.
939 155 1104 198 snc'rlo
1142 163 1177 195 Ι.
1220 157 1372 196 carm·
1409 159 1462 196 11.

1093 244 1259 307 potest
1294 237 1446 291 homo
1484 254 1596 293 esse
1640 241 1751 294 sine
1789 243 1988 310 integra
2026 251 2077 298 et

1093 311 1355 365 inconfusa
1402 319 1586 366 natura
1647 314 1893 377 humana,
1958 320 2078 386 quia

1093 386 1358 442 deficiente
1383 386 1458 437 rei
1484 390 1724 449 essentia,
1755 405 1843 441 seu
1870 397 2073 451 natura,

1093 476 1176 512 res
1213 461 1320 528 ipsa
1359 458 1548 512 deficit.
1593 461 1743 530 Atqui
1787 462 1887 514 iam
1935 466 2075 530 prius

1092 549 1159 586 ex
1194 533 1247 586 S.
1290 532 1477 603 Script.
1510 535 1778 601 probatum
1805 542 1902 597 est,
1934 535 2077 590 Chri-

1092 614 1228 660 stum
1268 622 1379 659 esse
1421 623 1600 660 verum
1661 608 1825 661 Deum
1849 628 1866 674 3
1920 626 2077 678 quare

1093 681 1156 734 de
1219 683 1326 749 ipso
1379 682 1531 734 etiam
1596 683 1842 735 attributa
1906 683 2079 737 divina

1095 756 1469 822 praedicantur,
1513 756 1772 824 quodlibet
1803 764 1976 810 autem
2002 765 2078 810 at-

1093 828 1337 881 tributum
1378 829 1608 881 divinum
1649 837 1726 883 est
1764 831 1871 898 ipsa
1911 847 2080 884 essen-

1094 902 1183 962 tia,
1214 918 1302 954 seu
1332 910 1515 955 natura
1549 903 1740 957 divina:
1766 905 2078 958 demonstra·

1092 982 1302 1044 tumque
1330 993 1529 1046 quoque
1551 989 1649 1039 est,
1680 977 1937 1031 Christum
1967 995 2078 1032 esse

1094 1066 1274 1102 verum
1313 1051 1592 1113 hominem,
1636 1060 1686 1106 et
1726 1054 1776 1104 in
1816 1054 1983 1121 specie
2031 1070 2078 1106 o-

1093 1130 1320 1176 stensum
1389 1126 1499 1186 fuit,
1566 1126 1615 1178 in
1685 1125 1884 1180 Christo
1923 1128 2076 1179 etiam

1093 1199 1308 1250 inveniri
1332 1200 1501 1252 omnia
1535 1201 1889 1253 substantialia
1919 1201 2078 1253 homi-

1094 1274 1191 1332 nis,
1260 1288 1442 1341 nempe
1505 1290 1688 1342 corpus
1746 1283 1798 1328 et
1853 1276 2078 1327 animam

1094 1346 1391 1409 humanam,
1436 1349 1630 1400 ratione
1696 1356 1747 1401 et
1814 1348 2078 1402 voluntate

1097 1421 1397 1488 praeditam,
1443 1429 1596 1490 atque
1636 1423 1747 1475 ideo
1793 1423 1886 1491 ipsi
1943 1438 2080 1476 com-

1100 1502 1270 1562 petere
1317 1496 1468 1547 etiam
1524 1498 1770 1550 attributa
1831 1498 2075 1559 bumana,

1101 1585 1230 1636 quae
1269 1571 1378 1621 sine
1419 1575 1600 1623 natura
1640 1571 2079 1623 bumana'existe·

1096 1659 1149 1694 re
1188 1659 1286 1695 non
1331 1651 1576 1710 possunt:
1623 1661 1743 1711 ergo
1783 1647 1832 1696 in
1875 1644 2076 1697 Christo

1095 1726 1171 1768 est
1211 1724 1393 1770 natura
1434 1725 1542 1770 tum
1582 1718 1781 1779 divina,
1826 1726 1934 1771 tum
1978 1719 2076 1770 hu-

1095 1807 1244 1843 mana
1285 1792 1482 1858 integra
1522 1800 1573 1844 et
1612 1793 1913 1844 inconfusa:
1955 1807 2076 1860 ergo

1094 1865 1224 1917 duae
1263 1873 1382 1917 sunt
1422 1867 1472 1917 in
1513 1866 1710 1918 Christo
1752 1873 1964 1919 naturae
1999 1868 2074 1918 in-

1095 1946 1268 2002 tegrae
1321 1946 1372 1991 et
1429 1940 1744 2002 inconfusae,
1806 1941 2076 1993 distinctae

1094 2020 1145 2065 et
1166 2015 1623 2081 impermixtae.—
1649 2014 1895 2082 Speeialia
1923 2015 2076 2067 etiam

1094 2087 1147 2139 S.
1190 2088 1483 2154 Scripturae
1524 2089 1632 2140 loca
1671 2089 1813 2140 citari
1845 2096 2073 2155 possunt,

1095 2177 1161 2213 ex
1199 2163 1382 2229 quibus
1424 2162 1708 2214 luculenter
1749 2169 1906 2229 patet,
1950 2162 2076 2214 duas

1097 2251 1206 2287 esse
1246 2237 1295 2286 in
1336 2234 1533 2291 Christo
1592 2244 1801 2288 naturas
1851 2239 2077 2303 integras

1096 2309 1320 2360 divinam
1361 2318 1412 2362 et
1451 2311 1750 2371 humanam,
1805 2310 1961 2361 salvis
2026 2326 2079 2361 u-

1097 2384 1323 2450 triusque
1348 2385 1757 2450 proprietatibus,
1789 2384 2078 2436 inconfusas

1097 2463 1148 2508 et
1186 2458 1552 2524 impermixtaS.
1596 2457 1648 2509 S.
1693 2458 1906 2510 Ioannes
1948 2463 2079 2525 post·
2126 2493 2129 2495 -

1098 2546 1250 2598 quam
1289 2533 1339 2581 in
1369 2531 1630 2599 Evangelii
1654 2533 1728 2583 sui
1766 2532 1907 2583 initio
1938 2546 2079 2599 prae-

1098 2605 1235 2656 clare
1273 2605 1336 2656 de
1375 2604 1528 2658 Verbi
1569 2606 1830 2658 divinitate
1852 2605 2082 2657 enuntia-

1101 2681 1172 2730 vit
1211 2678 1422 2730 dicens:
1465 2679 1525 2730 In
1556 2680 1799 2747 principio
1831 2686 1935 2731 erat
1969 2678 2082 2733 Ver-

1102 2753 1214 2804 bum
1253 2760 1297 2804 et
1344 2752 1549 2805 Verbum
1588 2763 1692 2805 erat
1730 2754 1857 2821 apud
1895 2753 2078 2814 Deum,

1098 2835 1142 2878 et
1179 2826 1308 2879 Deus
1345 2835 1449 2882 erat
1490 2827 1722 2881 Verbum.
1767 2826 1942 2880 Omnia
1994 2842 2082 2894 per

1100 2901 1261 2967 ipsum
1298 2902 1427 2968 facta
1453 2910 1584 2961 sum,
1606 2909 1731 2962 etc.,
1765 2908 1935 2969 postea
1962 2902 2082 2953 sub-

1101 2974 1296 3043 iungit:
1343 2975 1408 3026 Ει
1473 2975 1677 3027 Verbum
1731 2991 1844 3027 caro
1903 2977 2084 3042 factum

1101 3056 1187 3108 est,
1229 3057 1272 3100 ει
1312 3048 1546 3100 habitavit
1596 3050 1650 3100 in
1704 3049 1838 3102 nobis
1877 3047 1975 3118 (l);
2031 3065 2084 3100 a·

1105 3129 1245 3188 perte
1295 3136 1414 3189 ergo
1473 3125 1525 3174 in
1590 3121 1759 3177 Verbo
1823 3123 2086 3190 distinguit

1107 3202 1339 3247 naturam
1363 3197 1608 3258 divinam,
1627 3213 1756 3265 quae
1783 3198 1847 3250 ab
1876 3204 2086 3250 aeterno

1105 3264 1198 3321 fuit
1235 3269 1368 3337 apud
1411 3269 1610 3322 Patrem
1668 3278 1721 3323 et
1776 3271 1870 3323 fuit
1926 3270 2083 3329 DeuS,

1104 3350 1256 3411 atque
1299 3350 1534 3395 naturam
1573 3344 1874 3406 humanam,
1935 3358 2089 3412 quam

1106 3419 1154 3468 in
1198 3424 1424 3484 tempore
1463 3420 1756 3488 assumpsit,
1801 3424 1976 3486 etqua
2007 3417 2089 3468 ha-

1152 3517 1199 3562 (1)
1229 3518 1311 3562 cap.
1337 3518 1374 3562 ι,
1399 3528 1434 3556 v.
1459 3519 1514 3555 u
1564 3556 1573 3565 ,

1887 3597 1944 3643 30
