2332 3860
0 0 6 27 1

0 40 5 63 l

11 124 73 213 4ae
535 152 537 154 .
564 115 568 121 ’
716 111 838 151 PARS
875 112 965 152 m.

61 1215 64 1218 .
89 1160 160 1214 ait
222 1157 276 1212 S.

995 110 1161 153 storto
1199 103 1242 157 1
1279 108 1432 151 CAPUT
1470 112 1504 151 1.

1956 79 2071 152 'aas

30 203 204 261 ⁴§ami
240 188 327 250 ilie
364 191 457 247 hos
485 198 656 247 motus
681 199 856 246 certae
886 186 1086 264 dispen·
1143 201 1255 249 tum
1282 190 1335 248 et
1360 190 1720 247 affectionibus
1747 170 2007 260 tristitiae,
2038 203 2146 249 me-

17 249 319 343 ,sationis
331 259 518 334 gratia
530 268 602 320 ita
629 271 749 320 cum
787 266 982 331 voluit
1003 272 1086 330 su-
1148 277 1231 323 tus
1269 267 1372 322 etc‘.
1417 260 1636 322 obnoxia
1677 269 1833 321 esset.

82 344 259 414 'acepit
283 339 457 395 animo
482 341 730 407 humano,
758 348 816 395 ut
854 357 975 396 cum
1001 358 1086 396 vo-

83 418 183 475 tuit
220 418 386 471 factus
425 420 504 468 'est
543 415 778 468 homo.»

87 527 96 545 .
151 492 213 545 ³3.
257 489 485 543 Rationes
526 489 811 558 theoloyicae
866 489 1083 543 eandem

84 566 372 627 doctrinam
446 563 774 617 confirmant.
851 562 1085 616 Christus

83 638 662 708 integramhumanam
715 645 954 690 naturam
994 653 1083 690 su-

85 715 267 783 scepit,
309 713 399 765 sed
438 713 502 765 ad
546 713 678 764 hanc
720 713 978 780 pertinent
1007 719 1081 764 et·

52 790 190 844 §iam
231 786 493 840 naturales
546 787 842 839 affectiones
880 794 932 839 et
973 803 1084 854 pas·

87 864 258 930 siones
297 869 406 913 tum
435 862 727 929 corporales
754 867 863 912 tum
894 862 1087 912 anima-

87 933 182 991 les:
226 951 349 1002 ergo
389 937 545 988 etiam
575 936 702 988 istae
746 954 772 983 a
804 936 855 986 in
885 933 1084 986 Christo

87 1013 335 1072 fuerunt,
380 1012 513 1062 sicut
564 1016 615 1062 et
667 1016 891 1070 caetera,
954 1025 1084 1078 quae

88 1085 153 1140 ad
191 1092 431 1138 naturam
473 1083 693 1136 hominis
735 1084 1012 1152 pertinent,
1059 1102 1080 1129 »

338 1158 544 1210 Thomas
608 1156 701 1228 (1).
766 1156 900 1209 Istae
965 1156 1086 1208 affc-

89 1234 284 1287 ctiones
324 1239 376 1284 et
404 1233 664 1300 passiones
692 1232 742 1283 in
786 1231 983 1283 Adamo
1012 1233 1086 1282 in-

89 1312 307 1361 nocente
346 1307 477 1358 benc
516 1306 782 1358 ordinatae
823 1312 873 1357 et
902 1306 1084 1357 rationi

56 1382 431 1450 *obsequentes
470 1387 636 1446 erant,
678 1387 729 1432 et
767 1379 1087 1431 solummodo

89 1471 180 1526 per
206 1463 475 1524 peccatum
490 1454 737 1521 originale
767 1454 958 1505 factum
987 1460 1084 1514 est,

91 1537 148 1582 ut
190 1536 362 1582 rectus
401 1529 524 1581 ordo
567 1528 994 1595 perturbaretur,
1039 1535 1090 1579 et

90 1603 388 1657 affectiones
426 1619 486 1654 ac
527 1605 789 1670 passiones
835 1604 1091 1670 appetitus

92 1678 322 1731 sensitivi
390 1677 638 1729 rationem
703 1683 1089 1728 anteverterent

93 1758 145 1804 et
183 1751 281 1818 legi
324 1750 414 1802 Dei
456 1757 824 1818 repugnarent.
885 1756 972 1802 Ast
1021 1750 1093 1802 le-

95 1841 184 1878 sus
222 1825 456 1876 Christus
498 1832 705 1893 peccato
746 1825 979 1888 originali
1023 1826 1093 1875 in-

95 1900 340 1969 quinatus
380 1915 480 1951 non
522 1907 638 1960 est,
702 1898 837 1950 unde
892 1899 942 1949 in
986 1899 1092 1966 ipso

95 1988 274 2027 omnes
313 1973 609 2025 affectiones
637 1980 687 2024 et
718 1973 979 2040 passiones
1009 1990 1094 2024 na-

97 2048 292 2102 turales
330 2049 519 2115 optime
559 2048 823 2099 ordinatae
864 2054 1010 2098 erant
1044 2054 1093 2098 et

65 2165 70 2167 >
96 2122 289 2175 bonum
330 2138 429 2174 non
460 2124 824 2190 impediebant,
851 2121 937 2173 sed
983 2137 1095 2188 pro·

98 2197 395 2258 movebant,
437 2197 569 2264 quod
611 2196 884 2265 praecipue
925 2212 990 2247 ex
1039 2212 1094 2246 u·

98 2270 251 2323 nione
292 2270 608 2339 hypostatica
662 2278 874 2322 naturae
916 2270 1096 2321 buma-

100 2360 198 2396 nae
239 2359 356 2397 cum
398 2344 566 2398 Verbo
605 2346 874 2413 sequitur,
924 2351 981 2395 ut
1021 2344 1096 2394 in·

99 2419 256 2471 scrius
295 2419 614 2470 ostendetur.
651 2419 924 2471 Praeterea
954 2416 1095 2468 Chri-

101 2499 211 2545 stus
251 2493 411 2544 voluit
441 2508 529 2544 nos
558 2509 646 2561 per
673 2494 808 2544 diras
840 2493 1097 2559 passiones

101 2565 372 2628 redimere,
399 2569 642 2635 nobisque
671 2568 720 2618 in
764 2566 1098 2618 tribulationi·

101 2639 207 2702 bus.
239 2642 587 2708 corporalibus
644 2648 695 2693 et
748 2639 1097 2708 spiritualibus

104 2716 399 2781 exemplum
443 2716 717 2782 patientiae
746 2716 1010 2782 praebere,
1043 2720 1099 2765 ut

103 2785 469 2854 Apostolorum
544 2789 788 2856 Princeps
862 2788 1098 2840 omnibus

104 2860 406 2914 Christianis
443 2863 665 2915 scribere
706 2868 908 2930 posset:
953 2860 1097 2913 Chri-

103 2943 207 2989 stus
239 2952 412 3004 passus
450 2944 516 2987 est
551 2952 642 3006 pro
681 2936 834 2996 nobiS,
878 2935 1005 2987 vobis
1025 2952 1098 2987 re-

105 3007 330 3077 linquens
367 3010 681 3078 ammplam,
726 3016 777 3062 ut
827 3010 1100 3077 sequamini

87 3084 312 3150 vestiqia
349 3082 535 3153 etus(·2
514 3083 577 3154 ).)
610 3084 703 3137 Ast
742 3083 803 3135 ad
847 3085 1100 3150 benignis-

91 3156 263 3209 ‘simos
302 3158 442 3209 istos
466 3157 593 3209 fines
632 3157 1099 3218 obtinendOS,1ie-

107 3230 264 3295 besse
291 3231 416 3292 tuit,
461 3238 517 3283 ut
555 3232 724 3284 anima
762 3229 948 3283 Christi
988 3237 1096 3283 tum

93 3303 342 3408 corporis
369 3305 624 3358 laesiones
680 3320 799 3358 vere
843 3306 1095 3367 sentiret,

115 3397 309 3479 (naq
312 3434 401 3474 115,
424 3438 550 3473 arth

115 3468 260 3522 ’ω’-,ι
281 3442 1065 3529 rems-,¹1.(a)cap.12,‘21.

1177 340 1353 397 Nota
1394 340 1446 396 1.
1478 341 1670 395 Contra
1698 341 1834 395 hanc
1864 340 2150 411 doctrinam

1146 421 1425 487 sequentes
1483 406 1810 469 difficultates
1849 424 2145 489 moventur.

1222 490 1328 546 Obi.
1375 491 1433 543 1·
1475 489 1583 542 Non
1616 497 1831 559 possunt
1870 491 1922 542 in
1946 488 2149 545 Christo

1148 565 1377 626 tristitia,
1421 571 1589 617 metus
1629 570 1681 617 et
1719 564 1913 618 similes
1961 566 2150 632 passio-

1148 655 1239 692 nes
1278 639 1498 692 admitti.
1543 637 1671 690 Nam
1715 639 1765 690 in
1806 638 2051 691 Proverb.
2085 639 2154 692 lc-

1146 715 1303 781 gitur:
1331 713 1444 765 Non
1466 713 1768 766 contristabit
1791 714 1995 773 iustum,
2017 714 2154 782 quid-

1147 788 1265 856 quid
1302 788 1348 839 ei
1385 789 1615 840 acciderit
1657 788 1754 852 (5);
1795 795 1846 852 et
1886 788 2034 840 ibid.:
2067 787 2151 840 Iu-

1146 870 1251 913 stus
1290 863 1433 931 quasi
1473 862 1542 914 leo
1569 862 1816 931 confidens
1856 861 2035 930 absque
2060 870 2153 914 ter-

1147 952 1262 987 rore
1301 938 1396 988 erit
1438 933 1534 1007 (lt).
1593 935 1828 988 Christus
1868 952 2024 1004 ergO,
2067 938 2154 1005 qui

1147 1011 1315 1063 iustus
1372 1017 1423 1063 et
1483 1017 1694 1062 sanctus
1753 1016 1866 1063 erat
1904 1011 2005 1062 imo
2046 1011 2154 1078 ipsa

1150 1086 1342 1137 iustitia
1395 1092 1445 1136 et
1485 1087 1764 1146 sanctitas,
1811 1085 2049 1136 tristitiae
2102 1092 2154 1137 et

1150 1160 1317 1210 timori
1352 1160 1614 1211 subiectus
1654 1174 1766 1210 esse
1809 1175 1908 1211 non
1954 1158 2150 1226 potnit,

1150 1240 1200 1283 et
1241 1234 1352 1284 ideo
1394 1234 1455 1285 (16
1495 1234 1605 1301 ipso
1647 1232 1806 1284 lsaias
1847 1233 1989 1285 dicit:
2034 1231 2151 1285 Non

1150 1310 1243 1359 erit
1286 1309 1442 1359 tristis
1480 1323 1564 1359 nec
1606 1306 1914 1358 turbulentus
1957 1303 2055 1376 (5).

1227 1380 1371 1448 Resp.
1418 1381 1588 1434 Allata
1647 1381 2034 1449 seripturarum
2076 1386 2152 1432 te-

1152 1455 1388 1507 stimonia
1431 1455 1765 1521 intelligenda
1796 1462 1918 1507 sunt:
1962 1455 2023 1506 de
2066 1454 2155 1506 tri·

1154 1530 1288 1580 stitia
1330 1528 1410 1580 vel
1453 1529 1791 1596 trepidatione
1833 1529 2151 1591 inordinata,

1154 1619 1283 1671 quae
1335 1604 1596 1655 hominem
1659 1621 1689 1656 a
1750 1610 1890 1656 recto
1950 1603 2156 1655 tramite

1154 1679 1340 1730 avertit
1395 1678 1656 1747 malosque
1711 1678 1926 1730 effectus
1976 1677 2157 1745 produ-

1155 1752 1243 1812 cit,
1278 1768 1375 1803 non
1407 1758 1580 1804 autem
1621 1751 1683 1803 (16
1724 1768 1784 1803 ea
1824 1753 2031 1804 tristitia
2071 1749 2157 1804 vel

1155 1826 1534 1893 trepidatione,
1580 1842 1711 1895 quae
1766 1827 1955 1877 mentis
2004 1826 2157 1878 ratio·

1158 1915 1273 1951 nem
1318 1915 1409 1951 nec
1452 1902 1719 1967 praevenit
1761 1916 1855 1951 nec
1883 1899 2056 1951 turbat
2084 1905 2157 1950 at-

1156 1990 1252 2041 que
1293 1975 1573 2042 perfectam
1614 1974 1984 2026 subiectionem
2035 1989 2159 2040 erga

1160 2048 1247 2099 Dei
1290 2046 1611 2100 voluntatem
1663 2065 1764 2099 non
1831 2047 1983 2099 tollit.
2053 2046 2158 2099 Nisi

1159 2125 1225 2173 ita
1266 2122 1422 2174 allata
1487 2124 1778 2174 testimonia
1838 2137 2158 2190 exponeren-

1158 2204 1279 2254 tur,
1326 2197 1432 2263 ipsa
1491 2197 1543 2248 S.
1588 2196 1853 2263 Scriptura
1894 2196 1987 2247 sibi
2036 2212 2157 2247 con-

1159 2271 1453 2331 tradiceret,
1499 2270 1619 2321 dum
1662 2272 1815 2322 etiam
1840 2270 1902 2321 dc
1944 2269 2159 2321 homini-

1159 2345 1254 2396 bus
1283 2346 1429 2395 iustis
1455 2346 1730 2404 tristitiam,
1760 2345 1994 2395 timorem
2023 2344 2160 2395 simi-

1163 2419 1335 2486 lesque
1368 2420 1626 2485 passiones
1655 2423 2042 2470 commemorat.
2064 2416 2157 2487 ,Sic

1161 2493 1383 2561 MoyseS,
1410 2509 1524 2543 cum
1552 2492 1812 2545 lsraelitae
1830 2492 2051 2543 vitulum
2072 2508 2158 2542 au-

1163 2583 1305 2617 reum
1331 2567 1652 2626 adorassent,
1686 2583 1782 2619 non
1802 2567 1967 2618 solum
1999 2566 2160 2618 iratus

1161 2642 1297 2693 valde
1339 2640 1414 2710 (6)
1457 2642 1680 2703 dicitur,
1725 2642 1811 2692 sed
1861 2641 2014 2692 etiam
2057 2655 2161 2706 ma-

1159 2731 1261 2782 gna
1310 2716 1515 2767 tristitia
1576 2723 1627 2767 et
1692 2722 1832 2766 tanto
1892 2714 2161 2766 imminen-

1164 2791 1286 2841 tium
1344 2805 1624 2857 poenarum
1690 2791 1871 2840 timore
1931 2788 2159 2855 repletus

1161 2864 1487 2924 describitur,
1533 2870 1587 2914 ut
1611 2863 1822 2915 diceret:
1856 2860 1952 2931 Aput
1973 2862 2160 2915 dimitte

1160 2938 1228 2989 eis
1269 2938 1389 2990 hanc
1429 2953 1630 2997 noxam,
1674 2946 1762 2988 aut
1795 2937 1839 2988 si
1877 2951 1973 3005 non
2011 2935 2155 3003 facta,

1161 3011 1259 3062 dele
1286 3028 1358 3063 me
1391 3012 1446 3063 de
1478 3012 1601 3063 libro
1643 3019 1739 3067 tuo,
1785 3016 1925 3079 quem
1964 3011 2160 3094 scripsi-

1161 3086 1225 3135 sti
1267 3083 1365 3154 (7)
1410 3115 1480 3123 -·
1520 3085 1768 3136 Similiter
1806 3084 1927 3146 Iob,
1978 3086 2061 3153 qui
2092 3091 2162 3136 ut

1163 3159 1385 3210 iustitiae
1444 3164 1493 3210 et
1560 3159 1873 3243 patientiae
1895 3158 2162 3226 exemplar

1163 3233 1578 3292 commendatur,
1610 3238 1660 3284 in
1690 3234 1916 3284 maxima
1956 3232 2163 3285 calami-

1164 3312 1268 3358 tate
1310 3307 1503 3374 positus
1543 3307 1606 3360 (16
1645 3323 1700 3360 se
1723 3307 1960 3359 fatetur:
2013 3306 2162 3358 Ante·

1206 3435 1258 3479 (4)
1279 3436 1330 3470 n).
1356 3445 1388 3470 c.
1415 3435 1468 3471 28.
1496 3437 1528 3471 1.

1825 3438 1896 3479 5jt
1902 3447 1930 3470 s.
1957 3435 2012 3470 42
2039 3435 2072 3468 4.

1205 3481 1253 3525 (6)
1281 3482 1392 3516 Exod.
1412 3481 1466 3523 32,
1490 3480 1544 3516 19.

1822 3479 2064 3525 7)1n.v.37.
