2332 3860
0 0 17 32 ἲ
24 0 112 82 *Q
120 2 142 20 ·“’

32 70 106 118 ⁴²5}-
170 62 174 70 “

54 124 86 153 ,ια’
121 127 126 135 v

23 241 25 244 ·
62 218 278 276 vertum
291 216 448 275 iilius,
478 212 543 267 ad
570 213 869 268 audiendam
901 229 1054 269 vocem

72 305 345 348 ammomum
370 291 541 341 eiu-3...
565 287 786 341 ministri
811 290 936 355 eius,
967 289 1054 358 qui

73 367 231 438 samis
264 362 555 418 voluntatem
580 362 709 414 eius.-
744 369 796 415 et
822 361 1054 415 Christus

21 456 23 458 ·
73 441 218 493 docet
253 452 345 491 nos
371 451 519 489 orare
540 453 560 487 .·
587 433 702 488 Fiat
728 436 947 490 voluntas
971 443 1054 488 tua

72 515 192 567 sicut
236 511 288 563 in
337 509 460 563 coelo
486 516 529 562 et
554 510 608 561 in
633 517 766 562 terra
793 509 904 581 (l):
941 510 1056 562 vult

70 600 251 654 nempe
288 584 491 636 divinus
529 582 860 652 Redemptor,
886 590 944 636 ut
969 598 1054 635 vo-

68 660 240 714 luntas
278 657 451 714 divina
490 663 595 710 tam
636 664 833 726 promte
862 664 912 709 et
940 672 1053 725 per-

69 735 200 788 fecte
235 732 300 784 ab
339 731 631 784 bominibus
670 731 945 799 impleatur
1002 732 1051 782 in

69 815 226 869 terra,
268 813 420 874 prout
456 806 768 874 adimpletur
823 805 888 857 ab
953 803 1056 856 An-

68 881 196 951 gelis
233 881 286 932 in
323 880 484 933 coelo,
529 879 593 932 Et
630 895 754 932 sane
793 893 909 931 cum
950 878 1054 930 An-

68 955 190 1025 geli,
234 954 339 1006 Deo
377 955 606 1006 fruentes
629 970 659 1006 a
682 954 812 1006 bono
834 952 1053 1004 deficere

68 1045 157 1082 seu
196 1044 411 1096 peceare
451 1044 550 1080 non
606 1029 835 1096 possint,
891 1024 1053 1078 officia

68 1118 265 1174 quoque
286 1118 381 1155 sua
407 1102 732 1154 exactissime
753 1101 1053 1168 adimplent.

64 1184 66 1186 ’
139 1177 194 1229 2.
237 1176 481 1239 Quamvis
520 1175 679 1228 Filius
702 1176 791 1227 Dei
816 1181 1051 1227 naturam

67 1251 346 1304 humanam
385 1250 619 1315 angelica
657 1250 946 1302 inferiorem
975 1265 1054 1301 as-

68 1326 328 1386 sumserit,
346 1324 676 1376 nibilominus
690 1323 874 1392 Angeli
901 1325 1053 1375 etiam

68 1397 296 1453 Verbum
359 1399 684 1451 incarnatum
740 1399 983 1464 adorare,
1023 1398 1058 1447 i-

68 1475 243 1542 psique
303 1474 496 1525 servire
559 1471 868 1541 obli-gantur.
914 1471 1057 1522 Hane

69 1547 433 1614 obligationem
497 1546 710 1613 Angelis
774 1547 1053 1597 iniunctam

68 1636 201 1682 esse,
247 1628 385 1689 patet
423 1637 487 1672 ex
528 1620 683 1672 Hebr.
731 1621 770 1677 l,
810 1620 876 1670 6:
934 1618 1057 1671 Cum

71 1696 253 1747 iterum
291 1695 554 1746 introducit
585 1695 966 1763 primoqenitum
1007 1697 1057 1743 in

71 1769 232 1822 orbem
269 1777 427 1820 terrae
462 1769 613 1820 dicit.-
652 1776 695 1819 et
722 1769 921 1819 odorent
950 1784 1057 1819 eum

70 1858 232 1896 omnes
257 1841 432 1910 Anqeli
457 1841 565 1894 Dei.
595 1841 720 1894 Phil.
761 1842 825 1898 ll,
867 1843 971 1892 lo:
1001 1842 1059 1892 In

18 1952 22 1957 ι
73 1918 266 1970 nomine
311 1917 421 1968 Iesu
475 1932 619 1967 omne
667 1916 1011 1983 genuflectatur
1043 1956 1054 1976 ‚

78 1991 365 2051 toelestium,
398 1991 706 2042 terrestrium
750 2000 792 2041 et
839 1991 1058 2055 inferno-

70 2062 204 2117 'tum.
243 2064 338 2117 Per
377 2063 791 2131 genuflexionem
820 2064 901 2115 hie
923 2080 1059 2115 surn-

95 2148 190 2195 nus
249 2139 427 2191 latriae
491 2138 661 2190 cultus
723 2137 1056 2203 intelligitur3

96 2213 173 2269 tub
202 2213 406 2264 nomine
434 2220 604 2264 autem
633 2212 929 2264 coelestium
948 2213 1062 2264 abs-

98 2297 175 2356 yue
227 2287 379 2339 dubio
431 2286 652 2353 Angeli,
694 2289 778 2355 qui
839 2293 959 2338 sunt
1011 2287 1059 2337 in

96 2360 219 2417 ioelo
241 2360 760 2426 comprehenduntur.
775 2389 819 2399 —-
838 2361 1062 2428 Angelos

81 2440 281 2487 sanctos
325 2433 453 2486 Filio
493 2434 582 2486 Dei
623 2435 888 2486 incarnato
929 2435 1063 2487 debi-

79 2514 187 2560 tum
230 2508 474 2560 bonorem
502 2514 553 2560 et
578 2508 774 2560 cultum
805 2516 1063 2576 praestare

78 2580 134 2635 S.
187 2581 482 2650 Scripturae
537 2589 811 2635 testantur.
870 2581 975 2634 lam
1013 2584 1062 2633 in

79 2655 217 2709 illius
256 2657 558 2708 nativitate:
600 2655 766 2709 Subito
817 2657 946 2724 facta
999 2664 1066 2708 est

81 2745 189 2782 cum
214 2728 395 2797 Anyelo
422 2730 682 2783 multitudo
724 2731 930 2782 militiae
970 2747 1068 2783 coe-

84 2802 210 2855 lestis
224 2804 530 2856 laudantium
543 2813 586 2855 et
605 2805 887 2856 dicentium.-
910 2804 1066 2872 qloria

44 2904 46 2907 v
82 2877 399 2930 inultissimis
425 2877 543 2939 Deo,
574 2885 672 2929 ete.
692 2876 1065 2948 (2).Postquam

34 2970 38 2985 2
84 2948 314 3007 Christus
341 2953 678 3009 ieiunaverat,
708 2959 758 3004 et
779 2952 1067 3004 daemonia-

87 3039 197 3077 cam
214 3027 550 3078 tentationem
580 3033 932 3093 superaverat:
955 3026 1069 3078 Ecce

682 132 801 174 PARS
837 135 892 173 tt.
933 133 1099 173 saeuo
1135 134 1174 173 1.
1216 133 1366 171 carm·
1401 130 1477 171 m.

1919 116 2030 172 265

1114 214 1395 268 rectionem
1408 210 1509 285 (ὅ),
1531 218 1584 266 et
1602 211 1969 281 triumphalem
1990 214 2100 266 eius

1114 287 1464 342 ascensionem
1491 283 1568 359 (6)
1598 284 1782 355 Angeli
1821 286 2099 355 pervulga-

1114 369 1255 415 runt.
1576 360 1591 377 ⁸

1189 437 1242 488 5.
1285 435 1361 488 De
1415 449 1576 501 regno
1614 432 1728 495 Dei,
1782 431 1931 484 euius
1983 440 2104 485 sunt

1114 511 1255 562 cives
1294 507 1499 576 Angeli,
1540 506 1815 576 Apostolus
1842 506 1964 557 dicit
1995 503 2098 576 (7):

1115 583 1247 653 quod
1287 583 1353 635 sit
1379 582 1572 634 iustitia
1591 588 1635 634 et
1653 597 1777 650 pax,
1802 586 1847 632 et
1870 580 2105 648 paudium

1115 658 1171 709 in
1208 656 1406 724 Spiritu
1445 655 1650 708 Sancto.
1695 654 1989 708 Secundum
2029 654 2107 705 iu-

1114 731 1297 782 stitiam
1323 729 1506 798 Angeli
1549 729 1711 781 Deum
1750 743 1906 797 super
1932 728 2107 780 omnia

1116 804 1354 872 diligunt,
1399 810 1449 856 et
1488 815 1696 872 propter
1734 803 1901 855 Deum
1948 803 2105 856 etiam

1115 894 1293 931 omnes
1339 878 1449 930 eius
1501 884 1768 931 creaturas
1819 876 2109 929 seeundum

1116 952 1420 1019 dignitatem
1459 958 1697 1013 naturae,
1742 966 1895 1021 quam
1952 950 2107 1019 possi-

1116 1027 1257 1086 dent,
1288 1027 1564 1078 aestimant
1591 1031 1744 1095 atque
1776 1031 1973 1078 amant.
2006 1023 2111 1075 Du-

1120 1101 1264 1153 bitari
1305 1115 1428 1166 ergo
1467 1116 1566 1151 non
1603 1106 1787 1168 potest,
1831 1099 1965 1169 quod
2008 1097 2110 1150 An-

1116 1175 1213 1242 geli
1256 1191 1310 1227 se
1369 1174 1591 1226 invicem
1649 1175 1712 1226 ob
1770 1173 2107 1231 excellenteS,

1117 1265 1243 1317 quas
1271 1265 1299 1300 a
1328 1248 1567 1300 Creatore
1603 1253 1917 1317 aeceperunt
1944 1248 2107 1309 doteS,

1120 1324 1341 1374 maxime
1382 1323 1656 1374 aestiment
1683 1328 1735 1374 et
1761 1329 1955 1374 ament.
1987 1320 2112 1374 Inde

1118 1398 1279 1448 oritur
1294 1413 1397 1465 pase
1419 1397 1552 1448 inter
1579 1398 1713 1463 ipsos
1740 1412 1964 1458 summa,
1990 1411 2110 1447 eon·

1118 1470 1310 1531 cordia,
1357 1471 1624 1522 harmonia
1663 1477 1716 1522 et
1756 1472 1928 1523 unitas
1970 1485 2113 1522 men-

1120 1547 1281 1610 tium,
1319 1561 1408 1612 per
1446 1561 1599 1613 quam
1628 1586 1639 1605 ‚
1684 1551 1741 1596 ut
1782 1545 2005 1614 loquitur
2055 1543 2108 1596 S.

1121 1617 1390 1686 Greyorias
1437 1619 1569 1671 Ναὶς.
1606 1618 1703 1689 (8),
1729 1624 2114 1671 sacrosanctam

1119 1693 1417 1745 Trinitatem
1460 1694 1749 1755 imitantur,
1794 1693 2049 1762 huiusque
2077 1693 2114 1744 i-

1124 1768 1352 1833 magines
1410 1765 1724 1819 efficiuntur.
1787 1767 1941 1820 Nulla
1994 1783 2115 1834 ergo

1121 1842 1254 1892 inter
1292 1843 1425 1908 ipsos
1454 1842 1665 1902 invidia,
1695 1842 1835 1893 nulla
1866 1842 2115 1893 dissensio

1124 1915 1288 1966 locum
1333 1915 1505 1977 habet,
1550 1915 1638 1967 sed
1679 1916 1893 1984 quilibet
1942 1915 2114 1984 Ange-

1124 1989 1201 2040 lus
1259 1991 1391 2041 sieut
1443 1989 1505 2041 de
1560 1991 1795 2058 propriiS,
1852 1991 1924 2042 ita
1964 1996 2015 2042 et
2054 1989 2118 2041 de

1122 2063 1339 2114 aliorum
1396 2063 1718 2116 excellentiis
1772 2064 2015 2125 laetatur,
2067 2070 2118 2116 et

1122 2139 1194 2189 sio
1209 2137 1361 2190 habet
1375 2139 1609 2212 ⁴qeudium
1624 2140 1676 2190 in
1693 2138 1890 2207 Spiritu
1914 2138 2112 2191 Sancta.

1197 2212 1246 2263 li.
1281 2212 1485 2264 Dantur
1525 2214 1681 2265 etiam
1724 2229 1959 2274 munera,
1986 2228 2118 2282 quae

1124 2284 1303 2351 Angeli
1334 2302 1454 2354 erga
1482 2287 1714 2339 homines
1741 2288 1881 2339 obire
1908 2287 2115 2352 debent,

1125 2362 1242 2427 quia
1301 2360 1437 2412 Deus
1486 2363 1606 2430 ipsis
1647 2363 1810 2413 utitur
1851 2368 2112 2430 tamquam

1128 2434 1371 2486 ministris
1387 2435 1451 2486 ad
1472 2436 1696 2487 salutem
1720 2435 1986 2486 bominum
2005 2451 2119 2503 pro-

1129 2508 1452 2560 movendam.
1496 2508 1680 2561 Fusius
1721 2508 1782 2561 de
1825 2509 1920 2561 hae
1949 2511 2119 2576 Ange-

1128 2581 1294 2634 lorum
1333 2583 1564 2635 eustodia
1604 2583 1862 2650 agendum
1905 2590 2002 2636 est.
2051 2581 2121 2636 Ut

1127 2662 1300 2708 autem
1340 2657 1572 2709 doctrina
1611 2657 1866 2709 catholiea
1906 2657 2005 2710 hae
2057 2657 2119 2709 de

1129 2745 1182 2782 re
1223 2731 1317 2782 rite
1357 2731 1698 2799 intelligatur,
1739 2733 1867 2783 duas
1895 2732 2119 2800 proposi-

1130 2805 1292 2856 tiones
1337 2813 1489 2858 eaute
1542 2806 1858 2872 distinguere
1897 2811 2114 2874 oportet.

1129 2877 1311 2930 Prima
1350 2879 1400 2930 in
1442 2895 1632 2947 genere
1672 2880 1821 2941 dicit,
1852 2895 2029 2932 euram
2058 2880 2120 2932 de

1131 2953 1422 3005 hominibus
1460 2971 1489 3005 a
1537 2954 1641 3005 Deo
1695 2955 1850 3006 etiam
1907 2953 2121 3022 Angelis

1130 3026 1463 3086 demandari,
1518 3034 1672 3096 atque
1722 3027 1833 3080 ideo
1883 3028 1945 3080 ad
1995 3030 2122 3097 ipso-

79 3094 262 3166 Anqeli
279 3108 600 3159 accesserunt,
640 3108 684 3151 et
727 3099 1071 3152 ministrabant
1134 3115 1247 3151 rum
1288 3102 1572 3153 ministeria
1616 3108 1668 3155 et
1706 3102 1870 3154 officia
1921 3118 2122 3172 quoque

20 3169 341 3243 .„ei(5):Ae
358 3173 948 3226 sieuthumilemChristi
985 3191 1071 3226 na·
1133 3176 1407 3241 pertinere,
1451 3181 1508 3227 ut
1547 3175 1835 3228 hominibus
1875 3192 2024 3245 opem
2053 3177 2121 3229 fe-

34 3295 37 3300 .
92 3246 540 3319 tivitatem(lt),ita
555 3247 891 3316 etgloriosam
908 3264 1073 3302 resur·
1133 3254 1279 3300 rant:
1341 3248 1468 3301 haec
1507 3250 1781 3319 propositio
1821 3256 1900 3304 est
1937 3251 2119 3321 dogma
2211 3291 2222 3303 .

151 3401 170 3437 1
210 3403 334 3439 matth.
357 3404 391 3444 6,
415 3404 470 3440 10.

134 3401 189 3535 Ξὲξ
212 3446 298 3482 Luc.
321 3447 352 3483 2.
378 3448 432 3484 13.
455 3449 510 3485 14.

212 3491 335 3526 maun.
359 3491 392 3535 4,
416 3491 470 3528 11.
723 3493 775 3540 et)
798 3495 881 3531 Luc.
913 3495 948 3531 ς.
974 3495 1028 3532 ιο.

1177 3407 1229 3452 (a)
1253 3408 1375 3443 Matth.
1401 3407 1459 3449 28,
1482 3409 1514 3451 5,
1541 3414 1609 3445 ete.
1642 3409 1695 3446 10.
1720 3409 1776 3455 2⁰,
1802 3409 1855 3447 12,

1180 3453 1228 3495 (6)
1256 3456 1328 3487 Act.
1365 3453 1396 3493 1,
1422 3453 1477 3493 10,
1501 3459 1573 3492 etc.

1174 3496 1233 3529 Δῖ)
1253 3498 1359 3530 Rom.
1384 3495 1439 3542 14,
1466 3496 1520 3533 1⁵1.
1776 3497 1827 3543 (8)
1850 3498 1909 3534 Or.
1934 3496 1976 3540 8.
2001 3505 2038 3531 n·
2065 3494 2117 3532 13.
