<?xml version="1.0" encoding="UTF-8"?>
<!DOCTYPE html PUBLIC "-//W3C//DTD XHTML 1.0 Transitional//EN"
    "http://www.w3.org/TR/xhtml1/DTD/xhtml1-transitional.dtd">
<html xmlns="http://www.w3.org/1999/xhtml" xml:lang="en" lang="en">
 <head>
  <title>
</title>
<meta http-equiv="Content-Type" content="text/html;charset=utf-8" />
  <meta name='ocr-system' content='tesseract 3.04.00' />
  <meta name='ocr-capabilities' content='ocr_page ocr_carea ocr_par ocr_line ocrx_word'/>
</head>
<body>
  <div class='ocr_page' id='page_1' title='image "./theologiae00knoluoft_0538.png"; bbox 0 0 2332 3860; ppageno 0'>
   <div class='ocr_carea' id='block_1_1' title="bbox 301 163 410 216">
    <p class='ocr_par' dir='ltr' id='par_1_1' title="bbox 301 163 410 216">
     <span class='ocr_line' id='line_1_1' title="bbox 301 163 410 216; baseline 0 0"><span class='ocrx_word' id='word_1_1' title='bbox 301 163 410 216; x_wconf 75' lang='lat'><strong><em>530</em></strong></span> 
     </span>
    </p>
   </div>
   <div class='ocr_carea' id='block_1_2' title="bbox 222 259 1232 3236">
    <p class='ocr_par' dir='ltr' id='par_1_2' title="bbox 228 259 1232 778">
     <span class='ocr_line' id='line_1_2' title="bbox 228 259 1232 331; baseline 0 -18"><span class='ocrx_word' id='word_1_2' title='bbox 228 259 454 331; x_wconf 79' lang='lat' dir='ltr'><strong><em>possibile</em></strong></span> <span class='ocrx_word' id='word_1_3' title='bbox 479 268 569 322; x_wconf 76' lang='lat' dir='ltr'><strong><em>est,</em></strong></span> <span class='ocrx_word' id='word_1_4' title='bbox 612 261 848 330; x_wconf 72' lang='lat' dir='ltr'><strong><em>sanquine</em></strong></span> <span class='ocrx_word' id='word_1_5' title='bbox 887 259 1135 314; x_wconf 79' lang='lat' dir='ltr'><strong><em>hircorum</em></strong></span> <span class='ocrx_word' id='word_1_6' title='bbox 1188 267 1232 313; x_wconf 79' lang='lat' dir='ltr'><strong><em>et</em></strong></span> 
     </span>
     <span class='ocr_line' id='line_1_3' title="bbox 232 333 1230 406; baseline -0.001 -18"><span class='ocrx_word' id='word_1_7' title='bbox 232 343 492 388; x_wconf 82' lang='lat' dir='ltr'><strong><em>taurorum</em></strong></span> <span class='ocrx_word' id='word_1_8' title='bbox 512 335 706 403; x_wconf 84' lang='lat' dir='ltr'><strong><em>auferri</em></strong></span> <span class='ocrx_word' id='word_1_9' title='bbox 736 343 928 405; x_wconf 85' lang='lat' dir='ltr'><strong><em>peccata</em></strong></span> <span class='ocrx_word' id='word_1_10' title='bbox 957 333 1052 406; x_wconf 76' lang='lat'><strong>(1).</strong></span> <span class='ocrx_word' id='word_1_11' title='bbox 1085 334 1230 389; x_wconf 89' lang='lat' dir='ltr'><strong><em>Chri-</em></strong></span> 
     </span>
     <span class='ocr_line' id='line_1_4' title="bbox 231 409 1231 478; baseline -0.001 -15"><span class='ocrx_word' id='word_1_12' title='bbox 231 417 344 463; x_wconf 86' lang='lat' dir='ltr'><strong>stus</strong></span> <span class='ocrx_word' id='word_1_13' title='bbox 383 417 557 462; x_wconf 91' lang='lat' dir='ltr'><strong><em>autem</em></strong></span> <span class='ocrx_word' id='word_1_14' title='bbox 597 411 850 478; x_wconf 86' lang='lat' dir='ltr'><strong><em>sanguine</em></strong></span> <span class='ocrx_word' id='word_1_15' title='bbox 890 426 982 462; x_wconf 93' lang='lat' dir='ltr'><strong><em>suo</em></strong></span> <span class='ocrx_word' id='word_1_16' title='bbox 1018 409 1231 462; x_wconf 86' lang='lat' dir='ltr'><strong><em>abstulit</em></strong></span> 
     </span>
     <span class='ocr_line' id='line_1_5' title="bbox 229 483 1231 554; baseline -0.001 -17"><span class='ocrx_word' id='word_1_17' title='bbox 229 491 439 554; x_wconf 87' lang='lat' dir='ltr'><strong><em>peccata</em></strong></span> <span class='ocrx_word' id='word_1_18' title='bbox 481 484 680 544; x_wconf 88' lang='lat' dir='ltr'><strong><em>mundi,</em></strong></span> <span class='ocrx_word' id='word_1_19' title='bbox 724 500 815 536; x_wconf 90' lang='lat' dir='ltr'><strong><em>seu</em></strong></span> <span class='ocrx_word' id='word_1_20' title='bbox 856 491 914 536; x_wconf 89' lang='lat' dir='ltr'><strong><em>ut</em></strong></span> <span class='ocrx_word' id='word_1_21' title='bbox 941 483 1130 536; x_wconf 79' lang='lat' dir='ltr'><strong><em>Paulus</em></strong></span> <span class='ocrx_word' id='word_1_22' title='bbox 1156 484 1231 536; x_wconf 91' lang='lat' dir='ltr'><strong><em>di-</em></strong></span> 
     </span>
     <span class='ocr_line' id='line_1_6' title="bbox 229 558 1230 628; baseline -0.001 -17"><span class='ocrx_word' id='word_1_23' title='bbox 229 559 318 612; x_wconf 87' lang='lat' dir='ltr'><strong><em>cit:</em></strong></span> <span class='ocrx_word' id='word_1_24' title='bbox 363 558 441 611; x_wconf 83' lang='lat' dir='ltr'><strong><em>hic</em></strong></span> <span class='ocrx_word' id='word_1_25' title='bbox 481 574 633 610; x_wconf 84' lang='lat' dir='ltr'><strong><em>uuam</em></strong></span> <span class='ocrx_word' id='word_1_26' title='bbox 666 574 758 628; x_wconf 84' lang='lat' dir='ltr'><strong><em>pro</em></strong></span> <span class='ocrx_word' id='word_1_27' title='bbox 788 558 993 628; x_wconf 81' lang='lat' dir='ltr'><strong><em>peccatis</em></strong></span> <span class='ocrx_word' id='word_1_28' title='bbox 1027 558 1230 627; x_wconf 80' lang='lat' dir='ltr'><strong><em>offerens</em></strong></span> 
     </span>
     <span class='ocr_line' id='line_1_7' title="bbox 229 632 1231 694; baseline -0.001 -8"><span class='ocrx_word' id='word_1_29' title='bbox 229 632 456 694; x_wconf 77' lang='lat' dir='ltr'><strong><em>hostiam,</em></strong></span> <span class='ocrx_word' id='word_1_30' title='bbox 470 673 481 685; x_wconf 93' lang='lat'><strong>.</strong></span> <span class='ocrx_word' id='word_1_31' title='bbox 493 673 505 686; x_wconf 91' lang='lat'><strong>.</strong></span> <span class='ocrx_word' id='word_1_32' title='bbox 515 673 530 687; x_wconf 90' lang='lat'><strong>.</strong></span> <span class='ocrx_word' id='word_1_33' title='bbox 542 648 643 685; x_wconf 86' lang='lat' dir='ltr'><strong><em>una</em></strong></span> <span class='ocrx_word' id='word_1_34' title='bbox 669 633 905 685; x_wconf 79' lang='lat' dir='ltr'><strong><em>oblatione</em></strong></span> <span class='ocrx_word' id='word_1_35' title='bbox 931 648 1231 685; x_wconf 81' lang='lat' dir='ltr'><strong><em>eonsumma-</em></strong></span> 
     </span>
     <span class='ocr_line' id='line_1_8' title="bbox 228 705 1223 778; baseline -0.001 -18"><span class='ocrx_word' id='word_1_36' title='bbox 228 709 297 760; x_wconf 84' lang='lat' dir='ltr'><strong><em>vit</em></strong></span> <span class='ocrx_word' id='word_1_37' title='bbox 326 709 379 760; x_wconf 84' lang='lat' dir='ltr'><strong><em>in</em></strong></span> <span class='ocrx_word' id='word_1_38' title='bbox 405 708 752 776; x_wconf 80' lang='lat' dir='ltr'><strong><em>sempiternum</em></strong></span> <span class='ocrx_word' id='word_1_39' title='bbox 778 708 1099 777; x_wconf 80' lang='lat' dir='ltr'><strong><em>sanctificatos</em></strong></span> <span class='ocrx_word' id='word_1_40' title='bbox 1127 705 1223 778; x_wconf 59' lang='grc' dir='ltr'>(Ω).</span> 
     </span>
    </p>

    <p class='ocr_par' dir='ltr' id='par_1_3' title="bbox 225 781 1231 2043">
     <span class='ocr_line' id='line_1_9' title="bbox 304 781 1231 834; baseline 0.002 -2"><span class='ocrx_word' id='word_1_41' title='bbox 304 781 355 834; x_wconf 76' lang='lat'><strong><em>5.</em></strong></span> <span class='ocrx_word' id='word_1_42' title='bbox 407 781 709 834; x_wconf 77' lang='lat' dir='ltr'>Sacerdotes</span> <span class='ocrx_word' id='word_1_43' title='bbox 755 782 977 834; x_wconf 89' lang='lat' dir='ltr'><strong><em>aaronici</em></strong></span> <span class='ocrx_word' id='word_1_44' title='bbox 1020 781 1231 834; x_wconf 87' lang='lat' dir='ltr'><strong><em>infirmi-</em></strong></span> 
     </span>
     <span class='ocr_line' id='line_1_10' title="bbox 229 856 1227 924; baseline -0.001 -16"><span class='ocrx_word' id='word_1_45' title='bbox 229 856 421 909; x_wconf 80' lang='lat' dir='ltr'>tatibus</span> <span class='ocrx_word' id='word_1_46' title='bbox 461 863 513 907; x_wconf 89' lang='lat' dir='ltr'><strong><em>et</em></strong></span> <span class='ocrx_word' id='word_1_47' title='bbox 552 856 777 924; x_wconf 87' lang='lat' dir='ltr'><strong><em>peccatis</em></strong></span> <span class='ocrx_word' id='word_1_48' title='bbox 817 856 1022 908; x_wconf 90' lang='lat' dir='ltr'><strong><em>obnoxii</em></strong></span> <span class='ocrx_word' id='word_1_49' title='bbox 1064 864 1227 922; x_wconf 80' lang='lat' dir='ltr'><strong><em>erant,</em></strong></span> 
     </span>
     <span class='ocr_line' id='line_1_11' title="bbox 227 929 1228 998; baseline 0 -15"><span class='ocrx_word' id='word_1_50' title='bbox 227 930 440 983; x_wconf 86' lang='lat' dir='ltr'><strong><em>acideo</em></strong></span> <span class='ocrx_word' id='word_1_51' title='bbox 481 946 581 981; x_wconf 91' lang='lat' dir='ltr'><strong><em>non</em></strong></span> <span class='ocrx_word' id='word_1_52' title='bbox 642 929 807 981; x_wconf 87' lang='lat' dir='ltr'><strong><em>solum</em></strong></span> <span class='ocrx_word' id='word_1_53' title='bbox 862 947 951 998; x_wconf 92' lang='lat' dir='ltr'><strong><em>pro</em></strong></span> <span class='ocrx_word' id='word_1_54' title='bbox 1006 932 1228 998; x_wconf 88' lang='lat' dir='ltr'><strong><em>peccatis</em></strong></span> 
     </span>
     <span class='ocr_line' id='line_1_12' title="bbox 227 1003 1229 1072; baseline 0 -15"><span class='ocrx_word' id='word_1_55' title='bbox 227 1004 427 1065; x_wconf 82' lang='lat' dir='ltr'><strong><em>alieniS‚</em></strong></span> <span class='ocrx_word' id='word_1_56' title='bbox 472 1004 560 1056; x_wconf 91' lang='lat' dir='ltr'><strong><em>sed</em></strong></span> <span class='ocrx_word' id='word_1_57' title='bbox 601 1005 757 1055; x_wconf 86' lang='lat' dir='ltr'><strong><em>etiam</em></strong></span> <span class='ocrx_word' id='word_1_58' title='bbox 798 1020 886 1071; x_wconf 88' lang='lat' dir='ltr'><strong><em>pro</em></strong></span> <span class='ocrx_word' id='word_1_59' title='bbox 915 1003 1078 1070; x_wconf 80' lang='lat' dir='ltr'><strong><em>culpis</em></strong></span> <span class='ocrx_word' id='word_1_60' title='bbox 1118 1021 1229 1072; x_wconf 91' lang='lat' dir='ltr'><strong><em>pro-</em></strong></span> 
     </span>
     <span class='ocr_line' id='line_1_13' title="bbox 227 1077 1231 1146; baseline 0 -15"><span class='ocrx_word' id='word_1_61' title='bbox 227 1080 349 1146; x_wconf 89' lang='lat' dir='ltr'><strong><em>priis</em></strong></span> <span class='ocrx_word' id='word_1_62' title='bbox 379 1078 560 1130; x_wconf 80' lang='lat' dir='ltr'><strong><em>offerre</em></strong></span> <span class='ocrx_word' id='word_1_63' title='bbox 595 1078 867 1131; x_wconf 85' lang='lat' dir='ltr'><strong><em>debebant.</em></strong></span> <span class='ocrx_word' id='word_1_64' title='bbox 897 1077 1064 1132; x_wconf 79' lang='lat' dir='ltr'><strong><em>Omnis</em></strong></span> <span class='ocrx_word' id='word_1_65' title='bbox 1089 1095 1231 1131; x_wconf 82' lang='lat' dir='ltr'><strong><em>uom-</em></strong></span> 
     </span>
     <span class='ocr_line' id='line_1_14' title="bbox 227 1152 1227 1222; baseline 0.002 -18"><span class='ocrx_word' id='word_1_66' title='bbox 227 1169 320 1222; x_wconf 83' lang='lat' dir='ltr'><strong><em>que</em></strong></span> <span class='ocrx_word' id='word_1_67' title='bbox 358 1152 597 1220; x_wconf 74' lang='lat' dir='ltr'><em>Pontifex</em></span> <span class='ocrx_word' id='word_1_68' title='bbox 623 1168 683 1204; x_wconf 74' lang='lat' dir='ltr'><strong><em>em</em></strong></span> <span class='ocrx_word' id='word_1_69' title='bbox 722 1152 997 1205; x_wconf 73' lang='lat' dir='ltr'><strong><em>hominibus</em></strong></span> <span class='ocrx_word' id='word_1_70' title='bbox 1035 1170 1227 1206; x_wconf 80' lang='lat' dir='ltr'><strong><em>assum-</em></strong></span> 
     </span>
     <span class='ocr_line' id='line_1_15' title="bbox 225 1228 1228 1298; baseline 0.001 -19"><span class='ocrx_word' id='word_1_71' title='bbox 225 1236 393 1297; x_wconf 68' lang='lat' dir='ltr'><strong><em>plue...</em></strong></span> <span class='ocrx_word' id='word_1_72' title='bbox 437 1235 479 1279; x_wconf 83' lang='lat' dir='ltr'><strong><em>et</em></strong></span> <span class='ocrx_word' id='word_1_73' title='bbox 506 1229 611 1294; x_wconf 82' lang='lat' dir='ltr'><strong><em>ipse</em></strong></span> <span class='ocrx_word' id='word_1_74' title='bbox 638 1228 972 1279; x_wconf 75' lang='lat' dir='ltr'><strong><em>circumdatus</em></strong></span> <span class='ocrx_word' id='word_1_75' title='bbox 998 1236 1063 1279; x_wconf 80' lang='lat' dir='ltr'><strong><em>est</em></strong></span> <span class='ocrx_word' id='word_1_76' title='bbox 1091 1229 1228 1298; x_wconf 76' lang='lat' dir='ltr'><strong><em>iufir-</em></strong></span> 
     </span>
     <span class='ocr_line' id='line_1_16' title="bbox 228 1302 1225 1370; baseline 0.002 -17"><span class='ocrx_word' id='word_1_77' title='bbox 228 1303 417 1353; x_wconf 81' lang='lat' dir='ltr'><strong><em>mieote:</em></strong></span> <span class='ocrx_word' id='word_1_78' title='bbox 458 1309 501 1353; x_wconf 77' lang='grc' dir='ltr'><strong><em>ει</em></strong></span> <span class='ocrx_word' id='word_1_79' title='bbox 535 1309 789 1370; x_wconf 79' lang='lat' dir='ltr'><strong><em>propterea</em></strong></span> <span class='ocrx_word' id='word_1_80' title='bbox 832 1302 961 1354; x_wconf 81' lang='lat' dir='ltr'><strong><em>debet</em></strong></span> <span class='ocrx_word' id='word_1_81' title='bbox 999 1304 1225 1369; x_wconf 81' lang='lat' dir='ltr'><strong><em>quemod-</em></strong></span> 
     </span>
     <span class='ocr_line' id='line_1_17' title="bbox 231 1376 1226 1446; baseline 0.002 -18"><span class='ocrx_word' id='word_1_82' title='bbox 231 1378 427 1428; x_wconf 78' lang='lat' dir='ltr'><strong><em>modum</em></strong></span> <span class='ocrx_word' id='word_1_83' title='bbox 470 1391 559 1444; x_wconf 86' lang='lat' dir='ltr'><strong><em>pro</em></strong></span> <span class='ocrx_word' id='word_1_84' title='bbox 595 1376 795 1443; x_wconf 82' lang='lat' dir='ltr'><strong><em>popule,</em></strong></span> <span class='ocrx_word' id='word_1_85' title='bbox 843 1377 911 1428; x_wconf 80' lang='lat' dir='ltr'><strong><em>ita</em></strong></span> <span class='ocrx_word' id='word_1_86' title='bbox 955 1379 1100 1427; x_wconf 75' lang='lat' dir='ltr'><strong><em>etiam</em></strong></span> <span class='ocrx_word' id='word_1_87' title='bbox 1131 1395 1226 1446; x_wconf 79' lang='lat' dir='ltr'><strong><em>pro</em></strong></span> 
     </span>
     <span class='ocr_line' id='line_1_18' title="bbox 231 1451 1219 1522; baseline 0 -20"><span class='ocrx_word' id='word_1_88' title='bbox 231 1451 475 1518; x_wconf 82' lang='lat' dir='ltr'><strong><em>semetipso</em></strong></span> <span class='ocrx_word' id='word_1_89' title='bbox 527 1451 699 1519; x_wconf 83' lang='lat' dir='ltr'><strong><em>offerre</em></strong></span> <span class='ocrx_word' id='word_1_90' title='bbox 738 1467 832 1519; x_wconf 80' lang='lat' dir='ltr'><strong><em>pro</em></strong></span> <span class='ocrx_word' id='word_1_91' title='bbox 880 1451 1082 1518; x_wconf 78' lang='lat' dir='ltr'><strong><em>peccatis</em></strong></span> <span class='ocrx_word' id='word_1_92' title='bbox 1123 1452 1219 1522; x_wconf 79' lang='lat'><strong><em>(5)</em></strong></span> 
     </span>
     <span class='ocr_line' id='line_1_19' title="bbox 234 1524 1219 1591; baseline -0.001 -13"><span class='ocrx_word' id='word_1_93' title='bbox 234 1524 298 1578; x_wconf 84' lang='lat' dir='ltr'><strong><em>At</em></strong></span> <span class='ocrx_word' id='word_1_94' title='bbox 338 1524 571 1576; x_wconf 88' lang='lat' dir='ltr'><strong><em>Christus</em></strong></span> <span class='ocrx_word' id='word_1_95' title='bbox 612 1532 688 1576; x_wconf 88' lang='lat' dir='ltr'><strong><em>est</em></strong></span> <span class='ocrx_word' id='word_1_96' title='bbox 730 1525 953 1591; x_wconf 75' lang='lat' dir='ltr'><strong><em>Pontifeoe</em></strong></span> <span class='ocrx_word' id='word_1_97' title='bbox 1003 1534 1219 1587; x_wconf 74' lang='lat' dir='ltr'><strong><em>sauctuS,</em></strong></span> 
     </span>
     <span class='ocr_line' id='line_1_20' title="bbox 232 1599 1222 1668; baseline 0.001 -16"><span class='ocrx_word' id='word_1_98' title='bbox 232 1601 476 1660; x_wconf 68' lang='lat' dir='ltr'><strong><em>inuocem,</em></strong></span> <span class='ocrx_word' id='word_1_99' title='bbox 525 1599 826 1668; x_wconf 80' lang='lat' dir='ltr'><strong><em>impollutus,</em></strong></span> <span class='ocrx_word' id='word_1_100' title='bbox 881 1609 1158 1667; x_wconf 69' lang='lat' dir='ltr'><strong><em>seqreqacus</em></strong></span> <span class='ocrx_word' id='word_1_101' title='bbox 1195 1618 1222 1653; x_wconf 90' lang='grc' dir='ltr'><em>α</em></span> 
     </span>
     <span class='ocr_line' id='line_1_21' title="bbox 227 1673 1224 1743; baseline -0.001 -16"><span class='ocrx_word' id='word_1_102' title='bbox 227 1673 624 1743; x_wconf 80' lang='lat' dir='ltr'><strong><em>peccatoribus...</em></strong></span> <span class='ocrx_word' id='word_1_103' title='bbox 657 1674 744 1742; x_wconf 86' lang='lat' dir='ltr'><strong><em>qui</em></strong></span> <span class='ocrx_word' id='word_1_104' title='bbox 770 1690 868 1725; x_wconf 80' lang='lat' dir='ltr'><strong><em>nou</em></strong></span> <span class='ocrx_word' id='word_1_105' title='bbox 910 1674 1043 1726; x_wconf 80' lang='lat' dir='ltr'><strong><em>habet</em></strong></span> <span class='ocrx_word' id='word_1_106' title='bbox 1071 1691 1224 1726; x_wconf 78' lang='lat' dir='ltr'><strong><em>ueces-</em></strong></span> 
     </span>
     <span class='ocr_line' id='line_1_22' title="bbox 228 1748 1224 1817; baseline -0.001 -16"><span class='ocrx_word' id='word_1_107' title='bbox 228 1750 418 1801; x_wconf 69' lang='lat' dir='ltr'><strong><em>sitalem</em></strong></span> <span class='ocrx_word' id='word_1_108' title='bbox 464 1748 677 1817; x_wconf 75' lang='lat' dir='ltr'><strong><em>quotidie</em></strong></span> <span class='ocrx_word' id='word_1_109' title='bbox 716 1750 1114 1816; x_wconf 82' lang='lat' dir='ltr'><strong><em>quemadmodum</em></strong></span> <span class='ocrx_word' id='word_1_110' title='bbox 1151 1766 1224 1800; x_wconf 80' lang='lat' dir='ltr'><strong><em>sa·</em></strong></span> 
     </span>
     <span class='ocr_line' id='line_1_23' title="bbox 227 1823 1224 1891; baseline -0.001 -15"><span class='ocrx_word' id='word_1_111' title='bbox 227 1824 432 1876; x_wconf 82' lang='lat' dir='ltr'><strong><em>cerdotes</em></strong></span> <span class='ocrx_word' id='word_1_112' title='bbox 457 1825 599 1891; x_wconf 75' lang='lat' dir='ltr'><strong><em>prius</em></strong></span> <span class='ocrx_word' id='word_1_113' title='bbox 646 1839 737 1891; x_wconf 80' lang='lat' dir='ltr'><strong><em>pro</em></strong></span> <span class='ocrx_word' id='word_1_114' title='bbox 779 1823 881 1874; x_wconf 86' lang='lat' dir='ltr'><strong><em>suis</em></strong></span> <span class='ocrx_word' id='word_1_115' title='bbox 933 1823 1115 1875; x_wconf 77' lang='lat' dir='ltr'><strong><em>doliolis</em></strong></span> <span class='ocrx_word' id='word_1_116' title='bbox 1144 1826 1224 1875; x_wconf 87' lang='lat' dir='ltr'><strong><em>ho-</em></strong></span> 
     </span>
     <span class='ocr_line' id='line_1_24' title="bbox 226 1897 1223 1966; baseline 0.001 -17"><span class='ocrx_word' id='word_1_117' title='bbox 226 1899 345 1950; x_wconf 72' lang='lat' dir='ltr'><strong><em>suas</em></strong></span> <span class='ocrx_word' id='word_1_118' title='bbox 378 1899 575 1966; x_wconf 79' lang='lat' dir='ltr'><strong><em>offerre,</em></strong></span> <span class='ocrx_word' id='word_1_119' title='bbox 615 1897 784 1948; x_wconf 80' lang='lat' dir='ltr'><strong><em>deinde</em></strong></span> <span class='ocrx_word' id='word_1_120' title='bbox 808 1913 897 1965; x_wconf 81' lang='lat' dir='ltr'><strong><em>pro</em></strong></span> <span class='ocrx_word' id='word_1_121' title='bbox 919 1898 1106 1965; x_wconf 81' lang='lat' dir='ltr'><strong><em>populi:</em></strong></span> <span class='ocrx_word' id='word_1_122' title='bbox 1139 1899 1223 1951; x_wconf 81' lang='lat' dir='ltr'><strong><em>hoo</em></strong></span> 
     </span>
     <span class='ocr_line' id='line_1_25' title="bbox 226 1971 1219 2043; baseline -0.002 -18"><span class='ocrx_word' id='word_1_123' title='bbox 226 1973 352 2025; x_wconf 80' lang='lat' dir='ltr'><strong><em>euim</em></strong></span> <span class='ocrx_word' id='word_1_124' title='bbox 368 1975 478 2040; x_wconf 79' lang='lat' dir='ltr'><strong><em>fecit·</em></strong></span> <span class='ocrx_word' id='word_1_125' title='bbox 495 1972 747 2038; x_wconf 74' lang='lat' dir='ltr'><strong><em>semelseip</em></strong></span> <span class='ocrx_word' id='word_1_126' title='bbox 756 1987 859 2022; x_wconf 82' lang='lat' dir='ltr'><strong><em>sum</em></strong></span> <span class='ocrx_word' id='word_1_127' title='bbox 875 1973 1114 2039; x_wconf 78' lang='lat' dir='ltr'><strong><em>offerendo</em></strong></span> <span class='ocrx_word' id='word_1_128' title='bbox 1127 1971 1219 2043; x_wconf 68' lang='lat' dir='ltr'><strong>(lt).</strong></span> 
     </span>
    </p>

    <p class='ocr_par' dir='ltr' id='par_1_4' title="bbox 222 2045 1223 2339">
     <span class='ocr_line' id='line_1_26' title="bbox 297 2045 1223 2115; baseline 0 -16"><span class='ocrx_word' id='word_1_129' title='bbox 297 2047 348 2099; x_wconf 80' lang='lat'><strong><em>6.</em></strong></span> <span class='ocrx_word' id='word_1_130' title='bbox 393 2045 703 2115; x_wconf 73' lang='lat' dir='ltr'><strong><em>¹Sacerdotes</em></strong></span> <span class='ocrx_word' id='word_1_131' title='bbox 743 2047 962 2098; x_wconf 87' lang='lat' dir='ltr'><strong><em>aaronici</em></strong></span> <span class='ocrx_word' id='word_1_132' title='bbox 1015 2050 1124 2113; x_wconf 88' lang='lat' dir='ltr'><strong><em>puri</em></strong></span> <span class='ocrx_word' id='word_1_133' title='bbox 1174 2065 1223 2099; x_wconf 87' lang='lat' dir='ltr'><strong><em>e·</em></strong></span> 
     </span>
     <span class='ocr_line' id='line_1_27' title="bbox 224 2119 1220 2184; baseline 0 -11"><span class='ocrx_word' id='word_1_134' title='bbox 224 2128 342 2173; x_wconf 83' lang='lat' dir='ltr'><strong><em>rant</em></strong></span> <span class='ocrx_word' id='word_1_135' title='bbox 382 2120 634 2184; x_wconf 86' lang='lat' dir='ltr'><strong><em>homines3</em></strong></span> <span class='ocrx_word' id='word_1_136' title='bbox 665 2119 896 2172; x_wconf 86' lang='lat' dir='ltr'><strong><em>Christus</em></strong></span> <span class='ocrx_word' id='word_1_137' title='bbox 935 2127 1106 2172; x_wconf 86' lang='lat' dir='ltr'><strong><em>autem</em></strong></span> <span class='ocrx_word' id='word_1_138' title='bbox 1138 2137 1220 2173; x_wconf 90' lang='lat' dir='ltr'><strong><em>ve-</em></strong></span> 
     </span>
     <span class='ocr_line' id='line_1_28' title="bbox 222 2194 1216 2264; baseline 0.001 -17"><span class='ocrx_word' id='word_1_139' title='bbox 222 2211 313 2247; x_wconf 90' lang='lat' dir='ltr'><strong><em>rus</em></strong></span> <span class='ocrx_word' id='word_1_140' title='bbox 352 2195 556 2264; x_wconf 90' lang='lat' dir='ltr'><strong><em>quidem</em></strong></span> <span class='ocrx_word' id='word_1_141' title='bbox 598 2201 676 2247; x_wconf 89' lang='lat' dir='ltr'><strong><em>est</em></strong></span> <span class='ocrx_word' id='word_1_142' title='bbox 715 2194 885 2257; x_wconf 87' lang='lat' dir='ltr'><strong><em>homo,</em></strong></span> <span class='ocrx_word' id='word_1_143' title='bbox 930 2195 1017 2247; x_wconf 90' lang='lat' dir='ltr'><strong><em>sed</em></strong></span> <span class='ocrx_word' id='word_1_144' title='bbox 1067 2196 1216 2248; x_wconf 85' lang='lat' dir='ltr'><strong><em>simul</em></strong></span> 
     </span>
     <span class='ocr_line' id='line_1_29' title="bbox 222 2268 681 2339; baseline -0.004 -17"><span class='ocrx_word' id='word_1_145' title='bbox 222 2285 377 2322; x_wconf 91' lang='lat' dir='ltr'><strong><em>verus</em></strong></span> <span class='ocrx_word' id='word_1_146' title='bbox 418 2269 555 2321; x_wconf 85' lang='lat' dir='ltr'><strong><em>Deus</em></strong></span> <span class='ocrx_word' id='word_1_147' title='bbox 585 2268 681 2339; x_wconf 77' lang='lat'><strong>(5).</strong></span> 
     </span>
    </p>

    <p class='ocr_par' dir='ltr' id='par_1_5' title="bbox 222 2342 1219 3236">
     <span class='ocr_line' id='line_1_30' title="bbox 294 2342 1219 2398; baseline 0 -2"><span class='ocrx_word' id='word_1_148' title='bbox 294 2344 348 2398; x_wconf 91' lang='grc'><strong><em>7.</em></strong></span> <span class='ocrx_word' id='word_1_149' title='bbox 379 2342 730 2396; x_wconf 80' lang='lat' dir='ltr'><strong><em>Sacerdotium</em></strong></span> <span class='ocrx_word' id='word_1_150' title='bbox 766 2343 1062 2396; x_wconf 87' lang='lat' dir='ltr'><strong><em>aaronicum</em></strong></span> <span class='ocrx_word' id='word_1_151' title='bbox 1103 2343 1219 2396; x_wconf 89' lang='lat' dir='ltr'><strong><em>hae·</em></strong></span> 
     </span>
     <span class='ocr_line' id='line_1_31' title="bbox 222 2418 1219 2487; baseline -0.001 -16"><span class='ocrx_word' id='word_1_152' title='bbox 222 2418 521 2472; x_wconf 87' lang='lat' dir='ltr'><strong><em>reditarium</em></strong></span> <span class='ocrx_word' id='word_1_153' title='bbox 578 2425 689 2470; x_wconf 87' lang='lat' dir='ltr'><strong><em>erat</em></strong></span> <span class='ocrx_word' id='word_1_154' title='bbox 738 2419 993 2470; x_wconf 87' lang='lat' dir='ltr'><strong><em>transiens</em></strong></span> <span class='ocrx_word' id='word_1_155' title='bbox 1050 2435 1078 2470; x_wconf 87' lang='lat' dir='ltr'><strong><em>a</em></strong></span> <span class='ocrx_word' id='word_1_156' title='bbox 1132 2435 1219 2487; x_wconf 92' lang='lat' dir='ltr'><strong><em>pa-</em></strong></span> 
     </span>
     <span class='ocr_line' id='line_1_32' title="bbox 222 2492 1218 2553; baseline -0.001 -7"><span class='ocrx_word' id='word_1_157' title='bbox 222 2494 456 2547; x_wconf 90' lang='lat' dir='ltr'><strong><em>rentibus</em></strong></span> <span class='ocrx_word' id='word_1_158' title='bbox 501 2493 550 2545; x_wconf 90' lang='lat' dir='ltr'><strong><em>in</em></strong></span> <span class='ocrx_word' id='word_1_159' title='bbox 590 2492 746 2553; x_wconf 77' lang='lat' dir='ltr'><strong><em>filios,</em></strong></span> <span class='ocrx_word' id='word_1_160' title='bbox 791 2499 841 2543; x_wconf 88' lang='lat' dir='ltr'><strong><em>et</em></strong></span> <span class='ocrx_word' id='word_1_161' title='bbox 876 2493 924 2544; x_wconf 94' lang='lat' dir='ltr'><strong><em>in</em></strong></span> <span class='ocrx_word' id='word_1_162' title='bbox 968 2500 1102 2545; x_wconf 88' lang='lat' dir='ltr'><strong><em>terra</em></strong></span> <span class='ocrx_word' id='word_1_163' title='bbox 1143 2509 1218 2545; x_wconf 92' lang='lat' dir='ltr'><strong><em>so-</em></strong></span> 
     </span>
     <span class='ocr_line' id='line_1_33' title="bbox 224 2565 1217 2630; baseline 0.001 -11"><span class='ocrx_word' id='word_1_164' title='bbox 224 2567 335 2620; x_wconf 84' lang='lat' dir='ltr'><strong><em>lum</em></strong></span> <span class='ocrx_word' id='word_1_165' title='bbox 367 2568 739 2630; x_wconf 83' lang='lat' dir='ltr'><strong><em>exercendum3</em></strong></span> <span class='ocrx_word' id='word_1_166' title='bbox 769 2565 882 2619; x_wconf 90' lang='lat' dir='ltr'><strong><em>ideo</em></strong></span> <span class='ocrx_word' id='word_1_167' title='bbox 917 2567 1217 2620; x_wconf 77' lang='lat' dir='ltr'>Sacerdotes</span> 
     </span>
     <span class='ocr_line' id='line_1_34' title="bbox 227 2642 1217 2703; baseline -0.002 -7"><span class='ocrx_word' id='word_1_168' title='bbox 227 2642 286 2696; x_wconf 90' lang='lat' dir='ltr'><strong><em>V.</em></strong></span> <span class='ocrx_word' id='word_1_169' title='bbox 315 2643 370 2695; x_wconf 92' lang='lat' dir='ltr'><strong><em>T.</em></strong></span> <span class='ocrx_word' id='word_1_170' title='bbox 398 2643 489 2695; x_wconf 90' lang='lat' dir='ltr'><strong><em>sibi</em></strong></span> <span class='ocrx_word' id='word_1_171' title='bbox 514 2643 732 2694; x_wconf 88' lang='lat' dir='ltr'><strong><em>invicem</em></strong></span> <span class='ocrx_word' id='word_1_172' title='bbox 762 2649 1140 2703; x_wconf 82' lang='lat' dir='ltr'><strong><em>successerunt,</em></strong></span> <span class='ocrx_word' id='word_1_173' title='bbox 1166 2650 1217 2694; x_wconf 91' lang='lat' dir='ltr'><strong><em>et</em></strong></span> 
     </span>
     <span class='ocr_line' id='line_1_35' title="bbox 226 2715 1217 2770; baseline 0 -3"><span class='ocrx_word' id='word_1_174' title='bbox 226 2717 274 2768; x_wconf 91' lang='lat' dir='ltr'><strong><em>in</em></strong></span> <span class='ocrx_word' id='word_1_175' title='bbox 303 2722 467 2770; x_wconf 85' lang='lat' dir='ltr'><strong><em>morte</em></strong></span> <span class='ocrx_word' id='word_1_176' title='bbox 507 2733 695 2769; x_wconf 89' lang='lat' dir='ltr'><strong><em>munus</em></strong></span> <span class='ocrx_word' id='word_1_177' title='bbox 722 2732 897 2768; x_wconf 87' lang='lat' dir='ltr'><strong><em>eorum</em></strong></span> <span class='ocrx_word' id='word_1_178' title='bbox 938 2715 1091 2768; x_wconf 90' lang='lat' dir='ltr'><strong><em>finem</em></strong></span> <span class='ocrx_word' id='word_1_179' title='bbox 1133 2733 1217 2768; x_wconf 89' lang='lat' dir='ltr'><strong><em>ac-</em></strong></span> 
     </span>
     <span class='ocr_line' id='line_1_36' title="bbox 227 2791 1216 2860; baseline -0.001 -17"><span class='ocrx_word' id='word_1_180' title='bbox 227 2793 377 2860; x_wconf 78' lang='lat' dir='ltr'><strong><em>cepit.</em></strong></span> <span class='ocrx_word' id='word_1_181' title='bbox 406 2791 638 2844; x_wconf 89' lang='lat' dir='ltr'><strong><em>Christus</em></strong></span> <span class='ocrx_word' id='word_1_182' title='bbox 665 2798 837 2843; x_wconf 90' lang='lat' dir='ltr'><strong><em>autem</em></strong></span> <span class='ocrx_word' id='word_1_183' title='bbox 880 2806 975 2842; x_wconf 92' lang='lat' dir='ltr'><strong><em>nec</em></strong></span> <span class='ocrx_word' id='word_1_184' title='bbox 1013 2807 1216 2843; x_wconf 86' lang='lat' dir='ltr'><strong><em>succes-</em></strong></span> 
     </span>
     <span class='ocr_line' id='line_1_37' title="bbox 227 2865 1210 2927; baseline 0.001 -10"><span class='ocrx_word' id='word_1_185' title='bbox 227 2865 288 2918; x_wconf 86' lang='lat' dir='ltr'><strong><em>sit</em></strong></span> <span class='ocrx_word' id='word_1_186' title='bbox 313 2866 482 2927; x_wconf 84' lang='lat' dir='ltr'><strong><em>alteri,</em></strong></span> <span class='ocrx_word' id='word_1_187' title='bbox 527 2882 621 2919; x_wconf 90' lang='lat' dir='ltr'><strong><em>nec</em></strong></span> <span class='ocrx_word' id='word_1_188' title='bbox 649 2880 997 2918; x_wconf 79' lang='lat' dir='ltr'><strong><em>successorem</em></strong></span> <span class='ocrx_word' id='word_1_189' title='bbox 1037 2865 1210 2918; x_wconf 89' lang='lat' dir='ltr'><strong><em>habet:</em></strong></span> 
     </span>
     <span class='ocr_line' id='line_1_38' title="bbox 227 2940 1211 3009; baseline 0 -19"><span class='ocrx_word' id='word_1_190' title='bbox 227 2945 277 2991; x_wconf 86' lang='lat' dir='ltr'><strong><em>et</em></strong></span> <span class='ocrx_word' id='word_1_191' title='bbox 302 2940 535 3008; x_wconf 89' lang='lat' dir='ltr'><strong><em>quamvis</em></strong></span> <span class='ocrx_word' id='word_1_192' title='bbox 565 2942 723 3009; x_wconf 88' lang='lat' dir='ltr'><strong><em>ipsius</em></strong></span> <span class='ocrx_word' id='word_1_193' title='bbox 749 2940 1102 2992; x_wconf 73' lang='lat' dir='ltr'><strong><em>Sacerdotium</em></strong></span> <span class='ocrx_word' id='word_1_194' title='bbox 1162 2942 1211 2991; x_wconf 91' lang='lat' dir='ltr'><strong><em>in</em></strong></span> 
     </span>
     <span class='ocr_line' id='line_1_39' title="bbox 229 3014 1214 3075; baseline 0.002 -11"><span class='ocrx_word' id='word_1_195' title='bbox 229 3014 378 3066; x_wconf 87' lang='lat' dir='ltr'><strong><em>terris</em></strong></span> <span class='ocrx_word' id='word_1_196' title='bbox 423 3014 721 3067; x_wconf 87' lang='lat' dir='ltr'><strong><em>inchoatum</em></strong></span> <span class='ocrx_word' id='word_1_197' title='bbox 749 3021 902 3075; x_wconf 85' lang='lat' dir='ltr'><strong><em>esset,</em></strong></span> <span class='ocrx_word' id='word_1_198' title='bbox 947 3015 1214 3066; x_wconf 85' lang='lat' dir='ltr'><strong><em>continua-</em></strong></span> 
     </span>
     <span class='ocr_line' id='line_1_40' title="bbox 227 3090 1211 3142; baseline 0.002 -4"><span class='ocrx_word' id='word_1_199' title='bbox 227 3092 312 3139; x_wconf 85' lang='lat' dir='ltr'><strong><em>tur</em></strong></span> <span class='ocrx_word' id='word_1_200' title='bbox 375 3093 545 3141; x_wconf 89' lang='lat' dir='ltr'><strong><em>tamen</em></strong></span> <span class='ocrx_word' id='word_1_201' title='bbox 605 3097 657 3142; x_wconf 91' lang='lat' dir='ltr'><strong><em>et</em></strong></span> <span class='ocrx_word' id='word_1_202' title='bbox 727 3095 1113 3141; x_wconf 80' lang='lat' dir='ltr'><strong><em>consummatur</em></strong></span> <span class='ocrx_word' id='word_1_203' title='bbox 1163 3090 1211 3141; x_wconf 90' lang='lat' dir='ltr'><strong><em>in</em></strong></span> 
     </span>
     <span class='ocr_line' id='line_1_41' title="bbox 228 3160 1208 3236; baseline 0.002 -23"><span class='ocrx_word' id='word_1_204' title='bbox 228 3160 382 3214; x_wconf 87' lang='lat' dir='ltr'><strong><em>coelis</em></strong></span> <span class='ocrx_word' id='word_1_205' title='bbox 407 3202 420 3223; x_wconf 94' lang='lat'>‚</span> <span class='ocrx_word' id='word_1_206' title='bbox 472 3163 557 3216; x_wconf 82' lang='lat' dir='ltr'><strong><em>ubi</em></strong></span> <span class='ocrx_word' id='word_1_207' title='bbox 598 3163 752 3217; x_wconf 90' lang='lat' dir='ltr'><strong><em>finem</em></strong></span> <span class='ocrx_word' id='word_1_208' title='bbox 778 3179 879 3217; x_wconf 90' lang='lat' dir='ltr'><strong><em>non</em></strong></span> <span class='ocrx_word' id='word_1_209' title='bbox 919 3163 1074 3217; x_wconf 88' lang='lat' dir='ltr'><strong><em>habet</em></strong></span> <span class='ocrx_word' id='word_1_210' title='bbox 1113 3161 1208 3236; x_wconf 87' lang='grc'>(6).</span> 
     </span>
    </p>
   </div>
   <div class='ocr_carea' id='block_1_3' title="bbox 272 3349 812 3529">
    <p class='ocr_par' dir='ltr' id='par_1_6' title="bbox 273 3349 597 3395">
     <span class='ocr_line' id='line_1_42' title="bbox 273 3349 597 3395; baseline -0.003 -8"><span class='ocrx_word' id='word_1_211' title='bbox 273 3349 325 3395; x_wconf 73' lang='grc'><strong><em>(1)</em></strong></span> <span class='ocrx_word' id='word_1_212' title='bbox 350 3351 459 3386; x_wconf 81' lang='lat' dir='ltr'><strong><em>Hebr</em></strong></span> <span class='ocrx_word' id='word_1_213' title='bbox 486 3349 542 3393; x_wconf 73' lang='lat'><strong><em>10,</em></strong></span> <span class='ocrx_word' id='word_1_214' title='bbox 565 3351 597 3386; x_wconf 93' lang='lat'><strong><em>4.</em></strong></span> 
     </span>
    </p>

    <p class='ocr_par' dir='ltr' id='par_1_7' title="bbox 272 3395 812 3475">
     <span class='ocr_line' id='line_1_43' title="bbox 272 3395 812 3440; baseline 0.006 -10"><span class='ocrx_word' id='word_1_215' title='bbox 272 3395 399 3440; x_wconf 65' lang='grc' dir='ltr'><strong>(υΛιΙ</strong></span> <span class='ocrx_word' id='word_1_216' title='bbox 424 3396 530 3431; x_wconf 80' lang='lat' dir='ltr'><strong><em>Hebr.</em></strong></span> <span class='ocrx_word' id='word_1_217' title='bbox 557 3395 653 3438; x_wconf 62' lang='lat'><strong><em>010,</em></strong></span> <span class='ocrx_word' id='word_1_218' title='bbox 681 3397 812 3440; x_wconf 52' lang='lat'><strong><em>1214.</em></strong></span> 
     </span>
     <span class='ocr_line' id='line_1_44' title="bbox 289 3439 654 3481; baseline 0.006 -8"><span class='ocrx_word' id='word_1_219' title='bbox 289 3441 320 3477; x_wconf 98' lang='grc'>3</span> <span class='ocrx_word' id='word_1_220' title='bbox 349 3439 516 3481; x_wconf 78' lang='lat' dir='ltr'><strong><em>Hehr.15,</em></strong></span> <span class='ocrx_word' id='word_1_221' title='bbox 542 3441 558 3473; x_wconf 90' lang='grc'><strong>1</strong></span> <span class='ocrx_word' id='word_1_222' title='bbox 586 3447 654 3478; x_wconf 85' lang='lat' dir='ltr'><strong><em>etc.</em></strong></span> 
     </span>
    </p>

    <p class='ocr_par' dir='ltr' id='par_1_8' title="bbox 288 3483 591 3529">
     <span class='ocr_line' id='line_1_45' title="bbox 288 3483 591 3529; baseline -0.003 -9"><span class='ocrx_word' id='word_1_223' title='bbox 288 3485 321 3529; x_wconf 67' lang='grc'><strong><em>5)</em></strong></span> <span class='ocrx_word' id='word_1_224' title='bbox 345 3485 453 3522; x_wconf 76' lang='lat' dir='ltr'><strong><em>Hebr.</em></strong></span> <span class='ocrx_word' id='word_1_225' title='bbox 478 3484 511 3529; x_wconf 81' lang='lat'><strong><em>7,</em></strong></span> <span class='ocrx_word' id='word_1_226' title='bbox 536 3483 591 3520; x_wconf 81' lang='lat'><strong><em>28.</em></strong></span> 
     </span>
    </p>
   </div>
   <div class='ocr_carea' id='block_1_4' title="bbox 816 3441 1214 3529">
    <p class='ocr_par' dir='ltr' id='par_1_9' title="bbox 816 3441 1214 3529">
     <span class='ocr_line' id='line_1_46' title="bbox 816 3441 1214 3483; baseline 0.003 -8"><span class='ocrx_word' id='word_1_227' title='bbox 816 3442 864 3483; x_wconf 76' lang='grc'><strong><em>(4)</em></strong></span> <span class='ocrx_word' id='word_1_228' title='bbox 888 3442 996 3476; x_wconf 81' lang='lat' dir='ltr'><strong><em>Hebr.</em></strong></span> <span class='ocrx_word' id='word_1_229' title='bbox 1022 3441 1055 3482; x_wconf 78' lang='lat'><strong><em>7,</em></strong></span> <span class='ocrx_word' id='word_1_230' title='bbox 1080 3442 1123 3476; x_wconf 80' lang='lat'><strong><em>26</em></strong></span> <span class='ocrx_word' id='word_1_231' title='bbox 1145 3446 1214 3477; x_wconf 83' lang='lat' dir='ltr'><strong><em>etc.</em></strong></span> 
     </span>
     <span class='ocr_line' id='line_1_47' title="bbox 822 3486 1204 3529; baseline 0.003 -9"><span class='ocrx_word' id='word_1_232' title='bbox 822 3486 873 3529; x_wconf 73' lang='grc'><strong><em>(6)</em></strong></span> <span class='ocrx_word' id='word_1_233' title='bbox 895 3488 1004 3522; x_wconf 72' lang='lat' dir='ltr'><strong><em>fleur.</em></strong></span> <span class='ocrx_word' id='word_1_234' title='bbox 1016 3487 1050 3526; x_wconf 82' lang='lat'><strong><em>7.</em></strong></span> <span class='ocrx_word' id='word_1_235' title='bbox 1074 3487 1116 3523; x_wconf 77' lang='lat'><strong><em>23</em></strong></span> <span class='ocrx_word' id='word_1_236' title='bbox 1138 3491 1204 3523; x_wconf 77' lang='lat' dir='ltr'><strong><em>erc.</em></strong></span> 
     </span>
    </p>
   </div>
   <div class='ocr_carea' id='block_1_5' title="bbox 648 154 1857 222">
    <p class='ocr_par' dir='ltr' id='par_1_10' title="bbox 648 154 1857 222">
     <span class='ocr_line' id='line_1_48' title="bbox 648 154 1857 222; baseline 0.004 -5"><span class='ocrx_word' id='word_1_237' title='bbox 648 179 712 217; x_wconf 73' lang='lat' dir='ltr'><strong><em>ne</em></strong></span> <span class='ocrx_word' id='word_1_238' title='bbox 749 178 844 218; x_wconf 73' lang='lat' dir='ltr'><strong><em>nno</em></strong></span> <span class='ocrx_word' id='word_1_239' title='bbox 882 180 1016 218; x_wconf 76' lang='lat' dir='ltr'><strong>LAPSI</strong></span> <span class='ocrx_word' id='word_1_240' title='bbox 1055 179 1243 218; x_wconf 56' lang='lat' dir='ltr'><strong><em>nouam</em></strong></span> <span class='ocrx_word' id='word_1_241' title='bbox 1281 154 1498 219; x_wconf 64' lang='lat' dir='ltr'><strong><em>saueius</em></strong></span> <span class='ocrx_word' id='word_1_242' title='bbox 1520 178 1857 222; x_wconf 64' lang='lat' dir='ltr'><strong><em>annumerent.</em></strong></span> 
     </span>
    </p>
   </div>
   <div class='ocr_carea' id='block_1_6' title="bbox 1334 297 2309 424">
    <p class='ocr_par' dir='ltr' id='par_1_11' title="bbox 1334 297 2309 424">
     <span class='ocr_line' id='line_1_49' title="bbox 1543 297 2266 351; baseline 0.004 -18"><span class='ocrx_word' id='word_1_243' title='bbox 1543 297 1914 335; x_wconf 59' lang='lat' dir='ltr'><strong><em>*ARTICULUS</em></strong></span> <span class='ocrx_word' id='word_1_244' title='bbox 1955 298 2019 337; x_wconf 78' lang='grc' dir='ltr'><strong><em>ΙΙ.</em></strong></span> <span class='ocrx_word' id='word_1_245' title='bbox 2075 332 2077 334; x_wconf 96' lang='grc'>.</span> <span class='ocrx_word' id='word_1_246' title='bbox 2263 347 2266 351; x_wconf 31' lang='grc' dir='ltr'>Ι</span> 
     </span>
     <span class='ocr_line' id='line_1_50' title="bbox 1334 356 2309 424; baseline 0.007 -12"><span class='ocrx_word' id='word_1_247' title='bbox 1334 376 1386 412; x_wconf 88' lang='lat' dir='ltr'><strong><em>De</em></strong></span> <span class='ocrx_word' id='word_1_248' title='bbox 1407 356 1589 413; x_wconf 71' lang='lat' dir='ltr'><strong><em>sacrificio</em></strong></span> <span class='ocrx_word' id='word_1_249' title='bbox 1608 387 1629 414; x_wconf 79' lang='lat' dir='ltr'><strong><em>a</em></strong></span> <span class='ocrx_word' id='word_1_250' title='bbox 1650 379 1794 415; x_wconf 84' lang='lat' dir='ltr'><strong><em>Christo</em></strong></span> <span class='ocrx_word' id='word_1_251' title='bbox 1816 380 1855 414; x_wconf 77' lang='lat' dir='ltr'><strong><em>in</em></strong></span> <span class='ocrx_word' id='word_1_252' title='bbox 1876 389 1937 415; x_wconf 76' lang='lat' dir='ltr'><strong><em>ara</em></strong></span> <span class='ocrx_word' id='word_1_253' title='bbox 1959 381 2082 418; x_wconf 83' lang='lat' dir='ltr'><strong><em>crucis</em></strong></span> <span class='ocrx_word' id='word_1_254' title='bbox 2103 381 2237 419; x_wconf 70' lang='lat' dir='ltr'><strong><em>obtato.</em></strong></span> <span class='ocrx_word' id='word_1_255' title='bbox 2266 371 2287 414; x_wconf 61' lang='grc' dir='ltr'><strong><em>ξ-</em></strong></span> <span class='ocrx_word' id='word_1_256' title='bbox 2304 416 2309 424; x_wconf 60' lang='grc'><strong><em>,.</em></strong></span> 
     </span>
    </p>
   </div>
   <div class='ocr_carea' id='block_1_7' title="bbox 1276 554 2332 3597">
    <p class='ocr_par' dir='ltr' id='par_1_12' title="bbox 1287 554 2332 1595">
     <span class='ocr_line' id='line_1_51' title="bbox 1361 554 2282 629; baseline 0.013 -22"><span class='ocrx_word' id='word_1_257' title='bbox 1361 554 1679 610; x_wconf 86' lang='lat' dir='ltr'><strong><em>Sacrificium</em></strong></span> <span class='ocrx_word' id='word_1_258' title='bbox 1699 560 1900 629; x_wconf 85' lang='lat' dir='ltr'><strong><em>proprie</em></strong></span> <span class='ocrx_word' id='word_1_259' title='bbox 1922 560 2115 616; x_wconf 89' lang='lat' dir='ltr'><strong><em>dictum</em></strong></span> <span class='ocrx_word' id='word_1_260' title='bbox 2141 578 2282 619; x_wconf 88' lang='lat' dir='ltr'><strong><em>com·</em></strong></span> 
     </span>
     <span class='ocr_line' id='line_1_52' title="bbox 1292 631 2309 693; baseline 0.012 -12"><span class='ocrx_word' id='word_1_261' title='bbox 1292 631 1516 683; x_wconf 89' lang='lat' dir='ltr'><strong><em>muniter</em></strong></span> <span class='ocrx_word' id='word_1_262' title='bbox 1554 631 1833 687; x_wconf 85' lang='lat' dir='ltr'><strong><em>definitur:</em></strong></span> <span class='ocrx_word' id='word_1_263' title='bbox 1876 634 2073 690; x_wconf 88' lang='lat' dir='ltr'><strong><em>Oblatio</em></strong></span> <span class='ocrx_word' id='word_1_264' title='bbox 2111 645 2309 693; x_wconf 43' lang='lat' dir='ltr'><strong><em>exter-¹</em></strong></span> 
     </span>
     <span class='ocr_line' id='line_1_53' title="bbox 1293 706 2332 778; baseline 0.011 -22"><span class='ocrx_word' id='word_1_265' title='bbox 1293 721 1358 757; x_wconf 89' lang='lat' dir='ltr'><strong><em>na</em></strong></span> <span class='ocrx_word' id='word_1_266' title='bbox 1398 706 1471 757; x_wconf 88' lang='lat' dir='ltr'><strong><em>rei</em></strong></span> <span class='ocrx_word' id='word_1_267' title='bbox 1511 706 1765 760; x_wconf 68' lang='lat' dir='ltr'><strong><em>sensibilis</em></strong></span> <span class='ocrx_word' id='word_1_268' title='bbox 1802 724 1919 761; x_wconf 87' lang='lat' dir='ltr'><strong><em>cum</em></strong></span> <span class='ocrx_word' id='word_1_269' title='bbox 1948 711 2058 764; x_wconf 87' lang='lat' dir='ltr'><strong><em>eius</em></strong></span> <span class='ocrx_word' id='word_1_270' title='bbox 2086 711 2282 767; x_wconf 87' lang='lat' dir='ltr'><strong><em>destru-</em></strong></span> <span class='ocrx_word' id='word_1_271' title='bbox 2329 762 2332 778; x_wconf 76' lang='grc'><strong>,</strong></span> 
     </span>
     <span class='ocr_line' id='line_1_54' title="bbox 1291 780 2332 841; baseline 0.011 -11"><span class='ocrx_word' id='word_1_272' title='bbox 1291 780 1459 832; x_wconf 82' lang='lat' dir='ltr'><strong><em>ctione</em></strong></span> <span class='ocrx_word' id='word_1_273' title='bbox 1499 780 1581 832; x_wconf 88' lang='lat' dir='ltr'><strong><em>vel</em></strong></span> <span class='ocrx_word' id='word_1_274' title='bbox 1645 781 1996 838; x_wconf 77' lang='lat' dir='ltr'><strong><em>immutatione</em></strong></span> <span class='ocrx_word' id='word_1_275' title='bbox 2056 785 2187 840; x_wconf 80' lang='lat' dir='ltr'><strong><em>sacta</em></strong></span> <span class='ocrx_word' id='word_1_276' title='bbox 2248 788 2332 841; x_wconf 74' lang='lat' dir='ltr'><strong><em>a-·³</em></strong></span> 
     </span>
     <span class='ocr_line' id='line_1_55' title="bbox 1291 853 2281 920; baseline 0.01 -15"><span class='ocrx_word' id='word_1_277' title='bbox 1291 853 1518 920; x_wconf 83' lang='lat' dir='ltr'><strong><em>legitimo</em></strong></span> <span class='ocrx_word' id='word_1_278' title='bbox 1577 855 1809 909; x_wconf 91' lang='lat' dir='ltr'><strong><em>ministro</em></strong></span> <span class='ocrx_word' id='word_1_279' title='bbox 1866 858 1930 910; x_wconf 87' lang='lat' dir='ltr'><strong><em>ad</em></strong></span> <span class='ocrx_word' id='word_1_280' title='bbox 1993 866 2281 914; x_wconf 87' lang='lat' dir='ltr'><strong><em>contestan-</em></strong></span> 
     </span>
     <span class='ocr_line' id='line_1_56' title="bbox 1290 928 2292 998; baseline 0.01 -19"><span class='ocrx_word' id='word_1_281' title='bbox 1290 928 1412 980; x_wconf 88' lang='lat' dir='ltr'><strong><em>dum</em></strong></span> <span class='ocrx_word' id='word_1_282' title='bbox 1467 945 1766 998; x_wconf 88' lang='lat' dir='ltr'><strong><em>supremum</em></strong></span> <span class='ocrx_word' id='word_1_283' title='bbox 1824 930 2105 986; x_wconf 90' lang='lat' dir='ltr'><strong><em>dominium</em></strong></span> <span class='ocrx_word' id='word_1_284' title='bbox 2166 934 2292 990; x_wconf 76' lang='lat' dir='ltr'><strong><em>Dei:</em></strong></span> 
     </span>
     <span class='ocr_line' id='line_1_57' title="bbox 1289 1002 2329 1078; baseline 0.009 -24"><span class='ocrx_word' id='word_1_285' title='bbox 1289 1002 1364 1054; x_wconf 86' lang='lat' dir='ltr'><strong><em>Ad</em></strong></span> <span class='ocrx_word' id='word_1_286' title='bbox 1406 1004 1513 1055; x_wconf 79' lang='lat' dir='ltr'><strong><em>veri</em></strong></span> <span class='ocrx_word' id='word_1_287' title='bbox 1554 1005 1772 1057; x_wconf 90' lang='lat' dir='ltr'><strong><em>nominis</em></strong></span> <span class='ocrx_word' id='word_1_288' title='bbox 1810 1007 2118 1061; x_wconf 88' lang='lat' dir='ltr'><strong><em>sacrificium</em></strong></span> <span class='ocrx_word' id='word_1_289' title='bbox 2157 1025 2279 1078; x_wconf 82' lang='lat' dir='ltr'><strong><em>ergo</em></strong></span> <span class='ocrx_word' id='word_1_290' title='bbox 2315 1008 2329 1014; x_wconf 69' lang='grc'>”</span> 
     </span>
     <span class='ocr_line' id='line_1_58' title="bbox 1288 1080 2278 1148; baseline 0.009 -20"><span class='ocrx_word' id='word_1_291' title='bbox 1288 1085 1507 1146; x_wconf 88' lang='lat' dir='ltr'><strong><em>quatuor</em></strong></span> <span class='ocrx_word' id='word_1_292' title='bbox 1556 1080 1918 1148; x_wconf 74' lang='lat' dir='ltr'><strong><em>requirunturt</em></strong></span> <span class='ocrx_word' id='word_1_293' title='bbox 1971 1082 1996 1134; x_wconf 77' lang='lat'><strong>1</strong></span> <span class='ocrx_word' id='word_1_294' title='bbox 2047 1097 2124 1134; x_wconf 85' lang='lat' dir='ltr'><strong><em>res</em></strong></span> <span class='ocrx_word' id='word_1_295' title='bbox 2168 1099 2278 1137; x_wconf 82' lang='lat' dir='ltr'><strong><em>sen-</em></strong></span> 
     </span>
     <span class='ocr_line' id='line_1_59' title="bbox 1287 1151 2274 1224; baseline 0.009 -22"><span class='ocrx_word' id='word_1_296' title='bbox 1287 1151 1445 1203; x_wconf 79' lang='lat' dir='ltr'><strong><em>sibilis</em></strong></span> <span class='ocrx_word' id='word_1_297' title='bbox 1484 1160 1527 1204; x_wconf 81' lang='lat' dir='ltr'><strong><em>et</em></strong></span> <span class='ocrx_word' id='word_1_298' title='bbox 1566 1161 1783 1215; x_wconf 73' lang='lat' dir='ltr'><strong><em>externa,</em></strong></span> <span class='ocrx_word' id='word_1_299' title='bbox 1828 1171 1958 1224; x_wconf 85' lang='lat' dir='ltr'><strong><em>quae</em></strong></span> <span class='ocrx_word' id='word_1_300' title='bbox 1997 1156 2274 1223; x_wconf 79' lang='lat' dir='ltr'><strong><em>offeratur,</em></strong></span> 
     </span>
     <span class='ocr_line' id='line_1_60' title="bbox 1289 1228 2278 1294; baseline 0.008 -17"><span class='ocrx_word' id='word_1_301' title='bbox 1289 1228 1526 1294; x_wconf 87' lang='lat' dir='ltr'><strong><em>quoniam</em></strong></span> <span class='ocrx_word' id='word_1_302' title='bbox 1580 1229 1888 1282; x_wconf 86' lang='lat' dir='ltr'><strong><em>sacrificium</em></strong></span> <span class='ocrx_word' id='word_1_303' title='bbox 1951 1230 2016 1283; x_wconf 88' lang='lat' dir='ltr'><strong><em>ad</em></strong></span> <span class='ocrx_word' id='word_1_304' title='bbox 2080 1232 2278 1286; x_wconf 92' lang='lat' dir='ltr'><strong><em>cultum</em></strong></span> 
     </span>
     <span class='ocr_line' id='line_1_61' title="bbox 1288 1302 2276 1376; baseline 0.008 -25"><span class='ocrx_word' id='word_1_305' title='bbox 1288 1308 1583 1362; x_wconf 87' lang='lat' dir='ltr'><strong><em>externum,</em></strong></span> <span class='ocrx_word' id='word_1_306' title='bbox 1626 1304 1712 1371; x_wconf 86' lang='lat' dir='ltr'><strong><em>qui</em></strong></span> <span class='ocrx_word' id='word_1_307' title='bbox 1753 1302 1858 1355; x_wconf 92' lang='lat' dir='ltr'><strong><em>Deo</em></strong></span> <span class='ocrx_word' id='word_1_308' title='bbox 1898 1303 2132 1367; x_wconf 89' lang='lat' dir='ltr'><strong><em>debetur,</em></strong></span> <span class='ocrx_word' id='word_1_309' title='bbox 2163 1323 2276 1376; x_wconf 90' lang='lat' dir='ltr'><strong><em>per-</em></strong></span> 
     </span>
     <span class='ocr_line' id='line_1_62' title="bbox 1289 1375 2276 1439; baseline 0.01 -14"><span class='ocrx_word' id='word_1_310' title='bbox 1289 1375 1452 1439; x_wconf 83' lang='lat' dir='ltr'><strong><em>tinet3</em></strong></span> <span class='ocrx_word' id='word_1_311' title='bbox 1522 1376 1554 1427; x_wconf 74' lang='lat'><strong>2</strong></span> <span class='ocrx_word' id='word_1_312' title='bbox 1605 1378 1822 1428; x_wconf 84' lang='lat' dir='ltr'><strong><em>eiusdem</em></strong></span> <span class='ocrx_word' id='word_1_313' title='bbox 1886 1379 1960 1430; x_wconf 85' lang='lat' dir='ltr'><strong><em>rei</em></strong></span> <span class='ocrx_word' id='word_1_314' title='bbox 2017 1379 2276 1435; x_wconf 75' lang='lat' dir='ltr'><strong><em>destructio</em></strong></span> 
     </span>
     <span class='ocr_line' id='line_1_63' title="bbox 1287 1449 2282 1521; baseline 0.008 -21"><span class='ocrx_word' id='word_1_315' title='bbox 1287 1449 1359 1500; x_wconf 78' lang='lat' dir='ltr'><strong><em>vel</em></strong></span> <span class='ocrx_word' id='word_1_316' title='bbox 1397 1450 1692 1509; x_wconf 76' lang='lat' dir='ltr'><strong><em>immutatio,</em></strong></span> <span class='ocrx_word' id='word_1_317' title='bbox 1739 1467 1828 1519; x_wconf 90' lang='lat' dir='ltr'><strong><em>per</em></strong></span> <span class='ocrx_word' id='word_1_318' title='bbox 1866 1467 2018 1521; x_wconf 87' lang='lat' dir='ltr'><strong><em>quam</em></strong></span> <span class='ocrx_word' id='word_1_319' title='bbox 2059 1454 2166 1521; x_wconf 88' lang='lat' dir='ltr'><strong><em>ipsa</em></strong></span> <span class='ocrx_word' id='word_1_320' title='bbox 2194 1470 2282 1513; x_wconf 70' lang='lat' dir='ltr'><strong><em>res</em></strong></span> 
     </span>
     <span class='ocr_line' id='line_1_64' title="bbox 1287 1525 2277 1595; baseline 0.009 -22"><span class='ocrx_word' id='word_1_321' title='bbox 1287 1530 1501 1575; x_wconf 87' lang='lat' dir='ltr'><strong><em>externo</em></strong></span> <span class='ocrx_word' id='word_1_322' title='bbox 1515 1525 1662 1576; x_wconf 88' lang='lat' dir='ltr'><strong><em>modo</em></strong></span> <span class='ocrx_word' id='word_1_323' title='bbox 1681 1525 1784 1578; x_wconf 90' lang='lat' dir='ltr'><strong><em>Deo</em></strong></span> <span class='ocrx_word' id='word_1_324' title='bbox 1799 1526 1964 1578; x_wconf 84' lang='lat' dir='ltr'><strong><em>dicata</em></strong></span> <span class='ocrx_word' id='word_1_325' title='bbox 1980 1527 2277 1595; x_wconf 58' lang='lat' dir='ltr'><strong><em>exhibetur}-</em></strong></span> 
     </span>
    </p>

    <p class='ocr_par' dir='ltr' id='par_1_13' title="bbox 1288 1597 2276 1670">
     <span class='ocr_line' id='line_1_65' title="bbox 1288 1597 2276 1670; baseline 0.01 -22"><span class='ocrx_word' id='word_1_326' title='bbox 1288 1598 1319 1648; x_wconf 82' lang='lat'>5</span> <span class='ocrx_word' id='word_1_327' title='bbox 1361 1597 1601 1665; x_wconf 72' lang='lat' dir='ltr'><strong><em>leqitimus</em></strong></span> <span class='ocrx_word' id='word_1_328' title='bbox 1640 1601 1886 1661; x_wconf 77' lang='lat' dir='ltr'><strong><em>minister,</em></strong></span> <span class='ocrx_word' id='word_1_329' title='bbox 1930 1603 2047 1670; x_wconf 89' lang='lat' dir='ltr'><strong><em>quia</em></strong></span> <span class='ocrx_word' id='word_1_330' title='bbox 2082 1603 2183 1656; x_wconf 89' lang='lat' dir='ltr'><strong><em>iam</em></strong></span> <span class='ocrx_word' id='word_1_331' title='bbox 2222 1605 2276 1658; x_wconf 84' lang='lat' dir='ltr'><strong><em>in</em></strong></span> 
     </span>
    </p>

    <p class='ocr_par' dir='ltr' id='par_1_14' title="bbox 1276 1671 2332 3597">
     <span class='ocr_line' id='line_1_66' title="bbox 1286 1671 2326 1742; baseline 0.007 -18"><span class='ocrx_word' id='word_1_332' title='bbox 1286 1671 1348 1724; x_wconf 89' lang='lat' dir='ltr'><strong><em>V.</em></strong></span> <span class='ocrx_word' id='word_1_333' title='bbox 1393 1672 1450 1725; x_wconf 89' lang='lat' dir='ltr'><strong><em>T.</em></strong></span> <span class='ocrx_word' id='word_1_334' title='bbox 1494 1673 1652 1725; x_wconf 82' lang='lat' dir='ltr'><strong><em>soiius</em></strong></span> <span class='ocrx_word' id='word_1_335' title='bbox 1693 1675 1971 1728; x_wconf 86' lang='lat' dir='ltr'><strong><em>sacerdotis</em></strong></span> <span class='ocrx_word' id='word_1_336' title='bbox 2011 1684 2141 1740; x_wconf 90' lang='lat' dir='ltr'><strong><em>erat,</em></strong></span> <span class='ocrx_word' id='word_1_337' title='bbox 2190 1693 2277 1732; x_wconf 70' lang='lat' dir='ltr'><strong><em>sa-</em></strong></span> <span class='ocrx_word' id='word_1_338' title='bbox 2320 1699 2326 1742; x_wconf 81' lang='lat'>1</span> 
     </span>
     <span class='ocr_line' id='line_1_67' title="bbox 1285 1746 2332 1822; baseline 0.011 -25"><span class='ocrx_word' id='word_1_339' title='bbox 1285 1746 1473 1798; x_wconf 86' lang='lat' dir='ltr'><strong><em>crificia</em></strong></span> <span class='ocrx_word' id='word_1_340' title='bbox 1515 1748 1715 1810; x_wconf 80' lang='lat' dir='ltr'><strong><em>offerre,</em></strong></span> <span class='ocrx_word' id='word_1_341' title='bbox 1759 1756 1810 1802; x_wconf 87' lang='lat' dir='ltr'><strong><em>et</em></strong></span> <span class='ocrx_word' id='word_1_342' title='bbox 1848 1750 2002 1802; x_wconf 84' lang='lat' dir='ltr'><strong><em>etiam</em></strong></span> <span class='ocrx_word' id='word_1_343' title='bbox 2042 1753 2093 1802; x_wconf 91' lang='lat' dir='ltr'><strong><em>in</em></strong></span> <span class='ocrx_word' id='word_1_344' title='bbox 2133 1749 2274 1806; x_wconf 77' lang='lat' dir='ltr'><strong><em>Novo·</em></strong></span> <span class='ocrx_word' id='word_1_345' title='bbox 2323 1767 2332 1822; x_wconf 44' lang='grc' dir='ltr'><strong><em>ᾗ,</em></strong></span> 
     </span>
     <span class='ocr_line' id='line_1_68' title="bbox 1285 1820 2332 1884; baseline 0.008 -13"><span class='ocrx_word' id='word_1_346' title='bbox 1285 1820 1418 1873; x_wconf 86' lang='lat' dir='ltr'><strong><em>Test.</em></strong></span> <span class='ocrx_word' id='word_1_347' title='bbox 1464 1821 1653 1874; x_wconf 78' lang='lat' dir='ltr'><strong><em>Paulus</em></strong></span> <span class='ocrx_word' id='word_1_348' title='bbox 1693 1823 1834 1884; x_wconf 90' lang='lat' dir='ltr'><strong><em>dicit,</em></strong></span> <span class='ocrx_word' id='word_1_349' title='bbox 1879 1823 2176 1877; x_wconf 88' lang='lat' dir='ltr'><strong><em>Pontificem</em></strong></span> <span class='ocrx_word' id='word_1_350' title='bbox 2207 1826 2277 1879; x_wconf 84' lang='lat' dir='ltr'><strong><em>ad‘</em></strong></span> <span class='ocrx_word' id='word_1_351' title='bbox 2312 1823 2332 1867; x_wconf 53' lang='lat'><strong><em>&#39;¹³</em></strong></span> 
     </span>
     <span class='ocr_line' id='line_1_69' title="bbox 1287 1888 2332 1968; baseline 0.007 -22"><span class='ocrx_word' id='word_1_352' title='bbox 1287 1895 1379 1946; x_wconf 85' lang='lat' dir='ltr'><strong><em>hoe</em></strong></span> <span class='ocrx_word' id='word_1_353' title='bbox 1419 1898 1679 1958; x_wconf 86' lang='lat' dir='ltr'><strong><em>constitui,</em></strong></span> <span class='ocrx_word' id='word_1_354' title='bbox 1723 1906 1775 1949; x_wconf 82' lang='lat' dir='ltr'><strong><em>ut</em></strong></span> <span class='ocrx_word' id='word_1_355' title='bbox 1814 1899 1982 1967; x_wconf 79' lang='lat' dir='ltr'><strong><em>offerat</em></strong></span> <span class='ocrx_word' id='word_1_356' title='bbox 2041 1900 2167 1952; x_wconf 84' lang='lat' dir='ltr'><strong><em>dona</em></strong></span> <span class='ocrx_word' id='word_1_357' title='bbox 2229 1908 2274 1953; x_wconf 85' lang='lat' dir='ltr'><strong><em>et</em></strong></span> <span class='ocrx_word' id='word_1_358' title='bbox 2307 1888 2332 1968; x_wconf 92' lang='grc' dir='ltr'>Ξ</span> 
     </span>
     <span class='ocr_line' id='line_1_70' title="bbox 1283 1970 2324 2040; baseline 0.006 -19"><span class='ocrx_word' id='word_1_359' title='bbox 1283 1971 1523 2039; x_wconf 81' lang='lat' dir='ltr'><strong><em>sacrificia</em></strong></span> <span class='ocrx_word' id='word_1_360' title='bbox 1560 1987 1649 2040; x_wconf 83' lang='lat' dir='ltr'><strong><em>pro</em></strong></span> <span class='ocrx_word' id='word_1_361' title='bbox 1683 1975 1907 2039; x_wconf 83' lang='lat' dir='ltr'><strong><em>peccatis</em></strong></span> <span class='ocrx_word' id='word_1_362' title='bbox 1944 1973 1973 2024; x_wconf 82' lang='grc' dir='ltr'><strong><em>[ι</em></strong></span> <span class='ocrx_word' id='word_1_363' title='bbox 2020 1970 2270 2027; x_wconf 79' lang='lat' dir='ltr'><strong><em>Contesta·</em></strong></span> <span class='ocrx_word' id='word_1_364' title='bbox 2315 1974 2324 2009; x_wconf 56' lang='lat'><strong><em>³*</em></strong></span> 
     </span>
     <span class='ocr_line' id='line_1_71' title="bbox 1284 2046 2330 2112; baseline 0.01 -18"><span class='ocrx_word' id='word_1_365' title='bbox 1284 2046 1348 2096; x_wconf 79' lang='lat' dir='ltr'><strong><em>lio</em></strong></span> <span class='ocrx_word' id='word_1_366' title='bbox 1364 2048 1581 2112; x_wconf 81' lang='lat' dir='ltr'><strong><em>supremi</em></strong></span> <span class='ocrx_word' id='word_1_367' title='bbox 1607 2046 1813 2098; x_wconf 80' lang='lat' dir='ltr'><strong><em>dominii</em></strong></span> <span class='ocrx_word' id='word_1_368' title='bbox 1842 2046 1949 2107; x_wconf 85' lang='lat' dir='ltr'><strong><em>Dei,</em></strong></span> <span class='ocrx_word' id='word_1_369' title='bbox 1981 2063 2070 2099; x_wconf 91' lang='lat' dir='ltr'><strong><em>seu</em></strong></span> <span class='ocrx_word' id='word_1_370' title='bbox 2099 2048 2307 2102; x_wconf 82' lang='lat' dir='ltr'><strong><em>cultus</em></strong></span> <span class='ocrx_word' id='word_1_371' title='bbox 2323 2046 2330 2106; x_wconf 63' lang='grc' dir='ltr'><strong><em>Ϊ</em></strong></span> 
     </span>
     <span class='ocr_line' id='line_1_72' title="bbox 1285 2119 2329 2192; baseline 0.007 -22"><span class='ocrx_word' id='word_1_372' title='bbox 1285 2120 1461 2171; x_wconf 81' lang='lat' dir='ltr'><strong><em>latriae</em></strong></span> <span class='ocrx_word' id='word_1_373' title='bbox 1501 2119 1593 2172; x_wconf 88' lang='lat' dir='ltr'><strong><em>soli</em></strong></span> <span class='ocrx_word' id='word_1_374' title='bbox 1634 2119 1739 2173; x_wconf 92' lang='lat' dir='ltr'><strong><em>Deo</em></strong></span> <span class='ocrx_word' id='word_1_375' title='bbox 1781 2120 1981 2173; x_wconf 86' lang='lat' dir='ltr'><strong><em>debitus</em></strong></span> <span class='ocrx_word' id='word_1_376' title='bbox 2022 2129 2318 2192; x_wconf 86' lang='lat' dir='ltr'><strong><em>tanquam</em></strong></span> <span class='ocrx_word' id='word_1_377' title='bbox 2311 2126 2329 2163; x_wconf 77' lang='lat'><strong><em>&#39;2</em></strong></span> 
     </span>
     <span class='ocr_line' id='line_1_73' title="bbox 1283 2194 2329 2266; baseline 0.007 -22"><span class='ocrx_word' id='word_1_378' title='bbox 1283 2194 1416 2255; x_wconf 81' lang='lat' dir='ltr'><strong><em>finis,</em></strong></span> <span class='ocrx_word' id='word_1_379' title='bbox 1461 2194 1524 2245; x_wconf 88' lang='lat' dir='ltr'><strong><em>ad</em></strong></span> <span class='ocrx_word' id='word_1_380' title='bbox 1564 2210 1714 2263; x_wconf 90' lang='lat' dir='ltr'><strong><em>quem</em></strong></span> <span class='ocrx_word' id='word_1_381' title='bbox 1754 2195 2060 2248; x_wconf 86' lang='lat' dir='ltr'><strong><em>sacrificium</em></strong></span> <span class='ocrx_word' id='word_1_382' title='bbox 2102 2197 2276 2266; x_wconf 71' lang='lat' dir='ltr'><strong><em>divini.</em></strong></span> <span class='ocrx_word' id='word_1_383' title='bbox 2326 2223 2329 2262; x_wconf 71' lang='grc' dir='ltr'><strong>χ</strong></span> 
     </span>
     <span class='ocr_line' id='line_1_74' title="bbox 1282 2260 2273 2331; baseline 0.002 -13"><span class='ocrx_word' id='word_1_384' title='bbox 1282 2275 1382 2320; x_wconf 89' lang='lat' dir='ltr'><strong><em>tur.</em></strong></span> <span class='ocrx_word' id='word_1_385' title='bbox 1427 2260 1675 2331; x_wconf 79' lang='lat' dir='ltr'><strong><em>Quonia‘m</em></strong></span> <span class='ocrx_word' id='word_1_386' title='bbox 1716 2276 1888 2322; x_wconf 89' lang='lat' dir='ltr'><strong><em>autem</em></strong></span> <span class='ocrx_word' id='word_1_387' title='bbox 1929 2271 2096 2323; x_wconf 86' lang='lat' dir='ltr'><strong><em>omnia</em></strong></span> <span class='ocrx_word' id='word_1_388' title='bbox 2125 2274 2273 2326; x_wconf 78' lang='lat' dir='ltr'><strong><em>attri-</em></strong></span> 
     </span>
     <span class='ocr_line' id='line_1_75' title="bbox 1281 2343 2321 2412; baseline 0.005 -18"><span class='ocrx_word' id='word_1_389' title='bbox 1281 2343 1401 2394; x_wconf 86' lang='lat' dir='ltr'><strong><em>buta</em></strong></span> <span class='ocrx_word' id='word_1_390' title='bbox 1430 2343 1602 2394; x_wconf 83' lang='lat' dir='ltr'><strong><em>divina</em></strong></span> <span class='ocrx_word' id='word_1_391' title='bbox 1629 2351 1750 2395; x_wconf 90' lang='lat' dir='ltr'><strong><em>sunt</em></strong></span> <span class='ocrx_word' id='word_1_392' title='bbox 1777 2345 1883 2412; x_wconf 83' lang='lat' dir='ltr'><strong><em>ipsa</em></strong></span> <span class='ocrx_word' id='word_1_393' title='bbox 1911 2346 2128 2398; x_wconf 84' lang='lat' dir='ltr'><strong><em>essentia</em></strong></span> <span class='ocrx_word' id='word_1_394' title='bbox 2152 2346 2272 2411; x_wconf 78' lang='lat' dir='ltr'><strong><em>Dei„</em></strong></span> <span class='ocrx_word' id='word_1_395' title='bbox 2307 2391 2321 2406; x_wconf 81' lang='grc'>,</span> 
     </span>
     <span class='ocr_line' id='line_1_76' title="bbox 1280 2412 2314 2485; baseline 0.007 -17"><span class='ocrx_word' id='word_1_396' title='bbox 1280 2417 1390 2469; x_wconf 88' lang='lat' dir='ltr'><strong><em>ideo</em></strong></span> <span class='ocrx_word' id='word_1_397' title='bbox 1433 2419 1687 2485; x_wconf 84' lang='lat' dir='ltr'><strong><em>praefatus</em></strong></span> <span class='ocrx_word' id='word_1_398' title='bbox 1728 2418 1839 2469; x_wconf 62' lang='lat' dir='ltr'><strong><em>fini&lt;</em></strong></span> <span class='ocrx_word' id='word_1_399' title='bbox 1882 2419 2158 2482; x_wconf 81' lang='lat' dir='ltr'><strong><em>obtinetur,</em></strong></span> <span class='ocrx_word' id='word_1_400' title='bbox 2215 2430 2268 2475; x_wconf 88' lang='lat' dir='ltr'><strong><em>et</em></strong></span> <span class='ocrx_word' id='word_1_401' title='bbox 2307 2412 2314 2422; x_wconf 49' lang='lat'>⁸</span> 
     </span>
     <span class='ocr_line' id='line_1_77' title="bbox 1280 2491 2320 2561; baseline 0.008 -19"><span class='ocrx_word' id='word_1_402' title='bbox 1280 2491 1449 2544; x_wconf 83' lang='lat' dir='ltr'><strong><em>cuitus</em></strong></span> <span class='ocrx_word' id='word_1_403' title='bbox 1490 2491 1668 2544; x_wconf 82' lang='lat' dir='ltr'><strong><em>latriae</em></strong></span> <span class='ocrx_word' id='word_1_404' title='bbox 1708 2493 2005 2555; x_wconf 72' lang='lat' dir='ltr'><strong><em>exhibetur,</em></strong></span> <span class='ocrx_word' id='word_1_405' title='bbox 2049 2494 2157 2546; x_wconf 89' lang='lat' dir='ltr'><strong><em>sive</em></strong></span> <span class='ocrx_word' id='word_1_406' title='bbox 2198 2495 2267 2550; x_wconf 84' lang='lat' dir='ltr'><strong><em>ad</em></strong></span> <span class='ocrx_word' id='word_1_407' title='bbox 2299 2512 2320 2561; x_wconf 51' lang='lat' dir='ltr'><strong><em>g*</em></strong></span> 
     </span>
     <span class='ocr_line' id='line_1_78' title="bbox 1279 2567 2318 2634; baseline 0.004 -16"><span class='ocrx_word' id='word_1_408' title='bbox 1279 2567 1578 2618; x_wconf 83' lang='lat' dir='ltr'><strong><em>immensam</em></strong></span> <span class='ocrx_word' id='word_1_409' title='bbox 1619 2567 1727 2618; x_wconf 91' lang='lat' dir='ltr'><strong><em>eius</em></strong></span> <span class='ocrx_word' id='word_1_410' title='bbox 1787 2567 2061 2620; x_wconf 87' lang='lat' dir='ltr'><strong><em>bonitatem</em></strong></span> <span class='ocrx_word' id='word_1_411' title='bbox 2118 2577 2264 2634; x_wconf 84' lang='lat' dir='ltr'><strong><em>grato</em></strong></span> <span class='ocrx_word' id='word_1_412' title='bbox 2315 2590 2318 2595; x_wconf 91' lang='lat'><em>·</em></span> 
     </span>
     <span class='ocr_line' id='line_1_79' title="bbox 1278 2633 2322 2707; baseline 0.005 -16"><span class='ocrx_word' id='word_1_413' title='bbox 1278 2642 1447 2692; x_wconf 82' lang='lat' dir='ltr'><strong><em>animo</em></strong></span> <span class='ocrx_word' id='word_1_414' title='bbox 1477 2640 1887 2707; x_wconf 80' lang='lat' dir='ltr'><strong><em>praedicandam,</em></strong></span> <span class='ocrx_word' id='word_1_415' title='bbox 1913 2642 2020 2694; x_wconf 90' lang='lat' dir='ltr'><strong><em>sive</em></strong></span> <span class='ocrx_word' id='word_1_416' title='bbox 2048 2642 2111 2694; x_wconf 85' lang='lat' dir='ltr'><strong><em>ad</em></strong></span> <span class='ocrx_word' id='word_1_417' title='bbox 2130 2643 2263 2696; x_wconf 86' lang='lat' dir='ltr'><strong><em>hanc</em></strong></span> <span class='ocrx_word' id='word_1_418' title='bbox 2318 2633 2322 2651; x_wconf 77' lang='lat'>‘</span> 
     </span>
     <span class='ocr_line' id='line_1_80' title="bbox 1279 2714 2319 2782; baseline 0.005 -17"><span class='ocrx_word' id='word_1_419' title='bbox 1279 2714 1444 2766; x_wconf 78' lang='lat' dir='ltr'><strong><em>denuo</em></strong></span> <span class='ocrx_word' id='word_1_420' title='bbox 1484 2714 1843 2777; x_wconf 88' lang='lat' dir='ltr'><strong><em>invocandam,</em></strong></span> <span class='ocrx_word' id='word_1_421' title='bbox 1887 2715 1994 2768; x_wconf 91' lang='lat' dir='ltr'><strong><em>sive</em></strong></span> <span class='ocrx_word' id='word_1_422' title='bbox 2035 2717 2099 2769; x_wconf 90' lang='lat' dir='ltr'><strong><em>ad</em></strong></span> <span class='ocrx_word' id='word_1_423' title='bbox 2155 2717 2297 2782; x_wconf 41' lang='lat' dir='ltr'><strong><em>infig.</em></strong></span> <span class='ocrx_word' id='word_1_424' title='bbox 2317 2750 2319 2754; x_wconf 94' lang='lat'>-</span> 
     </span>
     <span class='ocr_line' id='line_1_81' title="bbox 1278 2778 2305 2853; baseline 0.004 -13"><span class='ocrx_word' id='word_1_425' title='bbox 1278 2790 1436 2841; x_wconf 89' lang='lat' dir='ltr'><strong><em>nitam</em></strong></span> <span class='ocrx_word' id='word_1_426' title='bbox 1459 2788 1547 2841; x_wconf 88' lang='lat' dir='ltr'><strong><em>Dei</em></strong></span> <span class='ocrx_word' id='word_1_427' title='bbox 1576 2790 1897 2853; x_wconf 78' lang='lat' dir='ltr'><strong><em>maiestatem</em></strong></span> <span class='ocrx_word' id='word_1_428' title='bbox 1923 2778 2305 2853; x_wconf 72' lang='lat' dir='ltr'><strong><em>adorandam,</em></strong></span> 
     </span>
     <span class='ocr_line' id='line_1_82' title="bbox 1277 2862 2306 2931; baseline 0.003 -16"><span class='ocrx_word' id='word_1_429' title='bbox 1277 2865 1386 2916; x_wconf 91' lang='lat' dir='ltr'><strong><em>sive</em></strong></span> <span class='ocrx_word' id='word_1_430' title='bbox 1426 2863 1488 2915; x_wconf 80' lang='lat' dir='ltr'><strong><em>ad</em></strong></span> <span class='ocrx_word' id='word_1_431' title='bbox 1528 2862 1665 2915; x_wconf 84' lang='lat' dir='ltr'><strong><em>iltius</em></strong></span> <span class='ocrx_word' id='word_1_432' title='bbox 1692 2863 1935 2916; x_wconf 77' lang='lat' dir='ltr'><strong><em>iustitiam</em></strong></span> <span class='ocrx_word' id='word_1_433' title='bbox 1956 2865 2306 2931; x_wconf 82' lang='lat' dir='ltr'><strong><em>placandam·</em></strong></span> 
     </span>
     <span class='ocr_line' id='line_1_83' title="bbox 1278 2938 2289 3007; baseline 0.003 -18"><span class='ocrx_word' id='word_1_434' title='bbox 1278 2945 1327 2989; x_wconf 92' lang='lat' dir='ltr'><strong><em>et</em></strong></span> <span class='ocrx_word' id='word_1_435' title='bbox 1366 2938 1427 2990; x_wconf 91' lang='lat' dir='ltr'><strong><em>ad</em></strong></span> <span class='ocrx_word' id='word_1_436' title='bbox 1489 2938 1887 2990; x_wconf 85' lang='lat' dir='ltr'><strong><em>satisfactionem</em></strong></span> <span class='ocrx_word' id='word_1_437' title='bbox 1951 2954 2040 3007; x_wconf 88' lang='lat' dir='ltr'><strong><em>pro</em></strong></span> <span class='ocrx_word' id='word_1_438' title='bbox 2104 2939 2314 2993; x_wconf 78' lang='lat' dir='ltr'><strong><em>illatis</em></strong></span> 
     </span>
     <span class='ocr_line' id='line_1_84' title="bbox 1278 3012 2306 3082; baseline 0.003 -19"><span class='ocrx_word' id='word_1_439' title='bbox 1278 3013 1472 3064; x_wconf 83' lang='lat' dir='ltr'><strong><em>iniuriis</em></strong></span> <span class='ocrx_word' id='word_1_440' title='bbox 1511 3012 1889 3080; x_wconf 86' lang='lat' dir='ltr'><strong><em>praestandam,</em></strong></span> <span class='ocrx_word' id='word_1_441' title='bbox 1928 3012 2258 3082; x_wconf 59' lang='lat' dir='ltr'><strong><em>,sacrificium</em></strong></span> <span class='ocrx_word' id='word_1_442' title='bbox 2291 3035 2306 3058; x_wconf 63' lang='grc' dir='ltr'><em>τ</em></span> 
     </span>
     <span class='ocr_line' id='line_1_85' title="bbox 1277 3085 2299 3158; baseline 0.002 -19"><span class='ocrx_word' id='word_1_443' title='bbox 1277 3087 1537 3139; x_wconf 84' lang='lat' dir='ltr'><strong><em>offeratur.</em></strong></span> <span class='ocrx_word' id='word_1_444' title='bbox 1600 3086 1729 3138; x_wconf 89' lang='lat' dir='ltr'><strong><em>Hinc</em></strong></span> <span class='ocrx_word' id='word_1_445' title='bbox 1768 3087 1868 3158; x_wconf 89' lang='lat' dir='ltr'><strong><em>iam</em></strong></span> <span class='ocrx_word' id='word_1_446' title='bbox 1917 3087 1968 3139; x_wconf 85' lang='lat' dir='ltr'><strong><em>in</em></strong></span> <span class='ocrx_word' id='word_1_447' title='bbox 2010 3085 2072 3148; x_wconf 83' lang='lat' dir='ltr'><strong><em>V.</em></strong></span> <span class='ocrx_word' id='word_1_448' title='bbox 2115 3086 2253 3141; x_wconf 89' lang='lat' dir='ltr'><strong><em>Test.</em></strong></span> <span class='ocrx_word' id='word_1_449' title='bbox 2291 3096 2299 3115; x_wconf 57' lang='lat'><strong><em>⁴⁷</em></strong></span> 
     </span>
     <span class='ocr_line' id='line_1_86' title="bbox 1276 3159 2300 3228; baseline -0.003 -15"><span class='ocrx_word' id='word_1_450' title='bbox 1276 3160 1523 3213; x_wconf 84' lang='lat' dir='ltr'><strong><em>sacrificia</em></strong></span> <span class='ocrx_word' id='word_1_451' title='bbox 1563 3159 1850 3221; x_wconf 87' lang='lat' dir='ltr'><strong><em>latreutica‚</em></strong></span> <span class='ocrx_word' id='word_1_452' title='bbox 1894 3159 2300 3228; x_wconf 46' lang='lat' dir='ltr'><strong><em>eucharistiam.</em></strong></span> 
     </span>
     <span class='ocr_line' id='line_1_87' title="bbox 1277 3233 2284 3304; baseline 0.001 -17"><span class='ocrx_word' id='word_1_453' title='bbox 1277 3235 1621 3304; x_wconf 84' lang='lat' dir='ltr'><strong><em>impetratoria</em></strong></span> <span class='ocrx_word' id='word_1_454' title='bbox 1661 3241 1712 3288; x_wconf 88' lang='lat' dir='ltr'><strong><em>et</em></strong></span> <span class='ocrx_word' id='word_1_455' title='bbox 1774 3233 2119 3304; x_wconf 87' lang='lat' dir='ltr'><strong><em>propitiatoria</em></strong></span> <span class='ocrx_word' id='word_1_456' title='bbox 2181 3233 2284 3288; x_wconf 80' lang='lat' dir='ltr'><strong><em>di-</em></strong></span> 
     </span>
     <span class='ocr_line' id='line_1_88' title="bbox 1276 3293 2289 3380; baseline 0.006 -19"><span class='ocrx_word' id='word_1_457' title='bbox 1276 3309 1686 3376; x_wconf 85' lang='lat' dir='ltr'><strong><em>stinguebantur.</em></strong></span> <span class='ocrx_word' id='word_1_458' title='bbox 1715 3338 1788 3350; x_wconf 90' lang='lat'><strong>—</strong></span> <span class='ocrx_word' id='word_1_459' title='bbox 1839 3307 1927 3362; x_wconf 89' lang='lat' dir='ltr'><strong><em>His</em></strong></span> <span class='ocrx_word' id='word_1_460' title='bbox 1985 3293 2289 3380; x_wconf 57' lang='grc' dir='ltr'>ευρροείϊῖ</span> 
     </span>
     <span class='ocr_line' id='line_1_89' title="bbox 1278 3380 2297 3468; baseline 0.002 -33"><span class='ocrx_word' id='word_1_461' title='bbox 1278 3385 1343 3436; x_wconf 82' lang='lat' dir='ltr'><strong><em>ita</em></strong></span> <span class='ocrx_word' id='word_1_462' title='bbox 1383 3384 1728 3468; x_wconf 80' lang='lat' dir='ltr'><strong><em>argumentari</em></strong></span> <span class='ocrx_word' id='word_1_463' title='bbox 1771 3383 1906 3436; x_wconf 86' lang='lat' dir='ltr'><strong><em>licet.</em></strong></span> <span class='ocrx_word' id='word_1_464' title='bbox 1970 3380 2027 3435; x_wconf 86' lang='lat' dir='ltr'><strong><em>In</em></strong></span> <span class='ocrx_word' id='word_1_465' title='bbox 2093 3382 2297 3439; x_wconf 73' lang='lat' dir='ltr'><strong><em>mortev</em></strong></span> 
     </span>
     <span class='ocr_line' id='line_1_90' title="bbox 1276 3452 2282 3530; baseline 0 -22"><span class='ocrx_word' id='word_1_466' title='bbox 1276 3457 1460 3510; x_wconf 81' lang='lat' dir='ltr'><strong><em>Christi</em></strong></span> <span class='ocrx_word' id='word_1_467' title='bbox 1521 3459 1626 3510; x_wconf 90' lang='lat' dir='ltr'><strong><em>veri</em></strong></span> <span class='ocrx_word' id='word_1_468' title='bbox 1684 3463 1733 3510; x_wconf 89' lang='lat' dir='ltr'><strong><em>et</em></strong></span> <span class='ocrx_word' id='word_1_469' title='bbox 1779 3457 1978 3526; x_wconf 84' lang='lat' dir='ltr'><strong><em>proprie</em></strong></span> <span class='ocrx_word' id='word_1_470' title='bbox 2019 3457 2138 3510; x_wconf 86' lang='lat' dir='ltr'><strong><em>dicti</em></strong></span> <span class='ocrx_word' id='word_1_471' title='bbox 2176 3452 2282 3530; x_wconf 57' lang='grc' dir='ltr'><strong><em>ςεφτ</em></strong></span> 
     </span>
     <span class='ocr_line' id='line_1_91' title="bbox 1277 3530 2276 3597; baseline -0.001 -13"><span class='ocrx_word' id='word_1_472' title='bbox 1277 3532 1451 3585; x_wconf 83' lang='lat' dir='ltr'><strong><em>crificii</em></strong></span> <span class='ocrx_word' id='word_1_473' title='bbox 1497 3533 1626 3585; x_wconf 86' lang='lat' dir='ltr'><strong><em>ratio</em></strong></span> <span class='ocrx_word' id='word_1_474' title='bbox 1669 3534 1914 3593; x_wconf 79' lang='lat' dir='ltr'><strong><em>occurrit,</em></strong></span> <span class='ocrx_word' id='word_1_475' title='bbox 1965 3532 2005 3584; x_wconf 89' lang='lat' dir='ltr'><strong><em>si</em></strong></span> <span class='ocrx_word' id='word_1_476' title='bbox 2065 3532 2114 3584; x_wconf 90' lang='lat' dir='ltr'><strong><em>in</em></strong></span> <span class='ocrx_word' id='word_1_477' title='bbox 2169 3530 2276 3597; x_wconf 67' lang='lat' dir='ltr'><strong><em>itt-‘53&#39;</em></strong></span> 
     </span>
    </p>
   </div>
   <div class='ocr_carea' id='block_1_8' title="bbox 2275 0 2332 748">
    <p class='ocr_par' dir='ltr' id='par_1_15' title="bbox 2275 0 2332 748">
     <span class='ocr_line' id='line_1_92' title="bbox 2275 0 2332 748; baseline 0 0"><span class='ocrx_word' id='word_1_478' title='bbox 2275 0 2332 748; x_wconf 95' lang='lat' dir='ltr'><strong><em>   </em></strong></span> 
     </span>
    </p>
   </div>
   <div class='ocr_carea' id='block_1_9' title="bbox 2168 1971 2332 3860">
    <p class='ocr_par' dir='ltr' id='par_1_16' title="bbox 2168 1971 2332 3860">
     <span class='ocr_line' id='line_1_93' title="bbox 2302 1971 2332 2228; baseline 0 -83"><span class='ocrx_word' id='word_1_479' title='bbox 2302 1971 2332 2228; x_wconf 95' lang='lat' dir='ltr'><strong><em>   </em></strong></span> 
     </span>
     <span class='ocr_line' id='line_1_94' title="bbox 2302 2228 2332 2462; baseline 0 -165"><span class='ocrx_word' id='word_1_480' title='bbox 2302 2228 2332 2462; x_wconf 95' lang='lat' dir='ltr'><strong><em>    </em></strong></span> 
     </span>
     <span class='ocr_line' id='line_1_95' title="bbox 2298 2462 2332 2798; baseline 0 0"><span class='ocrx_word' id='word_1_481' title='bbox 2298 2462 2332 2798; x_wconf 95' lang='lat' dir='ltr'><strong><em>    </em></strong></span> 
     </span>
     <span class='ocr_line' id='line_1_96' title="bbox 2298 2798 2332 2885; baseline 0 975"><span class='ocrx_word' id='word_1_482' title='bbox 2298 2798 2332 2885; x_wconf 95' lang='lat' dir='ltr'><strong><em> </em></strong></span> 
     </span>
     <span class='ocr_line' id='line_1_97' title="bbox 2266 2885 2332 3167; baseline 0 0"><span class='ocrx_word' id='word_1_483' title='bbox 2266 2885 2332 3167; x_wconf 95' lang='lat' dir='ltr'><strong><em>    </em></strong></span> 
     </span>
     <span class='ocr_line' id='line_1_98' title="bbox 2216 3167 2332 3413; baseline -0.052 -68"><span class='ocrx_word' id='word_1_484' title='bbox 2216 3167 2332 3413; x_wconf 95' lang='lat' dir='ltr'><strong><em>    </em></strong></span> 
     </span>
     <span class='ocr_line' id='line_1_99' title="bbox 2168 3413 2332 3860; baseline 0 0"><span class='ocrx_word' id='word_1_485' title='bbox 2168 3413 2332 3860; x_wconf 95' lang='lat' dir='ltr'><strong><em>    </em></strong></span> 
     </span>
    </p>
   </div>
  </div>
 </body>
</html>
