2332 3860
33 179 338 272 {suscepitz
363 180 699 235 »siliumana
722 180 913 240 omnia,
955 195 1077 245 ergo

49 247 238 332 ssetiam
295 258 612 311 voluntatem
655 254 932 306 humanam
982 251 1076 324 (l).

45 335 143 390 S.
187 332 471 387 Ambrosius
500 326 576 399 (Q)
606 330 804 396 inquit.
865 348 891 376 «
936 327 1075 391 Quod

45 407 256 473 ,ssss'autem
310 402 586 477 (Chiistus)
644 404 743 454 ait·
808 401 924 454 Non
974 417 1079 453 mea

71 481 325 538 voluntas,
384 478 466 530 sed
523 485 606 528 tua
662 482 784 537 fiat.-
827 491 972 527 suam
1014 476 1076 526 ad

71 555 344 608 hominem
385 551 581 611 retulit,
626 550 792 602 Patris
830 549 893 600 ad
953 548 1081 599 divi-

89 633 334 682 nitatem.-
374 625 615 678 voluntas
654 625 791 675 enim
860 622 1079 674 hominis

89 699 425 769 temporalis,
497 698 738 750 voluntas
798 696 1080 747 divinitatis

88 782 359 830 aeterna.»
380 771 707 841 S.A119nst.c
746 769 957 822 Maxim.
979 767 1076 839 (3):

57 883 59 887 f
95 848 231 903 «Ubi
251 854 427 899 autem
465 847 592 899 dixit
624 845 780 897 Filius
801 843 965 894 Patri:
1006 843 1083 894 Ve-

89 937 202 976 rum
227 938 323 973 non
350 921 475 989 qnod
494 937 575 988 eqo
617 919 738 977 vola,
775 917 854 969 sed
873 916 1003 985 quod
1031 924 1082 967 ιιι

91 995 323 1059 vis:Quid
349 1001 396 1047 te
416 994 645 1053 adiuvat,
665 991 794 1061 quod
818 998 903 1042 tua
927 990 1081 1042 verba

42 1133 59 1136 ..
93 1070 377 1136 subiungiS,
420 1075 471 1120 et
510 1068 665 1119 dicis:
710 1065 932 1116 ostendit
962 1080 1082 1115 vere

93 1159 239 1199 suam
278 1142 599 1194 voluntatem
648 1140 931 1192 subiectam
990 1154 1082 1189 suo

92 1218 329 1288 genitori.
374 1215 525 1278 Quasi
568 1230 659 1266 nos
701 1228 965 1281 negemus,
1000 1212 1086 1263 ho-

95 1292 247 1345 minis
285 1289 608 1342 voluntatem
675 1287 926 1339 voluntati
983 1286 1082 1338 Dei

96 1365 280 1418 debere
320 1379 432 1416 esse
469 1364 772 1415 subiectam.
830 1360 960 1413 Nam
1020 1377 1084 1412 ex

97 1446 282 1492 natura
322 1438 541 1490 hominis
581 1437 677 1488 hoc
735 1435 924 1487 dixisse
988 1434 1086 1486 Do-

48 1548 51 1549 r
96 1515 295 1566 minum
335 1514 434 1564 cito
474 1510 633 1572 videt,
677 1510 762 1579 qui
816 1509 982 1562 locum
1049 1509 1086 1559 i-

66 1603 245 1658 -psum
302 1585 567 1652 Evangelii
633 1583 786 1652 paulo
842 1583 1088 1636 attentius

98 1663 394 1715 intuetur...
428 1659 643 1711 Homine
676 1658 860 1727 quippe
884 1673 982 1708 non
1010 1673 1088 1708 as-

100 1741 323 1802 sumpta,
356 1733 496 1784 nullo
527 1733 674 1785 modo
715 1732 848 1783 Patri
898 1731 1089 1783 diceret

101 1809 309 1861 unicum
373 1807 638 1871 Verbum3
703 1822 799 1857 non
838 1805 965 1872 quod
1010 1820 1091 1871 eqo

103 1883 220 1937 volo.
251 1880 525 1949 Nunquam
553 1881 690 1932 enim
723 1880 1091 1946 possetimmu-

102 1956 274 2010 labilis
313 1956 400 2008 illa
439 1963 624 2007 natura
652 1953 929 2023 quidquam
953 1952 1091 2004 aliud

106 2030 239 2083 velle
280 2046 433 2099 quam
462 2029 632 2081 Pater.
669 2048 694 2076 »
727 2056 795 2065 -—
815 2026 868 2079 S.
895 2027 989 2078 Leo
1020 2027 1092 2079 M.

104 2105 281 2157 scribit
321 2103 382 2155 de
421 2102 620 2155 Christo
664 2099 762 2172 (lt):
824 2121 850 2149 «
904 2101 1095 2154 Secun-

107 2178 227 2230 dum
267 2177 473 2246 quidem
520 2178 734 2230 formam
797 2176 932 2228 servi
994 2191 1093 2227 non

107 2253 250 2304 venit
306 2252 474 2303 facere
539 2251 858 2302 voluntatem
923 2264 1092 2309 suam,

110 2326 195 2378 sed
238 2326 365 2385 eiuS,
409 2325 493 2393 qui
518 2325 652 2376 misit
674 2339 811 2375 eum:
844 2324 1096 2392 propriam

111 2399 240 2452 dixit
278 2414 433 2468 quam
497 2397 846 2465 temporaliter
902 2397 1099 2463 accepit

113 2473 174 2526 de
230 2472 475 2539 Virgine:
539 2471 861 2524 voluntatem
927 2477 1101 2523 autem

113 2548 222 2600 eius
261 2548 346 2615 qui
387 2546 524 2599 misit
563 2562 710 2606 eum,
755 2546 928 2613 utique
970 2544 1102 2597 lianc

114 2621 354 2681 ostendit,
397 2636 550 2690 quam
590 2621 698 2671 sine
741 2625 967 2687 tempore
1020 2619 1105 2671 lia-

114 2694 225 2748 huit
291 2710 408 2746 cum
458 2694 604 2746 Patre
668 2708 1011 2746 communem.
1074 2713 1100 2742 ³>

114 2765 290 2819 —lta
327 2766 405 2819 Ss,
462 2767 638 2820 Patres
676 2767 958 2820 doctrinam
1023 2783 1105 2820 ca-

120 2840 359 2893 tholicam
417 2840 479 2892 de
543 2841 740 2892 duabus
803 2842 851 2892 in
909 2841 1107 2894 Christo

66 2923 77 2956 2
119 2914 466 2967 voluntatibus
506 2921 555 2967 et
595 2914 969 2982 operationibus
1008 2915 1107 2967 iam

61 3000 76 3037 1
118 2995 239 3042 ante
301 2995 535 3040 exortam
578 2987 808 3040 haeresin
849 2988 1110 3041 Monothe·

59 3061 327 3130 „litarum
389 3061 526 3114 clare
583 3061 920 3115 tradiderunt.
984 3061 1111 3114 Cum

122 3142 295 3189 autem
337 3135 462 3188 haec
504 3135 727 3188 haeresis
785 3151 971 3203 graves
1031 3143 1110 3189 tu-

123 3209 315 3262 multus
374 3210 652 3269 excitaret,
702 3209 864 3262 eidem
916 3210 1114 3263 fortiter

123 3281 609 3351 seopposueruntS.
629 3281 936 3355 Sophronias
969 3284 1107 3338 Patr.

170 3409 226 3500 83
246 3412 355 3500 ἓιῖῗ),
371 3410 427 3492 ξιξ
434 3413 584 3494 euasti}
609 3457 665 3493 59

698 98 818 137 PARS
851 98 925 136 111.
966 97 1131 136 SECTIO
1168 99 1205 137 1.
1248 97 1400 136 CAPUT
1436 99 1473 135 1.

1941 82 2049 137 &29

1140 178 1398 232 Hierosol:
1445 176 1501 231 S.
1558 177 1812 231 Maximus
1863 177 2039 236 Abbas
2077 186 2130 236 et

1143 254 1365 322 Martyr‚
1408 250 1703 304 Anastasius
1731 250 1933 314 Abbas,
1976 261 2030 307 et
2065 255 2127 310 S.

1141 327 1391 380 Martinus
1442 325 1473 376 Ι
1521 325 1667 378 Rom.
1715 325 1980 387 Pontifex,
2045 331 2129 398 qui

1143 402 1190 452 in
1233 398 1456 452 Concilio
1495 397 1814 451 lateranensi
1851 415 1986 453 anno
2026 402 2132 455 649

1143 475 1312 526 habito
1352 472 1715 526 Monothelitas
1747 474 2131 527 condemnavit.

1143 550 1191 600 in
1233 548 1328 600 hoc
1365 546 1603 605 concilio,
1647 547 1729 599 cui
1774 548 1877 600 105
1903 547 2134 617 Episcopi

1143 622 1505 681 interfuerunt,
1573 636 1689 672 can.
1755 622 1844 683 10,
1906 622 2133 676 dicitur:

1143 695 1204 748 Si
1241 696 1352 762 quis
1391 711 1487 745 non
1526 695 1782 763 confitetur
1836 696 2035 765 proprie
2094 704 2137 748 et

1144 785 1246 820 vere
1284 770 1406 820 duas
1444 769 1663 820 ciusdem
1702 772 1922 821 etunius
1949 767 2138 821 Christi

1144 842 1423 901 voluntates,
1468 842 1696 894 similiter
1733 851 1777 893 et
1839 844 2140 912 operationes

1143 916 1448 968 cohaerenter
1486 916 1671 974 unitas,
1715 916 1931 968 divinam
1970 925 2014 969 et
2054 916 2141 970 hu-

1144 1006 1358 1049 manam,
1402 991 1470 1042 sit
1492 991 1851 1043 condemnatas.
1884 991 2138 1054 Quoniam

1144 1071 1318 1117 autem
1350 1071 1459 1131 post
1500 1064 1594 1117 hoc
1634 1065 1906 1117 concilium
1953 1065 2142 1117 tumul-

1147 1145 1228 1190 tus
1293 1154 1391 1190 non
1468 1145 1739 1190 cessarunt
1772 1180 1783 1199 ‚
1867 1137 2143 1191 Concilium

1146 1210 1396 1263 CPtannm
1435 1211 1535 1272 III,
1566 1212 1808 1279 generale
1847 1212 1944 1273 Vl',
2007 1229 2144 1266 anno

1148 1287 1253 1338 680
1295 1286 1620 1347 inchoatum,
1672 1303 1806 1338 anno
1848 1287 1947 1339 681
1996 1288 2146 1339 abso-

1150 1360 1315 1413 lutum
1357 1367 1463 1421 est,
1510 1362 1559 1412 in
1600 1377 1700 1429 quo
1741 1361 2002 1414 Macarius
2041 1358 2145 1413 An-

1150 1435 1351 1486 tiochen.
1410 1450 1528 1487 cum
1567 1436 1672 1486 suis
1722 1436 1872 1488 sociis
1911 1450 2140 1488 errorem

1150 1508 1423 1562 defendere
1465 1510 1606 1560 nisus
1634 1515 1731 1570 est;
1772 1509 1861 1562 sed
1889 1525 2006 1561 cum
2035 1508 2142 1562 ido-

1151 1599 1246 1635 nea
1290 1600 1376 1651 pro
1417 1599 1472 1635 se
1514 1584 1803 1635 testimonia
1839 1599 1939 1636 non
1999 1584 2142 1637 inve·

1153 1658 1303 1718 niret,
1347 1657 1427 1709 Ss.
1465 1656 1674 1710 Patrum
1712 1664 1763 1710 et
1807 1657 2145 1711 conciliorum
2219 1703 2221 1705 .

1152 1731 1350 1784 codices
1390 1747 1719 1799 corrumpere
1759 1738 1810 1784 et
1837 1731 2146 1800 interpolare

1154 1806 1392 1866 tentavit,
1438 1806 1498 1856 de
1538 1822 1637 1874 qua
1680 1807 1968 1858 temeritate
2008 1807 2059 1857 in
2095 1820 2146 1857 a·

1154 1880 1320 1932 ctione
1348 1879 1380 1930 6
1421 1879 1525 1931 et8
1556 1880 1862 1932 convinctus
1900 1886 1952 1932 et
1998 1879 2147 1948 depo-

1154 1954 1281 2006 situs
1329 1959 1426 2005 est.
1485 1951 1768 2006 Concilium
1827 1960 2001 2006 autem
2066 1953 2149 2004 do·

1156 2029 1372 2080 ctrinam
1420 2027 1726 2080 catholicam
1766 2029 1815 2080 in
1856 2029 2057 2081 actione
2082 2027 2147 2079 ts

1156 2103 1234 2155 his
1291 2102 1460 2154 verbis
1523 2101 1793 2154 definivit:
1867 2101 2004 2154 Duas
2063 2117 2149 2152 na-

1159 2175 1337 2229 turales
1402 2175 1664 2228 voluntates
1732 2177 1786 2227 in
1848 2192 1900 2228 co
1971 2173 2152 2247 (Chri-

1158 2250 1277 2320 sto),
1345 2258 1387 2301 et
1450 2250 1572 2301 duas
1624 2250 1873 2302 naturales
1918 2249 2153 2318 operatio·

1158 2341 1241 2376 nes
1299 2323 1524 2385 indivise,
1573 2323 2035 2384 inconvertibiliter,
2081 2323 2154 2374 in-

1160 2397 1529 2466 separabiliter,
1579 2398 1827 2463 inconfuse
1891 2396 2155 2449 secandum

1163 2470 1244 2525 Ss.
1280 2472 1481 2526 Patram
1520 2471 1793 2523 doctrinam
1832 2486 1979 2538 aeque
2013 2485 2156 2539 prae-

1164 2547 1385 2598 dicamus
1425 2561 1520 2597 non
1547 2546 1842 2605 contrarias,
1873 2544 2016 2606 absit,
2049 2545 2159 2596 iux-

1167 2629 1214 2672 ta
1270 2620 1395 2688 qaod
1445 2620 1585 2687 impii
1622 2626 1936 2671 asseruerant
1994 2618 2159 2670 hae-re-

1168 2694 1269 2754 tici,
1301 2695 1387 2747 sect
1426 2701 1698 2761 sequentem
1745 2693 1847 2745 eins
1891 2692 2160 2744 humanam

1169 2768 1459 2822 voluntatem
1497 2774 1539 2818 et
1585 2767 2035 2820 non-resistentem
2094 2765 2161 2820 vel

1169 2843 1504 2902 reluctantem,
1548 2842 1628 2893 secl
1653 2842 1812 2910 potins
1834 2849 1875 2891 et
1896 2839 2163 2894 subiecmm

1171 2917 1359 2969 divinae
1399 2917 1504 2968 eius
1542 2923 1683 2983 atque
1729 2915 2045 2984 omnipotenti,
2088 2929 2164 2968 oo-

1173 2991 1366 3043 tantali.

1247 3063 1352 3116 Obi.
1404 3063 1483 3114 1ss
1523 3060 1676 3115 Nulla
1728 3068 1825 3122 est,
1896 3076 1990 3115 nec
2055 3076 2166 3114 esse

1176 3143 1340 3205 potest
1378 3137 1429 3188 in
1471 3135 1670 3189 Christo
1713 3135 2039 3188 voluntatum
2082 3151 2167 3203 pu-

1174 3227 1303 3279 gna,
1347 3210 1481 3279 quod
1522 3225 1698 3263 omnes
1738 3210 2048 3263 admittunt:
2092 3215 2168 3262 at-

1175 3286 1260 3354 qui
1300 3285 1341 3338 si
1386 3284 1543 3338 allata
1581 3283 1635 3338 S.
1696 3283 1994 3354 Scripturae
2057 3283 2169 3336 loca

1221 3414 1271 3459 (3)
1296 3415 1336 3449 L.
1361 3414 1394 3449 2.
1419 3420 1547 3452 contra
1570 3414 1758 3450 Maximln.
1782 3424 1815 3450 e.
1841 3413 1897 3454 20,
1923 3424 1959 3449 ιι.
1985 3413 2019 3450 2.

1221 3459 1272 3504 (4)
1298 3459 1408 3504 Epist.
1421 3458 1482 3504 ⁹7,
1505 3460 1550 3495 ad
1573 3460 1733 3496 Lcoiiem
1758 3461 1978 3504 Augustum.
