2332 3860
278 135 385 190 ib’lt

201 230 335 286 rium
365 233 415 287 in
457 231 521 288 V.
553 231 612 286 T.
644 231 1009 287 adumbratum
1038 240 1090 285 et
1115 234 1194 286 in-

202 306 475 374 digitatum
512 306 687 369 fuisse,
732 313 792 359 ut
830 307 1063 360 homines
1103 323 1192 375 per

202 380 369 450 legem
402 387 633 434 veterem
657 387 1087 449 praepararentur
1126 381 1189 433 ad

200 453 406 523 plenam
479 455 810 508 revelationis
869 454 1036 507 lucem
1102 471 1191 524 per

200 527 460 581 Christum
502 529 870 596 recipiendam.

262 601 368 655 obi.
427 602 506 654 5⁸.
570 602 722 654 Deut.
769 603 839 654 52
889 601 1027 654 Deus
1073 602 1185 655 ait:

206 675 385 737 Videte,
430 677 559 744 quod
597 693 678 745 090
704 692 815 728 sam
852 677 1008 728 solus:
1040 683 1091 728 et
1118 682 1191 728 et-

199 750 302 803 iam
345 751 396 802 in
438 750 500 803 N.
557 748 615 803 T.
661 750 850 819 ubique
890 749 1027 802 Deus
1055 766 1189 802 unus

198 824 692 893 praedicaturz‘ergo
720 836 798 877 est
824 825 976 877 uni-ca
1004 825 1056 876 in
1082 824 1188 877 Deo

198 913 435 967 persona.

271 972 410 1041 Resp.
459 970 598 1024 Deus
638 971 825 1024 dicitur
864 970 1003 1023 solus
1042 978 1093 1024 et
1133 988 1188 1023 u-

199 1063 294 1099 nus
336 1062 424 1114 per
475 1046 826 1098 exclusionem
866 1045 1090 1098 Deorum
1130 1062 1186 1098 a-

198 1120 405 1181 liorum,
448 1127 498 1172 et
527 1120 836 1188 pluralitatis
882 1127 1183 1172 naturarum

196 1196 246 1246 in
289 1194 394 1246 Deo
423 1210 577 1255 -ver0,
624 1210 722 1245 non
754 1200 928 1246 autem
970 1210 1058 1262 per
1098 1211 1186 1246 ex-

196 1267 480 1320 clusionem
519 1284 874 1336 personarum,
925 1271 1041 1336 quia
1083 1275 1187 1320 tres

195 1357 446 1412 person-ae
488 1358 645 1394 unum
669 1342 835 1395 solum
863 1341 1025 1394 Deum
1067 1358 1187 1394 con-

195 1417 437 1469 stituunt.

269 1489 376 1542 obi.
422 1490 499 1541 [ια.
569 1487 626 1541 In
677 1495 783 1542 tota
821 1488 875 1542 S.
919 1488 1184 1558 Scriptura

194 1562 258 1615 V.
310 1570 361 1615 et
405 1563 463 1616 N.
529 1562 584 1615 T.
652 1580 817 1632 neque
873 1564 1182 1616 vocabulum

200 1636 459 1689 Trinitatis
498 1637 800 1700 invenitur,
855 1654 1021 1706 neque
1075 1654 1185 1705 per-

192 1727 435 1764 sonarum
464 1711 722 1764 distinctio
749 1727 1029 1781 earumque
1069 1727 1181 1764 con·

195 1784 582 1837 substantialitas
622 1788 1003 1853 pronuntiatur:
1061 1801 1183 1854 ergo

196 1858 427 1910 doctrina
464 1859 712 1911 calholica
755 1859 815 1911 de
854 1858 1103 1910 Trinitate
1129 1863 1178 1911 in

191 1930 272 1984 Ss.
306 1931 479 1984 Bibliis
513 1933 806 1985 nullatenus
846 1933 1157 1985 continetur.

268 2004 410 2075 Resp.
444 2005 701 2058 Sociniani
744 2007 792 2058 in
835 2022 928 2059 sua
973 2008 1181 2058 conclu-

193 2079 335 2132 sione
363 2080 591 2148 graviter
614 2080 1018 2133 hallucinantur.
1051 2081 1180 2144 Quid

193 2153 331 2206 enim
360 2154 535 2216 refert,
579 2155 619 2206 si
667 2171 766 2207 non
814 2163 1089 2208 occurrant
1129 2157 1176 2206 in

189 2219 269 2279 Ss.
294 2227 577 2296 Scripturis
599 2228 681 2280 vel
710 2244 946 2297 personae
974 2229 1056 2281 vel
1087 2231 1180 2282 tri-

188 2302 360 2354 nitatis
406 2301 487 2354 vel
533 2302 1046 2361 eortsnbstantialitatis
1090 2320 1178 2355 no-

188 2391 329 2434 men,
360 2375 402 2428 si
423 2382 624 2428 constat
668 2393 733 2428 cx
764 2377 943 2428 iisdem
970 2378 1032 2429 de
1072 2394 1127 2429 re
1153 2377 1179 2430 Ῥ

189 2465 289 2501 non
313 2449 375 2501 de
402 2450 640 2509 nominis,
667 2450 755 2502 sed
778 2451 839 2502 de
861 2451 933 2502 rei
957 2454 1176 2503 existen-

187 2523 255 2574 tia
270 2524 459 2590 agitur3
485 2524 581 2576 hac
609 2525 744 2576 enim
767 2526 1067 2584 constituta,
1095 2542 1180 2578 no-

188 2596 323 2648 mina
360 2613 449 2665 per
482 2613 537 2650 se
567 2597 848 2665 profluunt.
893 2598 1177 2652 Attenden-

189 2670 308 2721 dum
333 2686 532 2741 quoque
545 2679 643 2733 est,
665 2672 891 2724 noluisse
912 2672 1098 2734 Deum,
1122 2681 1177 2725 ut

187 2744 356 2795 omnia
395 2761 526 2813 quae
560 2745 847 2798 doctrinam
889 2746 1175 2799 revelatam

187 2826 525 2879 concernunt,
570 2835 636 2872 ex
661 2819 767 2871 sola
796 2819 1059 2888 Scriptura
1088 2821 1176 2873 ha-

186 2889 445 2952 beremuS,
490 2894 608 2962 quia
630 2892 976 2946 Traditionem
1006 2901 1061 2946 ut
1099 2894 1173 2947 al

187 2970 358 3016 terum
385 2965 734 3020 Revelationis
774 2968 988 3028 fontem,
1021 2976 1175 3038 atque

187 3037 474 3091 Ecclesiam
532 3047 795 3110 tamquam
853 3041 1173 3094 infallibilem

195 3112 466 3194 utriusque
531 3113 683 3166 fontis
722 3116 1058 3185 interpretem
1101 3118 1176 3169 in-

189 3185 376 3238 stituit.
419 3184 726 3240 Nullatenus
764 3206 885 3258 ergo
926 3190 1046 3242 licet
1085 3207 1175 3244 no-

189 3258 331 3312 mina
395 3259 708 3326 vilipendere
772 3271 863 3316 aut
926 3265 1169 3328 reiicere,

188 3347 322 3402 quae
359 3332 423 3384 ad
446 3334 762 3387 enuntianda
787 3336 905 3390 fidei
933 3337 1172 3406 dogmata

184 3421 276 3475 per
313 3405 578 3460 infallibile
634 3407 893 3463 Ecclesiae
933 3413 1173 3481 magiste-

185 3480 319 3534 rium
357 3487 657 3536 consecrata
694 3488 831 3536 sunt.

887 154 950 191 DE
988 154 1081 191 ΠΕΟ
1119 154 1169 191 m
1207 155 1262 191 SE
1299 154 1556 193 spanum.

1329 233 1435 287 oti.
1620 232 1828 288 ‘sextus
1882 233 1904 287 1
1955 233 2025 287 10.
2071 233 2142 300 s,
2166 204 2254 289 7
2263 221 2332 290 {³

1253 307 1414 360 falsus
1454 314 1533 359 est
1588 313 1640 360 et
1677 308 2051 377 supposititius,
2119 310 2265 380 quia

1254 382 1305 433 in
1347 381 1583 435 versione
1621 383 1844 451 syriaca,
1880 383 1932 434 in
1955 383 2161 437 arabica
2184 390 2279 437 et

1252 455 1302 506 in
1356 454 1531 508 multis
1595 455 1976 524 exemplaribus
2038 457 2264 525 graecis
2264 451 2312 517 5

1252 535 1303 580 et
1343 527 1514 581 latinis
1572 545 1673 581 non
1714 530 1989 597 reperitur,
2031 538 2081 584 et
2120 532 2259 602 quia
2279 512 2314 589 {t

1251 602 1330 654 Ss.
1384 602 1709 672 Pat1·eS,qui
1751 619 1818 656 ex
1856 607 2079 671 professo
2117 621 2238 658 con·
2279 586 2332 671 ³5

1253 683 1329 729 tra
1392 675 1739 737 Sabellianos,
1782 678 1999 730 Arianos
2044 686 2096 731 et
2133 679 2239 732 Ma·

1251 750 1560 803 cedonianos
1607 767 1793 803 manus
1842 760 2235 816 conseruerunt,

1250 831 1403 893 atque
1444 825 1661 878 concilia
1700 826 1751 877 in
1780 826 2062 878 eorundem
2083 842 2240 880 causa

1250 898 1422 951 habita
1480 916 1538 951 eo
1597 906 1764 961 textu,
1833 900 1917 968 qui
1959 906 2133 952 tamen
2173 901 2240 954 ad
2285 906 2332 960 Ξ

1250 973 1618 1026 confutandum
1659 990 1885 1026 errorem
1925 975 2150 1027 maxime
2194 976 2238 1027 i·

1250 1047 1444 1099 doneus
1472 1049 1670 1109 fuisset,
1701 1063 1965 1116 nunquam
1998 1050 2072 1101 usi
2092 1055 2235 1102 sunt.
2294 1097 2297 1099 4
2323 1104 2332 1105 c

1322 1121 1465 1188 Resp.
1499 1122 1653 1174 Nobis
1679 1122 1763 1174 hic
1802 1130 2131 1191 opponuntur
2156 1140 2238 1176 ar-

1249 1203 1493 1262 gumenta
1534 1197 1772 1264 ηεῃαιὶυα,
1815 1213 1948 1265 quae
1988 1198 2134 1250 iuxta
2161 1213 2239 1250 re-

1247 1269 1395 1334 gulas
1430 1271 1634 1322 criticas
1684 1287 1783 1323 non
1827 1271 2114 1338 infringunt
2150 1287 2240 1339 po·
2287 1308 2291 1314 ὁ

1247 1343 1409 1404 silica,
1454 1345 1493 1396 si
1523 1344 1732 1409 adsunt3
1778 1346 2052 1414 praecipue
2074 1346 2115 1398 si
2137 1345 2241 1397 suf-

1248 1416 1479 1470 ficientes
1535 1419 1599 1470 ad
1638 1418 1728 1471 illa
1779 1418 2088 1471 infirmanda
2154 1419 2325 1471 ra-‘ae

1248 1493 1412 1543 tiones
1467 1493 1715 1560 assignari
1773 1500 2003 1560 possunt.
2067 1492 2240 1546 Facile

1246 1573 1419 1618 autem
1448 1566 1762 1627 declaratur,
1807 1582 1899 1618 cur
1922 1568 2109 1619 citatus
2131 1574 2240 1620 tex·

1250 1646 1329 1691 tus
1356 1641 1406 1691 in
1435 1640 1692 1709 aliquibus
1724 1640 1986 1693 codicibus
2027 1657 2128 1694 non
2167 1643 2238 1694 le·
2278 1639 2320 1709 4„

1245 1720 1426 1780 gatur3
1513 1715 1674 1767 omitti
1728 1717 1885 1767 enim‘
1932 1715 2096 1784 potuit
2155 1716 2282 1769 vel'

1246 1803 1308 1839 ex
1362 1789 1560 1840 incuria
1611 1789 2007 1841 amanuensium
2048 1789 2113 1841 ad
2161 1806 2240 1843 se·
2284 1797 2332 1854 sp

1245 1869 1487 1930 quentem
1527 1868 1729 1915 textum
1759 1863 1939 1915 iisdem
1966 1864 2138 1916 verbis
2161 1865 2239 1916 in·
2319 1922 2323 1923 ⁷

1245 1936 1517 2002 cipientem
1560 1953 1626 1988 ex
1667 1937 2029 2006 intempestiva
2057 1938 2236 1991 celeri·
2284 1940 2292 1968 ³

1245 2015 1348 2061 tate
1390 2010 1841 2073 transvolantium,
1875 2012 1956 2064 vel
1985 2010 2065 2083 (ut
2116 2028 2237 2065 con·
2286 2026 2307 2080 ζ

1242 2084 1473 2151 queritur
1490 2082 1549 2138 S.
1576 2084 1903 2155 Hieronymus
1943 2088 1992 2138 in
2022 2086 2237 2155 Prologo
2291 2089 2294 2091 ’

1241 2157 1305 2208 ad
1331 2157 1492 2225 Epist.
1532 2157 1668 2230 can.)
1698 2175 1764 2212 ex
1793 2161 1987 2213 malitia
2014 2160 2237 2214 haereti·

1242 2246 1440 2294 corum,
1484 2239 1687 2284 tantum
1729 2250 1818 2301 pro
1858 2234 2107 2287 Trinitate
2146 2243 2237 2288 aut

1241 2303 1424 2357 Christi
1466 2306 1745 2360 Divinitate
1779 2309 2129 2361 testimonium
2159 2325 2236 2362 re·
2263 2335 2265 2338 ·
2293 2351 2295 2354 .

1242 2380 1645 2445 formidantium
1691 2381 1793 2444 vel,
1839 2389 1893 2434 ut
1927 2383 2085 2451 aliqui
2144 2399 2233 2451 pu·
2271 2375 2287 2443 Ῑζ

1243 2460 1373 2512 tant,
1418 2470 1483 2506 ex
1523 2455 1773 2507 industria
1813 2454 2229 2520 Catholicorum,
2275 2449 2292 2536 ζ

1240 2527 1563 2595 disciplinam
1604 2530 1778 2581 arcani
1806 2530 1941 2581 circa
1963 2529 2059 2582 hoc
2090 2547 2232 2584 sum-
2323 2536 2325 2540 '

1238 2616 1379 2652 mum
1424 2603 1727 2669 mysterium
1757 2603 2032 2656 observare
2060 2587 2293 2695 νοΙεη-,ξῖ
2327 2623 2332 2626 ·

1239 2677 1386 2726 tium.
1419 2674 1594 2737 Quoad
1621 2675 1799 2729 Patres
1829 2694 1927 2729 non
1957 2679 2127 2732 omnia
2149 2695 2290 2753 eo·

1238 2763 1353 2799 rum
1393 2750 1581 2817 scripta
1621 2750 1685 2802 ad
1727 2767 1819 2803 nos
1859 2760 2283 2820 pervenerunt:

1237 2822 1348 2873 fieri
1389 2824 1544 2875 etiam
1596 2825 1780 2892 potuit,
1832 2833 1888 2878 ut
1933 2826 1999 2878 ad
2046 2842 2231 2880 manus
2256 2821 2327 2897 1ιρ

1237 2895 1512 2950 habuerint
1552 2898 1772 2960 codiceS‚
1833 2900 1884 2951 in
1931 2901 2129 2969 quibus
2157 2901 2292 2954 (11-ῑῖι

1237 2978 1377 3022 ctum
1417 2970 1543 3022 illud
1584 2987 1685 3024 non
1745 2974 1974 3039 extabat-3
2030 2974 2113 3028 vel
2155 2975 2253 3028 ..ob
2260 2975 2332 3018 ’ἶ

1237 3044 1556 3127 disciplinam
1584 3048 1759 3099 arcani
1786 3047 1924 3100 istud
1950 3049 2151 3117 scriptis
2177 3054 2229 3103 et
2263 3105 2266 3108 ,
2284 3092 2294 3114 ‚-

1235 3118 1365 3170 actis
1428 3119 1645 3186 publicis
1707 3122 1933 3174 inserere
1999 3118 2228 3176 noluere.
2326 3153 2332 3178 ;

1235 3191 1556 3259 Argumenta
1587 3200 1762 3246 autem
1806 3195 2021 3263 positiva
2047 3197 2257 3264 genui·
2321 3196 2332 3235 f'

1238 3266 1451 3316 nitatem
1492 3273 1666 3319 textus
1688 3270 1954 3322 evincunt.
1999 3267 2128 3323 Nam
2154 3268 2263 3342 cius¹
2313 3270 2332 3327 ,ζ

1235 3344 1372 3390 tatus
1412 3345 1588 3392 textus
1628 3342 1679 3392 in
1703 3342 1939 3410 plurimis
1977 3343 2259 3418 antiqui&
2284 3339 2330 3418 'sss'

1233 3411 1374 3464 simis
1413 3413 1671 3466 codicibus
1718 3416 2000 3479 invenitur,
2044 3424 2102 3470 ut
2142 3425 2243 3476 re-4
2322 3417 2328 3420 ’

1233 3485 1486 3540 centiores
1542 3485 1716 3541 Critici
1774 3490 2106 3561 probarunt:
2138 3488 2299 3570 sic
