2332 3860
20 0 137 72 ³⁵33·
195 36 198 43 ·
607 20 634 37 —
889 31 902 53 ι

85 75 97 89 P

72 93 91 122 iz
98 93 123 128 a!

722 164 842 202 PARS
877 164 932 202 11.
975 164 1140 204 secvlo
1176 165 1214 204 1.
1257 163 1407 203 mein·
1440 163 1478 202 1.

74 208 85 218 A*
155 207 313 298 Noua·
329 227 419 296 Dei
436 224 645 295 decreta·
664 251 858 310 negant
871 260 1068 311 omneS,

89 319 392 389 quicumque
420 315 567 373 bruto
586 332 648 369 ac
668 319 827 371 stoico
849 319 972 381 fato,
997 325 1070 371 at-

84 407 183 462 que
207 390 549 444 indeclinabili
574 393 877 445 necessitate
899 394 1069 446 omnia

84 466 257 534 peragi
296 463 553 518 affirmant
591 481 711 517 cum
747 467 979 533 fatalistis
1020 479 1065 518 et

0 587 2 606 ι
73 539 254 593 atheis,
295 538 515 607 Spinoza
555 540 606 591 in
647 557 739 592 sua
782 541 961 594 Ethica
989 538 1067 612 (l)

0 616 2 618 ’
83 614 398 684 pronuntiat:
447 633 474 663 «
508 613 746 666 Liberum
775 614 863 667 Dei
892 616 1069 667 decre-

83 695 189 740 tum
208 687 446 740 fictitium
466 704 577 741 esse
599 689 1064 741 demonstramus»

35 759 155 803 oe—
203 761 434 814 Decretis
492 763 678 814 divinis
738 780 836 815 non
897 764 1069 815 minus

82 836 421 890 adversantur
479 837 757 903 Epicurei,
801 838 886 906 qui
926 839 1067 890 casui

83 911 286 964 fortuito
325 911 494 963 omnia
523 912 771 965 tribuunt:
810 910 1070 965 Sociniani

57 992 135 1039 -e't
169 983 455 1037 Arminiani
495 994 685 1054 negant
742 987 1067 1038 decretorum

83 1058 371 1126 divinorum
397 1062 757 1113 aeternitatem
798 1068 850 1113 et
886 1062 1068 1112 immu-

81 1133 404 1188 tabilitatem.
432 1163 503 1173 —
531 1134 659 1187 Tum
689 1135 829 1187 ideas
870 1135 1070 1187 divinas

81 1215 190 1261 tum
228 1209 434 1262 decreta
490 1209 662 1261 divina
705 1213 905 1276 penitus
954 1211 1069 1262 reii-

80 1283 221 1335 ciunt
259 1284 571 1336 recentiores
600 1285 938 1352 pantheistae‚
983 1285 1069 1353 qui

43 1358 249 1410 ,omnia
287 1364 503 1410 naturae
543 1359 798 1419 tribuunt,
842 1364 893 1410 et
932 1375 1071 1410 crea-

82 1438 245 1484 torem
291 1448 407 1485 cum
468 1434 719 1484 creaturis
778 1434 1069 1500 turpissime

33 1506 421 1558 ,·confundunt.
485 1507 703 1558 Istorum
775 1508 967 1559 absono
1020 1515 1070 1559 et

81 1579 235 1647 impio
273 1582 543 1648 systemati
571 1597 598 1632 e
626 1581 875 1633 diametro
901 1582 1069 1634 omnia

50 1654 432 1722 opponuntur,
474 1671 604 1723 quae
640 1655 702 1707 de
731 1655 858 1708 ideis
897 1663 949 1709 et
987 1656 1071 1707 de-

82 1728 235 1781 cretis
274 1728 463 1780 divinis
502 1729 640 1782 dicta
679 1736 820 1782 sunt.

385 1874 672 1910 ARTICULUS
703 1874 761 1911 11.

83 1947 134 1984 De
155 1948 398 1993 productione
421 1949 547 1983 mundi
562 1958 608 1984 ex
631 1949 747 1984 nihilo
769 1953 808 1985 et
830 1948 869 1983 in
893 1953 1068 1993 tempore.

476 2067 514 2127 ς
543 2021 673 2114 ns'.

156 2173 358 2242 Duplex
386 2174 745 2242 distinguenda
771 2183 848 2228 est
875 2192 1072 2244 proces-

87 2248 160 2300 sio
174 2250 366 2310 divina,
386 2250 587 2301 interna
603 2257 653 2302 et
669 2256 880 2302 externa
900 2248 1069 2321 (399).

49 2320 343 2388 ¹Processio
394 2323 597 2376 interna
647 2323 704 2376 fit
745 2325 792 2375 in
842 2326 949 2392 ipsa
990 2342 1068 2376 es-

88 2399 250 2448 sentia
278 2397 450 2449 divina
475 2399 564 2458 ita,
592 2404 648 2449 ut
677 2414 910 2465 persona,
942 2415 1071 2467 quae

88 2471 331 2538 procedit,
362 2473 427 2524 sit
457 2473 607 2524 unius
634 2474 962 2540 eiusdemque
994 2488 1073 2524 es-

16 2541 63 2597 ’-
87 2545 281 2596 sentiae
320 2561 438 2597 cum
480 2562 727 2615 persona,
769 2564 797 2598 a
825 2563 923 2615 qua
966 2563 1073 2615 pro-

88 2618 220 2670 cedit
243 2616 296 2688 (Ξ
323 2619 468 2690 105).
508 2620 606 2672 Sed
641 2621 958 2673 admittenda
996 2628 1073 2673 est

28 2731 30 2738 s
88 2693 239 2743 etiam
258 2695 507 2760 processio
527 2695 698 2747 divina
714 2701 952 2754 externa,
985 2712 1073 2763 per

87 2780 242 2834 quam
291 2766 472 2819 a.Deo
519 2769 754 2821 oriuntur
804 2776 1071 2822 creaturae

86 2839 178 2898 ita,
223 2846 279 2891 ut
305 2840 368 2892 ab
408 2843 629 2894 essentia
657 2843 829 2895 divina
868 2844 1073 2912 penitus

42 2911 507 2983 vdistinguantur3
550 2922 601 2968 et
657 2916 710 2968 in
767 2916 863 2968 hoc
918 2933 1070 2969 sensu

28 3008 47 3028 ἰ
88 2993 234 3040 extra
290 2987 476 3051 Deum,
519 3005 610 3042 seu
650 2997 853 3058 praeter
908 2990 1072 3043 Deum

89 3061 309 3114 existere
357 3062 612 3116 dicantur.
656 3092 728 3104 —
767 3064 933 3116 Etiam
981 3065 1073 3117 du-

90 3133 270 3203 plicem
301 3138 673 3205 processionem
695 3137 977 3190 humanam
997 3155 1074 3191 se-

90 3222 299 3263 cernere
320 3211 460 3276 licet3
483 3212 548 3264 ab
571 3211 776 3265 homine
795 3214 929 3266 enim
953 3229 1071 3281 pro-

91 3281 281 3336 cedunt
316 3285 518 3339 interne
544 3286 877 3355 cogitationes
903 3293 955 3340 et
990 3304 1075 3340 vo-

90 3353 383 3420 litiones,'et
402 3367 616 3413 externe
644 3361 799 3413 verba
826 3368 878 3414 et
901 3378 1072 3430 opera.

91 3426 214 3491 Quis
250 3431 352 3483 iam
377 3434 626 3518 negabit,
667 3433 831 3488 Deum
871 3451 1073 3506 quoque

135 3526 189 3575 (Ι)
213 3527 250 3566 Ρ·
274 3529 311 3576 ²»
332 3539 436 3579 μου·
459 3531 513 3571 ⁴⁸·

1934 149 2044 203 219

1131 252 1345 298 externe
1385 241 1626 313 operari,
1669 248 1722 296 et
1775 241 1896 295 talia
1937 242 2123 311 produ-

1130 335 1247 373 cere
1271 334 1436 388 posse‚
1463 316 1685 387 quae.ab
1712 317 1872 384 ipsius
1900 318 2123 370 essentia

1131 394 1390 454 distincta,
1434 392 1578 444 finita
1617 398 1668 444 et
1696 390 1961 443 mutabilia
1989 390 2119 443 sint?

1131 497 1199 506 —
1238 467 1386 521 Certe
1427 466 1598 526 DeuS‚
1642 466 1775 518 sicut
1815 480 1906 533 per
1953 463 2123 516 infini-

1133 549 1238 593 tum
1296 540 1619 594 intellectum
1685 539 1864 592 talium
1925 539 2123 590 entium

1132 615 1298 668 ideam
1338 618 1606 683 concipere
1633 655 1645 676 ‚
1688 620 1740 666 et
1793 629 1883 681 per
1925 612 2124 666 liberri-

1132 706 1269 742 mam
1307 690 1629 751 voluntatem
1687 687 1971 740 eorundem
2017 687 2124 739 exi-

1129 766 1372 816 stentiam
1411 763 1709 824 decernere,
1741 764 1812 814 ita
1852 763 2006 814 etiam
2036 777 2126 830 per

1130 839 1553 906 omnipotentiam
1573 840 1679 905 ipsa
1705 836 1987 904 producere
2016 842 2125 904 pot-

1130 920 1225 964 est.
1282 912 1550 976 Qui-baec
1609 910 1899 974 inficiatur,
1960 910 2124 963 omni-

1133 988 1388 1053 potentiae
1429 987 1635 1038 divinae
1696 985 1884 1038 limites
1942 985 2119 1054 ponit,

1131 1061 1396 1130 Deumque
1436 1062 1602 1129 ipsum
1655 1076 1683 1112 e
1741 1060 1908 1112 medio
1966 1058 2118 1112 tollit.

1132 1136 1402 1188 Praeterea
1442 1142 1643 1187 certum
1683 1141 1781 1196 est,
1825 1134 1962 1186 entia
2003 1149 2124 1186 con-

1133 1211 1381 1277 tingentia
1420 1227 1450 1261 a
1492 1210 1664 1261 divina
1705 1208 1928 1260 essentia
1982 1223 2125 1276 pror-

1131 1301 1218 1336 sus
1245 1284 1486 1336 distincta
1514 1299 1636 1336 vere
1659 1284 1884 1335 existere
1900 1279 2118 1354 (gum

1131 1366 1473 1427 quapropter,
1517 1359 1558 1410 si
1611 1358 1765 1410 certis
1804 1357 2124 1424 argumentis

1131 1434 1450 1491 ostenditur,
1494 1433 1632 1484 entia
1674 1432 1934 1501 praedicta
1974 1430 2125 1498 origi-

1135 1523 1251 1559 nem
1278 1524 1307 1559 a
1336 1508 1439 1559 Deo
1469 1506 1679 1568 habere,
1707 1513 1905 1558 certum
1934 1506 2125 1574 pariter

1132 1590 1230 1643 est,
1276 1598 1397 1633 vere
1438 1581 1548 1632 dari
1580 1581 1959 1648 processionem
2000 1579 2127 1630 divi-

1124 1672 1249 1721 nam
1266 1662 1555 1722 externam,
1570 1672 1598 1706 a
1616 1655 1938 1722 processione
1951 1653 2124 1705 divina

1134 1732 1332 1782 interna
1354 1730 1645 1782 omnimode
1674 1730 1988 1781 distinctam.
2022 1726 2123 1780 Sed

1134 1811 1240 1856 tum
1271 1821 1336 1855 ex
1361 1805 1675 1855 revelatione
1705 1811 1812 1855 tum
1834 1819 1900 1854 ex
1928 1802 2124 1854 ratione

1134 1879 1333 1946 probari
1364 1885 1549 1945 potest,
1582 1877 1745 1929 Deum
1790 1893 1902 1929 esse
1947 1875 2124 1928 mundi

1132 1969 1222 2005 seu
1283 1954 1512 2004 omnium
1572 1955 1769 2004 entium
1821 1951 2124 2016 contingen·

1135 2030 1260 2079 tium
1301 2034 1585 2079 auctorem.
1619 2056 1685 2065 —
1717 2027 1909 2094 Dogma
1950 2024 2125 2077 catho-

1134 2101 1287 2154 licum
1332 2101 1505 2152 mundi
1535 2102 1785 2165 originem
1827 2100 2123 2167 respicienS,

1132 2177 1362 2244 sequenti
1408 2177 1747 2243 propositione
1787 2175 2119 2226 enuntiatur:

1133 2251 1270 2302 Deus
1313 2254 1369 2301 1⁰
1411 2249 1607 2310 Omnia,
1650 2250 1709 2300 2⁰
1746 2265 1808 2300 ex
1844 2248 2019 2308 nihile,
2066 2248 2123 2299 5⁰

1123 2326 1414 2392 -intempore
1434 2340 1522 2376 seu
1548 2339 1656 2375 cum
1685 2333 1891 2393 tempore
1922 2322 2119 2374 creavit.

1205 2399 1351 2451 Nota.
1376 2398 1469 2450 Per
1499 2399 1874 2465 processionem
1897 2397 2124 2448 divinam

1133 2479 1404 2525 externam
1444 2472 1749 2534 intelligitur
1778 2474 1884 2538 ipsa
1914 2471 2123 2535 creatio,

1133 2564 1264 2616 quae
1304 2554 1382 2599 est
1408 2563 1535 2613 opus
1575 2546 1666 2597 Dei
1700 2553 1997 2604 externum,
2024 2559 2123 2612 quo

1134 2622 1356 2674 mundus
1398 2637 1509 2672 esse
1537 2621 1722 2687 coepit.
1757 2618 1957 2671 Creatio
1986 2624 2124 2670 recte

1134 2696 1396 2748 definitur:
1424 2695 1687 2763 productio
1711 2708 1882 2745 rerum
1896 2694 2125 2744 omnium
2193 2755 2195 2758 Α

1135 2787 1198 2823 ex
1242 2770 1399 2822 nihilo
1428 2769 1560 2821 facta
1588 2785 1617 2821 a
1645 2768 1769 2828 Dee,
1802 2766 1886 2835 qui
1917 2767 2107 2819 mundo

1133 2861 1284 2914 quem
1312 2845 1375 2896 ab
1403 2851 1612 2896 aeterno
1646 2843 1694 2893 in
1727 2847 1898 2893 mente
1929 2841 2124 2909 babuit,

1134 2921 1184 2971 in
1224 2925 1453 2988 tempore
1493 2917 1826 2970 existentiam
1863 2914 2022 2969 dedit.

1527 3039 1566 3098 ς
1597 3038 1728 3085 ne.

1395 3129 1424 3164 1.
1447 3130 1546 3164 Deus
1567 3119 1688 3163 omnia*
1710 3128 1858 3166 creavit.

1206 3212 1343 3265 Deus
1381 3213 1551 3266 omnia
1591 3214 1728 3265 entia
1755 3212 2122 3281 contingentia,

1138 3286 1353 3339 visibilia
1392 3294 1444 3339 et
1482 3287 1757 3340 invisibilia
1782 3329 1795 3350 ‚
1838 3287 2122 3342 materialia

1135 3369 1186 3413 et
1224 3361 1507 3429 spiritualia
1547 3361 1811 3430 produxit,
1843 3375 2122 3429 eorumque

1134 3436 1361 3488 omnium
1400 3442 1580 3487 auctor
1617 3442 1670 3489 et
1712 3442 1913 3489 creator
1952 3436 2123 3486 dicen-

1134 3508 1232 3562 dus
1269 3515 1366 3563 est.
1421 3507 1616 3591 Dogma
1677 3510 1773 3562 hoo
1810 3507 2122 3562 catholicum
