2332 3860
253 170 358 223 54⁶2

179 348 276 403 set,
320 341 459 395 Deus
498 343 548 393 in
612 341 709 395 hac
764 341 1161 395 misericordiam

178 431 322 468 suam
363 422 415 469 et
441 415 745 480 honitatem,
771 433 871 469 non
894 423 1065 469 autem
1092 416 1164 466 iu-

179 489 368 543 stitiam
395 490 716 543 ostendisset.
741 490 846 544 lmo
872 489 1061 543 Paulus
1088 505 1164 541 sa·

181 564 519 617 tisfactionem
540 563 723 618 Christi
746 581 844 618 non
866 563 1032 618 solum
1052 579 1163 632 per-

180 638 384 706 fectam,
424 638 511 691 sed
555 641 710 692 etiam
749 638 1164 707 superabundan-

179 718 281 766 tem
329 728 440 766 esse
479 713 625 765 docet
663 714 713 765 in
754 714 930 766 eadem
962 712 1054 782 Ep.
1100 711 1161 765 ad

178 786 350 849 Rom„
381 787 627 840 scribens:
659 786 884 840 Chri-stus
908 803 997 856 pro
1027 786 1162 839 nobis

177 869 398 914 mortuus
418 870 502 913 cst.-
518 861 671 914 mutto
692 862 845 930 igitur
864 862 1017 930 maqis
1036 877 1164 913 nunc

181 936 427 1005 iustificati
467 938 518 987 in
557 937 794 1003 sanquine
833 937 987 1004 ipsius
1043 936 1164 989 salvi

178 1012 361 1062 erimus
386 1010 448 1061 ab
489 1011 568 1062 ira
612 1025 703 1078 per
741 1011 930 1080 ipsum:
985 1016 1159 1078 atque:

179 1083 292 1136 Non
330 1086 455 1135 sicut
493 1083 736 1146 delictum,
779 1084 851 1136 ita
888 1090 930 1136 ct
957 1084 1163 1145 donum;

174 1160 218 1209 si
255 1158 384 1209 enim
422 1158 571 1210 unius
610 1158 775 1210 delicto
812 1158 955 1210 multi
981 1161 1165 1209 mortui

175 1239 305 1298 sunt,
337 1231 489 1283 multo
516 1233 669 1300 magis
707 1234 865 1300 qratia
887 1232 978 1284 Dei
1010 1241 1053 1284 et
1081 1234 1163 1285 do-

174 1321 294 1357 num
340 1306 392 1357 in
431 1307 594 1371 qratia
632 1307 781 1358 unius
821 1307 1029 1358 hominis
1052 1306 1162 1358 Iesu

175 1377 364 1432 Christi
397 1380 451 1430 in
488 1380 657 1449 plures
704 1381 1035 1434 abundavit...
1076 1379 1165 1432 Ubi

174 1461 332 1505 autem
347 1453 604 1506 abundavit
624 1455 848 1507 delictum
868 1454 1162 1522 superabun-

176 1528 304 1581 davit
330 1529 493 1596 qratia
524 1527 618 1601 (l).
646 1529 940 1581 Generatim
975 1528 1164 1581 Paulus

174 1602 225 1654 in
268 1609 374 1655 toto
414 1602 509 1655 hoc
549 1604 712 1671 capite
753 1604 993 1665 ostendit,
1048 1619 1162 1671 pec-

173 1682 344 1728 catum
367 1674 507 1729 Adae
548 1693 646 1728 non
690 1682 891 1732 tantum
919 1678 1159 1740 obfuisse,

176 1758 426 1819 quantum
450 1751 728 1820 red-emptio
750 1751 933 1804 Christi
959 1752 1162 1820 profuit,

179 1841 308 1893 quae
349 1826 504 1892 igitur
544 1842 643 1877 non
684 1826 849 1878 solum
883 1825 1158 1888 sufficicnS,

177 1899 266 1951 sed
331 1901 484 1953 etiam
558 1901 980 1967 superabundans
1045 1900 1156 1953 fuit.

174 2002 248 2012 —
287 1971 520 2025 Christus
546 1990 644 2025 non
676 1990 763 2042 pro
789 1974 1021 2040 originali
1051 1981 1164 2025 tan-

174 2053 282 2099 tum
309 2087 322 2107 ‚
382 2048 470 2099 sed
511 2049 664 2099 etiam
704 2064 792 2116 pro
832 2049 1068 2099 omnibus
1113 2066 1164 2100 a·

173 2121 427 2173 ctualibus
491 2123 710 2188 peccatis
758 2122 1019 2175 hominum
1055 2139 1163 2190 pre-

171 2196 299 2247 tium
341 2197 603 2263 sanguinis
630 2196 831 2257 obtulit,
871 2212 930 2248 ac
958 2196 1161 2249 divinae

171 2269 396 2321 iustitiae
425 2270 646 2337 perfecte
669 2271 929 2323 satisfecit.
974 2269 1027 2321 Id
1075 2287 1160 2338 pa-

172 2349 246 2395 tet
285 2359 350 2395 ex
389 2344 541 2396 citato
583 2344 742 2396 Isaiae
782 2343 1161 2397 textu:Posuv't

171 2416 408 2470 Dominus
447 2420 500 2469 in
538 2435 589 2470 eo
617 2418 921 2487 iniquitatem
942 2421 1160 2471 omnium

171 2499 389 2543 nostrum
407 2490 504 2562 (2).
518 2521 589 2531 --
603 2492 791 2545 Paulus
807 2495 1000 2546 scribit:
1020 2493 1161 2546 Dedit

171 2567 475 2635 semetipsum
511 2583 605 2633 pro
637 2568 797 2627 nobis,
829 2576 881 2619 ut
909 2584 993 2619 nos
1031 2569 1160 2620 redt-

172 2647 320 2691 mcrct
366 2640 424 2692 ab
463 2641 595 2692 omni
622 2641 895 2709 iniquitate,
940 2648 983 2693 et
1022 2657 1161 2693 mun-

174 2713 308 2765 daret
334 2714 428 2766 sibi
448 2715 679 2783 poputum
701 2715 1033 2785 acceptabilem
1056 2714 1152 2786 (5).

176 2785 465 2856 Discipulus
489 2830 502 2850 ‚
546 2804 696 2857 quem
738 2789 979 2855 diligebat
1018 2789 1159 2843 lesus

174 2860 334 2912 dicit:
386 2862 600 2930 Sanquis
639 2862 748 2915 Iesu
789 2862 1073 2915 Christi....
1117 2881 1160 2916 c-

172 2935 372 2987 mundat
418 2953 503 2988 nos
548 2937 606 2989 ab
645 2937 778 2988 omni
813 2945 997 3005 pecca-to
1039 2935 1154 3008 (4);

173 3014 225 3059 et
261 3009 420 3062 addit:
462 3010 646 3077 Filioti,
675 3010 786 3062 Ilaec
812 3011 967 3063 scribo
1009 3012 1158 3078 vobis,

171 3088 227 3133 ut
281 3097 377 3134 non
420 3085 637 3151 peccetis.
702 3084 799 3137 Sed
854 3092 897 3136 et
954 3085 997 3136 si
1046 3087 1159 3153 quis

170 3157 460 3225 peccaverit,
502 3156 798 3210 Advocatum
840 3158 1064 3224 habemas
1106 3177 1158 3212 a-

173 3229 274 3297 pud
319 3229 518 3282 Patrem
573 3232 733 3284 Iesum
783 3231 1035 3284 Christum
1082 3235 1158 3286 iu-

174 3311 302 3357 stum
320 3321 346 3366 ,-
394 3310 438 3356 et
483 3305 580 3373 ipse
614 3313 680 3357 est
728 3306 1017 3375 propitiatio
1066 3323 1159 3378 pro

219 3463 270 3507 (1)
295 3462 402 3499 Rom.

235 3508 270 3549 2)
294 3508 374 3542 isai.
400 3507 454 3549 53,
479 3509 512 3542 ⁶.

235 3551 271 3596 4)
294 3553 310 3587 1
332 3552 432 3587 ioan.
458 3550 490 3595 1,
515 3550 547 3586 7.

426 3471 458 3496 c.
488 3463 521 3504 Β,
547 3472 580 3498 v.
607 3462 639 3506 9,
665 3464 719 3499 ib.
744 3464 798 3498 2⁰.

714 3508 763 3550 (3)
788 3508 858 3542 Tit.
873 3509 907 3552 Ξ,
931 3509 987 3545 14

717 3551 762 3594 ’5)
788 3553 838 3587 lb.
863 3562 897 3586 c.
945 3565 1014 3596 ,v.
1042 3555 1059 3590 1
1087 3561 1157 3592 etc.

590 187 652 222 DE
690 186 784 224 nno
821 186 952 224 Lusi
988 185 1175 224 numm
1212 185 1416 224 usuariis
1451 186 1769 227 neotum-ont.
2274 237 2301 245 ,-

180 267 408 321 remissio
436 274 761 336 peccatorum
779 283 1023 321 concessa
1043 266 1163 318 suis·
1217 267 1420 337 peccatis
1473 270 1676 332 nostris,
1731 280 1829 322 non
1883 285 1977 340 pro
2026 252 2204 325 nostrii

1224 349 1383 393 autem
1435 349 1644 407 tantum,
1690 343 1771 396 sed
1821 350 1868 397 et
1907 360 2002 414 pro
2061 344 2225 398 totius‘
2280 342 2332 475 ἕ(

1222 415 1397 468 mundi
1445 414 1542 487 (5).
2319 437 2332 503 j

1297 490 1350 542 ΕΞ.
1393 487 1475 544 Ss,
1530 489 1697 544 Patres
1754 491 1940 576 passim
1998 490 2204 552 docent,
2272 487 2332 575 L«.

1224 561 1482 616 Christum
1522 580 1612 633 per
1648 567 1934 650 passionem
1973 581 2120 619 suam
2157 572 2210 618 et
2295 583 2332 613 ε’·

1225 645 1442 692 mortem
1479 654 1601 692 vere
1639 653 1700 691 ae
1740 641 1938 709 proprie
1979 655 2069 707 pro
2095 654 2210 708 pec-

1225 713 1350 765 catis
1391 713 1576 766 nostris
1614 713 1836 767 iustitiae
1875 714 2076 767 divinae
2131 729 2211 767 sa-

1226 786 1508 850 tisfecisse,
1576 793 1627 840 et
1688 788 1894 856 quidem
1954 787 2083 841 adeo
2128 803 2213 840 cu·

1226 861 1438 923 mulam,
1501 868 1559 914 ut
1621 861 1911 915 offensionis
1973 862 2214 915 iniuriam

1226 935 1522 1003 magnitudo
1573 936 1740 988 meriti
1802 952 1862 989 ac
1918 951 2215 1006 compensa-

1227 1009 1373 1061 tionis
1413 1025 1514 1062 non
1578 1011 1811 1079 aequarit
1870 1010 2057 1072 solum,
2123 1009 2214 1064 sed

1227 1083 1424 1136 infinito
1465 1090 1576 1151 post
1615 1100 1668 1136 se
1709 1083 1979 1137 intervallo
2002 1083 2217 1154 relique·

1226 1158 1309 1209 rit.
1353 1157 1436 1210 Sic
1474 1156 1534 1213 S.
1579 1158 1796 1210 Basilius
1823 1156 1925 1229 (6):
1961 1178 1987 1207 «
2029 1158 2214 1211 Inven-

1227 1238 1336 1283 tum
1376 1239 1453 1285 est
1495 1249 1582 1298 pro
1621 1233 1856 1285 omnibus
1885 1233 2218 1286 simulhomi-

1229 1306 1376 1358 nibus
1416 1304 1920 1368 sufficientissimum,
1972 1306 2105 1376 quod
2161 1307 2214 1360 in

1227 1380 1446 1448 pretium
1487 1381 1850 1449 redemptionis
1889 1381 2093 1434 animae
2124 1397 2211 1434 no·

1225 1461 1362 1506 strae
1427 1454 1603 1506 datum
1672 1461 1748 1507 est
1774 1496 1787 1516 ‚
1855 1462 2065 1508 sanctus
2127 1455 2215 1509 ille

1225 1544 1285 1579 ac
1325 1529 1576 1596 pretiosus
1603 1530 1812 1597 sanguis
1841 1528 1903 1581 D.
1934 1527 1996 1582 N.
2040 1527 2080 1581 1.
2124 1528 2211 1592 C.,

1226 1618 1376 1671 quem
1419 1619 1507 1670 pro
1549 1603 1692 1656 nobis
1732 1604 1965 1656 omnibus
2012 1602 2210 1656 effudit:

1226 1678 1555 1745 quamobrem
1579 1678 1739 1745 pretio
1769 1679 1922 1730 etiam
1950 1678 2107 1745 empti
2130 1693 2214 1730 su·

1225 1767 1357 1803 mus,
1385 1772 1409 1801 »
1435 1751 1491 1805 S.
1519 1749 1784 1820 Greqorius
1806 1751 1939 1806 Naz.
1970 1750 2045 1823 (7)
2068 1751 2209 1804 dicit:

1229 1845 1253 1873 «
1298 1824 1530 1878 Christus
1576 1829 1798 1893 seipsum
1850 1826 2214 1893 redemptionis

1226 1901 1443 1967 pretium
1483 1916 1572 1968 pro
1614 1900 1776 1961 nobis,
1807 1916 1867 1951 ac
1906 1899 2086 1967 culpae
2124 1915 2213 1952 no-

1225 1980 1360 2025 strae
1419 1974 1796 2026 succedaneum
1854 1974 1965 2040 (seu
2005 1989 2213 2041 sponso·

1225 2047 1354 2116 rem)
1391 2047 1547 2100 dedit.
1591 2067 1616 2096 »
1646 2047 1699 2100 S.
1738 2047 1810 2099 Ιο.
1844 2045 2212 2116 Chrysostomus

1226 2121 1300 2191 (8)
1347 2122 1547 2189 inquit:
1586 2121 1802 2175 «Multo
1850 2121 2016 2188 plura,
2058 2137 2212 2190 quam

1224 2196 1554 2256 debebanmS,
1588 2194 1830 2263 persolvit
1857 2193 2108 2257 Christus,
2151 2211 2212 2249 ac

1225 2276 1365 2322 tanto
1405 2271 1552 2338 plura
1579 2311 1592 2331 ‚
1635 2276 1826 2339 quanto
1866 2269 2056 2322 stillam
2108 2272 2213 2322 exi-

1222 2360 1374 2410 guam
1397 2345 1703 2396 immensum
1727 2343 1937 2412 pelagus
1957 2343 2207 2397 excedit.»

1220 2417 1270 2469 S.
1291 2417 1591 2485 Auqustinus
1613 2417 1690 2489 (9)
1713 2418 1987 2470 exclamat:
2013 2436 2038 2466 «
2066 2417 2214 2470 Fudi-

1222 2493 1285 2544 sti
1329 2508 1416 2560 pro
1456 2508 1536 2544 me
1577 2493 1796 2560 pretium
1831 2491 2209 2560 redemptionis.

1222 2566 1260 2618 Ο
1286 2567 1563 2633 pretiosum
1586 2567 1801 2633 pretium
1827 2563 2217 2635 perditorqu

1222 2640 1369 2693 Dicat
1408 2641 1453 2692 ei
1494 2646 1627 2692 terra
1670 2640 1953 2708 redempta,
1989 2647 2120 2693 terra
2148 2640 2213 2692 ir-

1222 2716 1407 2781 rigata,
1451 2715 1715 2783 redempta
1768 2715 2037 2782 sanguine,
2100 2714 2210 2767 irri-

1220 2795 1339 2856 gata
1380 2789 1703 2857 baptismate.
1747 2788 1932 2857 Magna
1972 2788 2216 2857 iniquitas·

1220 2877 1362 2925 mea,
1432 2862 1520 2914 sed
1577 2864 1740 2915 maior
1795 2870 1873 2915 est
1930 2863 2211 2931 redemptio

1221 2943 1327 2989 tua.
1375 2935 1565 2990 Audiat
1608 2953 1730 3005 ergo
1785 2951 1965 2990 vocem
2009 2936 2209 2989 Domini

1221 3012 1319 3063 mei
1359 3010 1571 3063 humani
1610 3011 1814 3080 generis
1853 3011 2205 3071 adversar-iuS,

1221 3092 1271 3138 et
1309 3084 1433 3136 nihil
1475 3086 1573 3137 iam
1603 3085 1697 3138 sibi
1724 3083 1999 3154 applaudat
2019 3083 2205 3145 eleum,

1221 3159 1338 3228 quia
1379 3173 1467 3226 pio
1529 3160 1683 3211 totius
1745 3158 1922 3211 mundi
1986 3157 2218 3228 facinore⁸

1220 3234 1270 3284 in
1311 3247 1463 3284 cruce
1522 3233 1763 3301 pependit
1813 3230 2056 3285 Dominus
2119 3231 2217 3284 iio-⁸

1219 3314 1325 3360 ster
1371 3305 1511 3358 lesus
1550 3305 1872 3359 Christus.»
1917 3333 1988 3344 —
2037 3302 2212 3359 Conci

1266 3422 1316 3466 (G)
1343 3422 1446 3456 Hom.
1471 3423 1508 3456 in
1532 3423 1661 3456 psalm.
1687 3421 1744 3464 ⁴8,
1769 3429 1806 3457 n.
1832 3421 1865 3457 ί.
2236 3462 2238 3464 ,
2311 3457 2325 3469 ⁴.

1264 3467 1316 3509 (7)
1340 3468 1438 3501 Orat.
1466 3466 1499 3504 1.
1522 3466 1667 3510 (atu.)
1693 3476 1728 3500 n.
1754 3466 1787 3500 5.
2307 3472 2332 3509 ‘Ji

1264 3510 1312 3552 (8)
1341 3511 1444 3546 nom.
1472 3509 1525 3553 10,
1552 3512 1586 3545 in
1618 3512 1678 3554 Ep.
1702 3511 1744 3544 ad
1771 3510 1875 3545 nom.
1903 3517 1937 3546 n.
1964 3509 1997 3544 2,

1265 3555 1310 3598 [92
1335 3555 1508 3592 Sermone
1532 3555 1608 3598 122,
1631 3555 1675 3590 de
1698 3559 1868 3599 tempore.
