2332 3860
250 162 359 212 1182

104 283 107 285 ·
175 271 205 309 a
251 254 417 310 Verbo
471 271 570 309 non
614 265 927 326 assumptae.
958 258 1175 327 Regula

158 336 299 396 ergo
338 331 612 383 statuenda
668 339 766 393 est,
819 347 951 403 quae
1003 334 1172 392 docet,

177 421 469 474 non-posse
509 405 571 457 de
612 403 815 459 Christo
861 423 920 459 ea
978 408 1176 475 praedi-

175 479 314 541 cari,
363 495 519 548 quae
586 480 676 547 ipsi
746 497 911 549 neque
977 483 1174 533 ratione

176 560 395 606 naturae
446 553 674 617 divinae,
744 571 911 623 neque
976 557 1173 608 ratione

176 626 393 681 naturae
423 627 681 681 humanae
709 631 1047 682 conveniunt.
1083 630 1173 681 Er—

174 698 238 770 go
273 719 374 754 non
402 711 613 769 possunt
642 705 923 772 praedicari
947 704 1009 755 dc
1032 703 1173 756 Chri-

174 782 252 829 sto
292 777 594 844 ἱῃηοναηεῡα,
639 778 1042 846 concupiscentia,
1065 795 1172 846 pec-

173 859 355 911 catum,
401 858 527 915 etc.;
571 854 806 919 quamvis
836 854 914 903 isti
941 852 1170 904 defectus

173 927 500 994 caeteroquin
546 926 596 975 in
638 932 819 977 natura
844 926 1066 978 humana
1101 928 1172 978 in-

95 1023 102 1030 ·
173 1000 469 1059 veniuntur,
516 999 738 1062 humana
772 1007 941 1051 tamen
987 1008 1166 1053 natura

172 1073 361 1126 Christi
404 1074 468 1125 ab
511 1074 629 1141 ipsis
669 1075 878 1125 omnino
925 1075 1170 1126 immunis

171 1147 284 1199 suit.
317 1147 401 1199 Sic
430 1150 622 1214 pariter
653 1147 887 1199 Christus
930 1165 1028 1200 non
1060 1155 1169 1217 pot-

171 1228 251 1273 est
289 1222 386 1272 dici
433 1220 590 1273 Filius
617 1221 708 1273 Dei
741 1224 1012 1291 ιιάορεὶυαε,
1050 1225 1167 1291 quia

170 1302 247 1347 est
289 1295 424 1346 filius
463 1295 556 1346 Dei
600 1298 870 1357 naturalis,
915 1304 966 1349 et
1011 1299 1166 1349 etiam

170 1371 367 1421 ratione
402 1375 615 1421 naturae
646 1372 918 1438 humanae,
947 1387 1076 1440 quae
1117 1373 1166 1423 in

170 1459 273 1495 una
317 1460 532 1511 persona
575 1445 747 1496 divina
784 1447 1034 1504 subsistit,
1069 1462 1166 1497 non

171 1520 335 1585 potuit
373 1518 629 1586 adoptari,
662 1526 718 1570 ut
746 1521 846 1571 iam
878 1535 1031 1587 supra
1055 1536 1169 1587 pro-

170 1592 342 1644 batum
369 1591 480 1644 fuit.
507 1593 583 1643 Ex
605 1594 783 1645 eadem
809 1595 1002 1646 ratione
1024 1593 1169 1645 Chri-

168 1672 278 1718 stus
330 1666 629 1719 nullatenus
671 1668 768 1719 dici
814 1676 1017 1735 potestz
1059 1684 1170 1736 per-

172 1756 288 1791 sona
342 1740 590 1801 liu-mana,
634 1742 715 1793 vel
759 1743 926 1811 finita,
978 1751 1163 1802 creata,

168 1815 286 1882 quia
328 1816 478 1872 unica
519 1823 596 1867 est
629 1818 678 1867 in
710 1814 912 1868 Christo
955 1832 1167 1883 persona

169 1904 330 1956 eaque
381 1888 585 1950 divina,
638 1889 868 1951 infinita,
913 1891 1161 1942 increata.

169 1961 286 2012 ldeo
328 1963 484 2013 etiam
526 1970 664 2014 recte
706 1964 909 2030 qui-dem
941 1964 1162 2015 dicitur:

167 2034 300 2087 Deus
326 2037 488 2103 factus
511 2046 578 2088 est
606 2037 782 2099 120m0;
819 2038 906 2089 sed
955 2054 1053 2089 non
1094 2055 1168 2090 re-

167 2116 249 2162 cte
279 2110 486 2162 dieitur:
521 2111 658 2162 homo
685 2113 842 2178 factus
882 2120 949 2163 est
978 2112 1123 2164 Deus,

241 2183 294 2236 8.
340 2183 474 2235 Dum
516 2184 578 2236 de
632 2185 870 2237 ineffabili
931 2187 1167 2238 incarna-

167 2258 319 2309 tionis
374 2259 619 2327 mysterio
683 2275 851 2311 sermo
916 2259 1162 2321 habetur,

167 2333 335 2383 etiam·
362 2333 414 2383 in
475 2333 624 2384 modo
665 2334 901 2402 loquendi
961 2351 990 2386 a
1031 2334 1164 2386 linea

167 2406 455 2458 traditionis
498 2408 844 2460 recedendum
903 2424 1002 2460 non
1063 2415 1161 2460 est:

167 2489 417 2548 quantum
463 2496 646 2548 nempe
688 2481 795 2533 fieri
839 2489 1023 2549 potest,
1064 2482 1166 2533 illis

168 2560 370 2613 tantum
412 2556 704 2607 nominibus
745 2564 796 2607 et
836 2556 1036 2608 dicendi
1061 2572 1165 2607 mo-

167 2628 244 2678 dis
286 2629 535 2681 utendum
578 2637 675 2691 est,
720 2631 804 2698 qui
853 2638 941 2682 aut
1007 2632 1165 2697 ipsius

166 2700 220 2753 S.
265 2701 579 2776 Scripturae,
631 2710 721 2755 aut
784 2703 864 2755 Ss.
931 2704 1159 2765 Patrum,

167 2781 257 2826 aut
298 2777 653 2838 conciliorum,
697 2777 991 2829 autsaltem
1023 2778 1164 2829 theo-

168 2848 399 2910 logorum
441 2851 808 2904 catholicorum
852 2867 946 2903 usu
987 2868 1165 2919 appro-

168 2922 270 2973 bati
318 2939 377 2974 ac
445 2925 601 2987 veluti
667 2927 951 2977 consecrati
1018 2933 1156 2977 sunt.

168 2994 324 3047 Novis
346 2999 597 3060 terminiS‚
626 3000 872 3068 novisque
895 2999 1163 3067 phrasibus

169 3068 451 3122 doctrinam
497 3078 598 3124 tam
649 3074 921 3125 sublimem
988 3089 1165 3141 propo-

169 3158 293 3195 nere
334 3144 488 3205 velle‚
534 3162 615 3197 res
667 3146 818 3199 valde
877 3147 1161 3215 periculosa

168 3222 248 3268 est
286 3222 440 3285 atque
497 3227 751 3287 suspecta.
815 3251 886 3260 —
934 3221 1163 3290 Denique

169 3291 287 3358 quia
316 3297 494 3342 sancta
521 3299 696 3344 sancte
725 3295 991 3347 tractanda
1018 3302 1158 3357 sunt,

170 3362 571 3437 infinita'Verbi
632 3367 883 3420 incarnati
942 3369 1164 3436 dignitas

170 3439 576 3505 perpetuo‘ante
616 3440 790 3492 oculos
842 3443 1028 3494 mentis
1076 3441 1162 3493 ha-

170 3511 336 3564 benda
376 3517 474 3577 est,
516 3519 669 3584 atque
710 3513 771 3565 de
810 3515 918 3584 ipso
960 3518 1162 3569 nonnisi

2023 183 2031 190 ,
2246 116 2332 185 ῑῗε

586 176 649 213 na
686 177 779 215 neo
818 170 948 215 musi
990 167 1176 216 nutum
1217 175 1420 216 cumanis
1457 172 1794 215 munaum-ona.

1240 258 1327 311 tali
1364 255 1518 326 ‘modo
1558 258 1693 327 loqui
1734 261 1952 326 oportet,
1983 250 2245 328 quisunt*

1240 348 1373 384 mam
1392 334 1501 384 eius
1520 335 1839 385 maiestatem
1856 332 2022 388 decet.
2047 331 2234 396 Quam⁴
2293 330 2332 371 ÷·-'

1239 409 1315 458 vis
1355 407 1512 474 igitur
1550 406 1832 460 nonnullae
1864 407 2238 477 propositiones
2290 405 2332 442 ‘³

1238 483 1377 533 iuxta
1424 479 1664 533 traditam
1681 482 1744 533 de
1765 480 2231 534 communicatione

1236 552 1534 606 idiomatum
1571 554 1853 607 doctrinam
1886 554 2231 608 he'te'rodoxae
2299 551 2301 553 ’

1237 629 1369 679 baud
1412 635 1604 687 essent,
1648 630 1712 680 ab
1752 630 1874 698 ipsis
1915 636 2086 681 tamen
2146 629 2233 681 ab·

1234 704 1531 755 stinendum
1591 708 1667 755 est
1701 744 1714 764 ‚
1782 706 1823 754 si
1889 703 2232 756 excellentiae
2295 768 2301 773 Χ

1238 779 1361 829 tanti
1404 778 1633 845 mysterii
1656 778 1824 828 minus
1854 779 2131 829 convenire
2159 777 2231 829 vi·
2301 827 2304 830 ,

1234 851 1439 912 dentur,
1485 858 1574 902 aut
1617 851 1723 918 pias
1762 860 1913 903 aures
1971 851 2229 904 offendere

1236 932 1458 991 possent.
1506 926 1582 976 Ex
1642 924 1739 976 hac
1798 926 1975 993 utique
2032 925 2230 977 ratione

1234 1000 1455 1066 theologi
1472 998 1734 1050 Christum
1754 1010 1949 1051 servum
1969 998 2232 1069 appellare

1234 1080 1431 1126 vetant.
1448 1073 1830 1125 —Generatim
1856 1075 1921 1125 i’ta
1945 1073 2006 1124 de
2028 1071 2230 1125 Christo

1236 1147 1367 1217 loqui
1405 1154 1625 1215 oportet,
1670 1154 1726 1199 ut
1765 1149 1875 1199 eius
1915 1147 2136 1216 dignitas
2173 1163 2228 1198 0-

1232 1223 1522 1283 stendatur,
1591 1221 1816 1273 charitas
1882 1222 2225 1289 praedicetur,

1232 1304 1283 1349 et
1321 1297 1485 1365 gloria
1527 1302 1911 1364 promoveatur.

1622 1419 1660 1477 g
1712 1418 1852 1464 aaa.
1906 1454 1909 1455 γ

1275 1509 1492 1544 Humanitas
1516 1508 1649 1545 Christi
1675 1517 1750 1544 nou
1774 1513 1830 1543 est
1852 1508 1991 1552 ubique
2012 1505 2196 1552 praesen&

1303 1593 1607 1661 Eutychiani
1649 1593 1857 1645 unicam
1915 1593 1966 1644 in
2027 1591 2227 1645 Christo

1235 1676 1471 1719 naturam
1514 1669 1846 1719 admittentes
1904 1682 1970 1718 ex
2029 1666 2229 1719 duabus
2313 1699 2320 1702 -

1233 1743 1540 1810 permixtam
1581 1748 1630 1793 et
1671 1742 1958 1800 confusam,
2002 1751 2227 1793 commu-

1234 1818 1540 1868 nicationem
1589 1816 1891 1867 idiomatum
1955 1815 2111 1866 etiam
2174 1815 2227 1867 in
2304 1816 2325 1874 {1²

1230 1890 1470 1942 abstracto
1545 1890 1819 1942 admittere
1883 1889 2223 1955 cogebantur.
2320 1894 2327 1946 “,

1231 1964 1574 2027 Quamobrem
1618 1980 1718 2015 non
1747 1963 1913 2015 solum
1949 1962 2226 2016 dicendum
2302 1959 2332 2024 ἴ,

1231 2054 1341 2090 esse
1385 2039 1652 2105 putabant,
1695 2037 1829 2090 Deus
1868 2045 2031 2096 malua,
2050 2051 2227 2104 passus
2295 2031 2300 2035 ’

1229 2119 1271 2163 et
1300 2121 1527 2164 mortuus
1558 2121 1647 2171 est,
1673 2112 1759 2163 sed
1797 2112 1952 2163 etiam
1981 2110 2228 2164 Divinitas
2304 2119 2332 2166 ς·

1228 2195 1365 2247 nata,
1392 2203 1540 2254 passa
1567 2195 1609 2238 et
1637 2193 1834 2238 mortua
1874 2193 1967 2246 e‘st,·
1988 2184 2225 2237 humani·
2312 2207 2322 2217 ·

1232 2262 1322 2312 tati
1365 2276 1487 2314 vero
1528 2277 1557 2312 a
1618 2260 1888 2312 divinitate
1951 2259 2224 2327 absorptae
2305 2258 2325 2314 ’.

1231 2334 1383 2385 huius
1424 2350 1626 2403 quoque
1654 2333 1903 2386 attributa
1932 2338 2223 2401 competere
2308 2334 2322 2354 i

1230 2408 1552 2460 dictitabant.
1598 2408 1812 2460 Crassus
1852 2407 1935 2458 hic
1974 2422 2116 2458 error
2143 2423 2223 2459 re-

1228 2484 1505 2534 suscitatus
1571 2482 1664 2535 fuit
1729 2484 1861 2533 inter
1922 2479 2223 2532 Lullieranos

1229 2557 1489 2618 docenteS‚
1533 2556 1731 2625 aliquas
1770 2554 1951 2607 saltem
2005 2556 2220 2606 naturae

1227 2631 1431 2682 divinae
1471 2632 1808 2697 proprietates
1847 2630 1898 2680 in
1942 2628 2218 2680 humanam
2292 2687 2293 2690 ¹

1230 2719 1348 2756 vere
1388 2710 1438 2754 et
1481 2705 1681 2771 proprie
1741 2718 1851 2754 esse
1910 2702 2215 2764 transfusaS,
2285 2756 2291 2762 ,

1230 2778 1526 2829 nominatim
1561 2777 1903 2843 ubiquitatem,
1938 2791 2028 2827 seu
2061 2777 2239 2828 omni-·

1229 2852 1591 2920 praesentiam,
1635 2850 2039 2904 omniscientiam
2082 2856 2134 2901 et
2165 2865 2218 2902 o·
2284 2851 2290 2862 ”

1226 2926 1637 2993 mnipotentiam.
1686 2924 1739 2976 ln
1780 2923 2058 2976 absurdam
2086 2922 2218 2975 hanc
2283 2925 2294 2978 f

1225 3003 1531 3052 sententiam
1573 2998 1776 3050 deducti
1823 2998 2031 3049 fuerunt
2075 3011 2219 3048 occa-
2272 3007 2277 3044 ῖ

1224 3075 1365 3125 sione
1405 3073 1507 3125 litis
1545 3072 1995 3132 sacramentariae,
2062 3070 2214 3139 quam

1226 3147 1483 3199 habebant
1522 3162 1637 3198 cum
1666 3144 1987 3212 Zwinqlianis
2013 3149 2063 3195 et
2108 3141 2216 3194 Cal-

1225 3222 1456 3278 vinianis,
1489 3228 1668 3272 contra
1698 3235 1824 3288 quos
1853 3217 2041 3270 realem
2071 3215 2217 3269 Chri·
2248 3215 2289 3282 ,ζ

1225 3295 1288 3346 sti
1329 3296 1376 3345 in
1409 3293 1730 3346 Eucharistia
1763 3291 2103 3361 praesentiam
2127 3289 2215 3365 illa

1224 3369 1478 3420 sententia
1522 3367 1778 3419 mediante
1816 3364 2089 3417 defendere
2133 3379 2212 3429 sa7

1225 3442 1489 3508 tagebant.
1515 3439 1709 3494 Auctor
1740 3438 1932 3507 insulsi
1960 3438 2109 3490 huius
2133 3432 2226 3491 2⁴⁷}ss
2250 3451 2270 3502 'f

1223 3516 1353 3569 roris
1388 3515 1574 3568 merito
1613 3515 1799 3568 dicitur
1836 3513 1943 3583 ipse
1969 3511 2273 3587 ιαιΙισηιε),
