2332 3860
289 145 396 198 1136

214 259 386 314 quam
387 241 629 299 comedam
655 241 868 311 εηερὶνο,
903 248 949 293 ει
981 247 1214 308 tanquam

213 317 510 370 inundantes
528 332 704 386 aquae,
729 315 799 368 sic
837 312 1033 384 ruyitus
1054 331 1208 380 meus;
1236 350 1237 353 κ

211 395 335 461 quia
374 395 542 452 timor,
587 405 728 459 quem
769 389 1018 449 timebam,
1061 391 1213 442 evenit

211 466 357 529 milti,
398 474 442 518 et
481 465 608 535 quod
647 464 863 525 verebar,
894 456 1068 516 accidit
1108 461 1206 535 (t).

210 540 505 594 Generatim
546 540 597 592 in
635 537 730 602 Ss.
774 538 979 590 Litteris
1021 553 1120 589 non
1162 552 1213 589 e-

209 616 405 682 xigitur
433 656 445 675 ‚
491 620 548 666 ut
587 613 755 665 iustus
795 613 1003 664 omnino
1044 611 1212 663 insen-

207 689 368 753 sibilis
407 689 493 750 sit,
537 688 626 740 sed
668 687 832 739 solum
876 685 1207 757 praecipitur,

210 770 268 815 ut
305 779 489 824 sensus
530 762 734 822 rationi,
768 761 896 814 ratio
923 767 1096 812 autem
1129 776 1212 812 vo-

207 837 395 890 luntati
437 836 640 888 divinae
698 836 1019 886 subiiciatur.
1076 834 1209 903 Ergo

208 913 402 971 etiam,
447 911 568 962 dum
627 910 687 960 de
729 907 931 960 Christo
979 909 1203 960 dicitur:

207 985 324 1038 Non
374 985 467 1037 erit
517 984 692 1042 tristis,
736 998 821 1034 nec
867 981 1204 1043 turbulentia,

208 1076 310 1113 non
350 1059 513 1111 omnis
568 1057 804 1110 tristitiae
863 1063 953 1108 aut
1014 1057 1209 1109 timoris

207 1150 392 1187 sensus
432 1134 495 1185 ab
553 1132 660 1198 ipso
720 1130 1055 1190 excluditur,
1118 1134 1206 1183 sed

207 1209 374 1260 solum
416 1207 620 1259 tristitia
662 1211 713 1257 et
764 1205 1035 1271 trepidatio
1076 1206 1207 1257 inor-

207 1283 379 1334 dinata
411 1323 422 1341 ‚
465 1297 597 1350 quae
650 1280 899 1330 rationem
944 1281 1207 1344 praevenit

207 1364 259 1409 et
302 1356 460 1406 malos
501 1355 714 1406 effectus
757 1354 1031 1420 progignit.

281 1428 389 1482 obi.
423 1430 508 1481 2⁸
535 1428 680 1479 luxta
711 1442 1037 1479 communem
1070 1426 1208 1479 theo-

206 1505 443 1573 logorum
483 1503 791 1555 sententiam
821 1502 992 1554 anima
1022 1500 1205 1553 Christi

206 1581 270 1631 ab
311 1580 420 1646 ipso
475 1579 637 1646 primo
695 1592 821 1628 suae
862 1577 1208 1643 conceptionis

207 1653 415 1705 instanti
462 1653 609 1703 beata
652 1650 782 1711 fuit,
828 1658 1004 1719 utpote
1055 1650 1206 1701 intui-

207 1730 312 1780 tiva
342 1727 432 1779 Dei
463 1727 659 1777 visione
683 1724 880 1787 fruenS‚
913 1741 1043 1794 quae
1069 1740 1208 1775 sum-

207 1818 349 1855 mum
390 1801 634 1870 gaudium
667 1800 918 1866 producit3
952 1816 1073 1865 ergo
1107 1815 1204 1851 non

208 1878 374 1946 potuit
401 1891 514 1928 esse
555 1872 816 1925 doloribus
857 1881 909 1926 et
948 1873 1061 1925 aliis
1099 1890 1208 1940 pas·

207 1952 436 2004 sionibus
463 1948 812 2000 cruciantibus
834 1948 1076 2000 obnoxia.
1104 1947 1209 1999 Sic·

206 2033 265 2077 ut
303 2027 440 2077 enim
489 2039 622 2091 aqua
669 2038 767 2074 non
811 2028 974 2090 potest
1015 2037 1126 2074 esse
1145 2024 1208 2074 si-

209 2099 313 2153 mul
344 2097 508 2151 calida
539 2104 589 2147 et
619 2096 820 2163 frigida,
860 2098 930 2147 ita
958 2096 1113 2148 etiam
1155 2098 1203 2148 in

206 2160 379 2227 anima
418 2186 680 2224 summum
726 2171 970 2237 gaudium
1012 2178 1063 2222 et
1090 2187 1207 2223 cru-

207 2249 351 2301 cians
391 2246 618 2305 tristitia,
662 2245 851 2313 aliique
904 2245 1102 2297 dolores
1143 2248 1206 2297 si·

207 2323 313 2376 mul
344 2322 622 2374 consistere
645 2326 927 2388 nequeunt,
959 2335 1076 2372 cum
1105 2321 1207 2372 sint

207 2397 504 2449 affectiones
543 2395 832 2447 contrariae
877 2410 932 2446 se
986 2395 1207 2447 invicem

207 2470 565 2524 excludentes,

281 2545 421 2614 Hesp.
448 2541 734 2596 Difficultas
761 2541 888 2596 haec
916 2541 979 2594 ad
1008 2542 1208 2595 solven-

209 2619 332 2671 dum
373 2619 600 2671 maxime
639 2618 802 2670 ardua
855 2633 1058 2686 semper
1098 2618 1206 2670 visa

211 2701 288 2746 est
326 2693 597 2757 theologis,
641 2690 747 2744 Nec
788 2692 994 2743 mirum:
1040 2691 1208 2745 Incar-

215 2769 347 2820 natio
386 2770 573 2836 quippe
613 2765 767 2820 Verbi
809 2768 1096 2834 mysterium
1141 2774 1209 2818 est

214 2858 240 2894 a
278 2843 464 2894 saeculo
503 2841 858 2903 absconditum,
902 2840 1034 2909 quod
1066 2840 1206 2892 nulla

214 2915 438 2968 humana
481 2923 685 2977 mente,
731 2915 872 2968 nullo
913 2915 1116 2984 ingenio
1157 2915 1207 2966 in

214 2989 310 3042 hac
350 2990 549 3043 mortali
589 2991 695 3043 vita
731 2989 940 3059 pervadi
982 3005 1229 3059 unquam·

213 3079 274 3117 ac
313 3063 537 3131 perfecte
566 3065 821 3132 penetrari
851 3063 1054 3133 poterit.
1094 3063 1209 3116 Cei·-

213 3144 326 3190 tum
367 3144 460 3202 est,
489 3139 622 3205 quod
651 3140 863 3192 inferius
891 3138 1207 3204 ostendetur,

215 3211 439 3275 animam
481 3209 668 3265 Christi
716 3215 766 3266 in
827 3213 923 3266 hac
965 3219 1098 3267 terra
1139 3214 1210 3266 vi·

216 3284 386 3345 ventis
425 3285 663 3339 intuitiva
705 3287 794 3339 Dei
836 3288 1032 3341 visione
1071 3288 1210 3356 gavi-

218 3373 333 3417 sam*
356 3374 490 3423 esse3
522 3359 609 3411 sed
640 3363 830 3429 pariter
869 3370 1067 3416 certum
1108 3370 1205 3424 est,

219 3433 350 3503 quod
393 3433 548 3485 allata
601 3434 700 3487 iam
757 3446 1061 3505 argumenta
1101 3453 1211 3508 pro-

264 3536 316 3579 ω)
340 3534 417 3573 tob.
443 3535 475 3579 3,
500 3535 555 3572 24.

2195 0 2332 106 {l

2227 128 2234 133 ,

631 160 695 197 DE
733 160 828 197 DEO
865 159 1000 211 LAPSI
1041 157 1230 196 numm
1268 157 1499 202 GENERIS
1513 157 1855 205 REDEMPTORE.

1274 239 1460 301 bant,
1498 239 1749 309 animam
1785 237 1980 307 Christi
2032 200 2332 310 tristitia&⁴

1275 305 1499 385 aliisque
1511 301 1778 372 doloribus
1803 311 2089 381 obnoxiam
2098 313 2271 380 fuisse.
2291 319 2293 321 ’

1275 386 1404 444 Cum
1433 392 1607 441 autem
1634 389 1826 440 veritas
1854 387 2057 453 veritati
2086 390 2272 467 opponi

1277 478 1374 514 non
1419 463 1592 531 possit,
1619 465 1797 518 ambas
1830 466 2076 525 veritates
2101 477 2272 530 certas

1273 535 1547 588 admittere
1603 543 1656 590 et
1716 538 1927 592 credere
1985 539 2268 605 debemus.

1273 612 1508 679 quamvis
1522 602 1855 667 intrinSecum
1878 616 2162 670 earundem*
2183 633 2272 673 ne·

1276 700 1399 736 xum
1441 702 1540 738 non
1562 687 1951 755 perspiciamus3
1985 685 2104 742 nam
2132 691 2271 759 ignc-

1274 760 1440 812 rantia
1491 761 1626 813 modi
1687 776 1787 813 non
1827 761 1959 814 tollit
2004 766 2271 825 certitudi-

1275 848 1391 885 nem
1431 834 1568 886 facti.
1613 833 1823 887 Falsum
1851 843 2026 890 autem
2063 845 2159 905 est,
2194 841 2270 893 in·

1274 914 1350 959 ter
1390 909 1645 975 praefatas
1699 910 2065 976 propositiones
2121 930 2270 982 aper-

1272 988 1376 1032 tam
1417 983 1876 1035 contradictionem
1903 984 2143 1049 inveniri,
2175 1005 2267 1042 seu
2329 1039 2332 1040 γ

1271 1055 1504 1109 absolute
1545 1057 1858 1123 impossibile
1911 1074 2061 1122 esse,
2120 1069 2175 1115 ut
2212 1064 2266 1115 in

1272 1126 1450 1182 eadem
1502 1132 1672 1183 anima
1722 1148 1978 1185 summum
2020 1136 2267 1200 gaudium

1271 1205 1420 1255 simul
1457 1212 1507 1257 et
1536 1206 1738 1257 tristitia
1770 1209 2106 1274 reperiantur.
2137 1208 2266 1266 Con·

1273 1279 1505 1330 tradictio
1534 1280 1668 1330 enim
1694 1280 1917 1339 adesset,
1949 1284 1990 1333 si
2018 1284 2265 1348 gaudium

1271 1358 1322 1403 et
1362 1354 1563 1404 tristitia
1604 1355 1738 1404 circa
1767 1355 1901 1406 idem
1931 1356 2186 1409 obiectum
2214 1366 2267 1412 et

1271 1427 1522 1478 motivum
1547 1435 1899 1492 versarentur3
1928 1430 2068 1482 nulla
2089 1439 2266 1488 autem

1271 1501 1606 1552 contradictio
1646 1502 1811 1561 adest,
1843 1504 1883 1554 si
1914 1503 2116 1557 diversa
2144 1513 2268 1560 sunt

1271 1575 1466 1626 obiecta
1491 1582 1541 1626 et
1565 1576 1774 1643 motiva,
1804 1592 1863 1629 ex
1893 1579 2078 1646 quibus
2099 1579 2267 1634 dictae

1271 1648 1565 1700 affectiones
1594 1651 1643 1701 in
1671 1651 1842 1702 anima
1872 1653 2126 1707 oriuntur.
2181 1654 2266 1709 Sic

1272 1724 1404 1774 idem
1430 1724 1580 1775 homo
1594 1724 1772 1777 eodem
1798 1731 2024 1793 tempore
2040 1728 2102 1780 de
2125 1745 2267 1784 recu-

1274 1805 1453 1864 perata·
1476 1800 1696 1851 sanitate
1725 1816 2050 1869 summopere
2078 1805 2268 1870 gaude-

1274 1888 1342 1937 re,
1360 1879 1409 1922 et
1425 1872 1485 1924 de
1500 1873 1671 1924 ablata
1691 1874 1782 1925 sibi
1805 1876 2019 1942 pecunia
2044 1880 2268 1932 maxime

1271 1945 1443 1998 dolere
1484 1953 1665 2015 potest.
1711 1948 1874 2001 Simili
1917 1951 2098 2014 modo,
2143 1954 2266 2006 dum
2316 1998 2328 2003 ,

1270 2021 1471 2072 animae
1513 2020 1698 2073 Christi
1739 2024 1986 2089 gaudium
2025 2028 2297 2093 etvtristis

1271 2096 1338 2146 tia
1379 2095 1770 2156 adscribuntur,
1813 2100 2099 2159 contrariae
2138 2101 2266 2156 istae
2316 2094 2320 2114 ³

1271 2169 1564 2221 affectiones
1605 2186 1670 2221 ex
1710 2170 1926 2223 diversis
1966 2175 2177 2228 obiectis
2215 2182 2269 2229 et

1270 2244 1475 2295 motivis
1505 2252 1830 2312 repetuntur.
1864 2245 1994 2299 Nam
2019 2250 2266 2312 gaudium

1270 2318 1320 2369 in
1362 2316 1563 2370 Christo
1602 2318 1782 2371 habuit
1839 2337 1928 2388 pro
1978 2322 2176 2376 obiecto
2217 2329 2267 2378 et
2296 2363 2317 2379 .

1270 2392 1459 2444 motivo
1501 2408 1760 2445 summum
1819 2394 2034 2449 Bonum
2062 2413 2154 2464 per
2191 2398 2268 2451 vi·

1270 2470 1462 2519 sionem
1506 2484 1822 2534 possessum3
1868 2470 2102 2523 tristitiae
2142 2487 2265 2525 vero
2308 2479 2330 2534 ij.

1270 2548 1321 2592 et
1359 2541 1613 2593 obiectum
1667 2548 1719 2594 et
1777 2539 2024 2596 motivum
2074 2553 2262 2599 erant.
2307 2543 2332 2610 ‘J

1270 2615 1598 2682 supplicium,
1630 2616 1938 2682 ignominiae
1959 2620 2147 2680 cruciS‚
2173 2619 2266 2674 Dei
2311 2616 2332 2690 ,ἓξ

1269 2689 1492 2740 offensae
1518 2730 1531 2750 ‚
1575 2690 1723 2741 ruina
1764 2689 2069 2744 ludaeorum
2095 2734 2108 2754 ‚
2153 2709 2268 2763 per·
2306 2696 2332 2773 ζ

1270 2763 1391 2815 ditio
1440 2763 1778 2832 plurimorum
1841 2765 2107 2820 hominum
2159 2766 2325 2821 etms

1270 2837 1403 2890 Nihil
1469 2854 1590 2906 ergo
1653 2839 2034 2893 contradictorii
2086 2843 2293 2908 asseri-25

1271 2920 1371 2977 tur,
1401 2913 1522 2965 dum
1551 2914 1753 2967 animae
1790 2913 1976 2974 Christi
2003 2931 2266 2970 summum

1270 2987 1514 3054 gaudium
1555 2995 1606 3040 et
1647 2989 1873 3043 maxima
1913 2988 2065 3045 simul
2106 2991 2306 3044 tristi-³

1271 3063 1339 3114 tia
1381 3063 1791 3126 adscribuntur,
1852 3064 2094 3133 quoniam
2133 3065 2296 3119 istae¹

1269 3137 1564 3189 affectiones
1604 3154 1671 3190 ex
1709 3138 1933 3192 diversis
1950 3138 2176 3195 obiectis
2213 3140 2278 3193 et'

1272 3212 1473 3263 motivis
1527 3219 1849 3281 repetuntur.
1880 3238 1981 3259 --
1996 3210 2062 3264 ln
2116 3212 2286 3269 nobis·

1270 3286 1507 3355 equidem
1556 3288 1892 3354 contingeiffe
1903 3285 2073 3349 solet
2125 3279 2286 3357 quod}-

1271 3364 1519 3420 motivum
1592 3360 2061 3421 vehementissimi
2074 3361 2282 3430 garuni-t

1269 3454 1368 3490 non
1430 3437 1686 3507 ielinquat
1742 3436 2045 3491 naturaliter
2102 3435 2275 3507 ullam*>

1272 3510 1551 3566 efficaciam
1590 3514 1782 3566 motivo
1824 3512 2122 3576 tristitiae}
2128 3512 2279 3592 (aim¹
