2332 3860
0 0 83 147 ff
111 7 115 9 ’

2 172 5 173 ⁷
18 141 44 186 ἑ.

40 252 386 318 nemmem.
417 249 607 320 legitur
626 246 726 322 (l),
750 257 795 304 ει
831 266 928 304 non
965 257 1034 302 est

43 331 176 384 alius
192 332 386 398 praeter
409 340 541 378 eum.
566 324 668 377 lb.:
698 324 882 387 Videte,
906 323 1034 393 quod

3 420 130 472 ..090
164 402 259 455 sim
294 398 445 461 solus,
473 407 516 452 ει
544 415 640 451 non
659 399 877 452 sicanus
903 398 1034 452 Deus

42 485 235 545 praeter
245 489 318 526 me
333 470 431 543 (ᾖ).
450 471 588 526 Ρε.ἒ“;
602 471 724 536 Quis
740 473 871 534 Deus
891 489 1034 542 prae-

45 548 398 604 eeerominum
410 546 435 598 ἓ
458 555 544 599 aut
566 546 675 615 quis
689 546 820 600 Deus
836 556 1035 616 praeter

34 623 195 685 ‚Deum
215 621 463 674 nostrum?
485 619 582 693 (5).
610 621 822 689 Maynus
842 637 890 673 es
913 629 966 672 tu
992 628 1035 672 et

43 697 224 765 faciens
261 695 544 747 mirabilia:
568 702 621 747 tu
659 711 706 747 es
730 696 862 747 Deus
906 695 1036 746 solus

52 768 147 841 (lt).
184 768 333 838 Apud
359 768 428 822 ls.
469 767 544 839 (ὅ)
596 768 734 821 Deus
769 770 878 821 ait:
933 769 1035 834 Eyo

45 845 233 915 primus
268 852 312 895 et
351 843 667 904 novissimae,
692 850 735 894 et
761 842 937 910 absque
962 858 1035 893 me

49 934 142 971 non
178 924 246 969 est
283 916 435 969 DeuS.
479 916 550 969 10.
586 918 674 975 17,
707 916 763 979 5,
806 916 1036 968 Christus

48 992 111 1047 ad
150 990 351 1045 Patrem
397 1006 550 1043 suum
600 991 845 1059 loquitur:
905 990 1037 1043 Ηαεε

47 1074 114 1119 est
150 1072 311 1118 autem
350 1065 448 1118 vita
499 1073 718 1127 aeterna,
761 1074 816 1117 ut
865 1080 1038 1132 coquo·

27 1148 183 1193 ‘soant
223 1148 264 1192 te
289 1139 443 1191 sotum
480 1139 638 1192 Deum
678 1155 863 1192 verum.
907 1139 1039 1194 Pau·

47 1213 146 1266 lus:
176 1213 385 1274 ScimuS,
428 1214 554 1282 quod
580 1213 707 1265 nihil
745 1222 812 1266 est
850 1214 1036 1266 idolum

48 1289 100 1340 in
138 1288 338 1348 ηιαηάο,
382 1295 426 1339 et
444 1288 575 1355 quod
601 1288 770 1339 nultus
797 1296 863 1340 est
884 1287 1033 1347 Deus,

0 1416 3 1417 a
47 1362 146 1414 nisi
170 1377 298 1414 unus
339 1357 435 1431 (6).
485 1360 623 1414 Unus
655 1361 786 1414 Deus
824 1370 867 1413 et
894 1361 1039 1414 Pater

47 1438 288 1496 omnium,
332 1436 419 1503 qui
456 1442 523 1487 est
561 1452 705 1504 supe-r
752 1451 914 1488 omnes
939 1477 952 1498 ,
995 1443 1039 1488 et

46 1524 135 1578 per
172 1509 337 1561 omnia
375 1516 419 1560 ει
445 1509 499 1560 in
525 1509 745 1562 omnibus
783 1510 920 1563 nobis
942 1508 1037 1581 (7).

122 1583 176 1634 2.
248 1582 328 1634 Em
391 1583 669 1636 traditione.
724 1584 921 1652 Dogma
978 1584 1040 1636 de

54 1655 252 1709 unitate
310 1655 400 1707 Dei
429 1657 493 1707 *in
553 1657 782 1710 Ecclesia
838 1674 1041 1725 semper

53 1736 295 1798 tanquam
312 1731 583 1797 primarius
598 1732 716 1783 fidei
732 1731 1041 1784 christianae

54 1804 304 1855 articulus
361 1804 713 1857 consideratus
768 1805 882 1858 fuit.
923 1805 1041 1858 ldeo

52 1875 397 1929 Tertullianus
438 1875 512 1948 (8)
568 1878 720 1931 dicit:
773 1899 798 1927 «
844 1879 1037 1946 Regula

50 1950 166 2003 fidei
207 1966 308 2002 una
347 1952 554 2003 omnino
581 1961 680 2013 est,
714 1952 822 2006 sola
862 1955 1044 2005 immo-

51 2025 167 2078 bilis
206 2031 258 2076 et
312 2025 735 2087 irreformabiliS,
798 2029 1039 2080 credendi

50 2098 253 2150 scilicet¹
282 2099 332 2149 in
376 2101 585 2152 unicum
634 2095 837 2153 Patrem
879 2103 1041 2154 omni·

53 2178 331 2240 potentem.
382 2192 404 2222 »
449 2172 678 2243 Origenes
718 2174 814 2245 (9):
864 2196 890 2226 «
923 2176 1045 2244 Spe-

53 2246 156 2298 cies
195 2262 392 2306 eorum,
425 2264 556 2315 quae
586 2265 674 2316 per
709 2250 1044 2316 praedicatio-

53 2335 170 2372 nem
193 2320 525 2387 apostolicam
547 2323 814 2376 manifeste
834 2325 1044 2377 tradun-

54 2399 158 2454 tur,
199 2393 328 2446 istac
367 2402 507 2447 sunt:
539 2397 720 2464 primo,
752 2399 884 2465 quod
910 2415 1044 2451 unus

56 2475 133 2519 est
159 2466 314 2520 Deus,
352 2488 376 2517 »
401 2468 453 2522 S.
478 2469 710 2524 Irenaeus
738 2469 874 2542 (10):
905 2472 1046 2525 Chri·

55 2541 247 2594 stianos
258 2541 498 2596 describit
519 2547 602 2613 qui
631 2552 794 2598 sunt«
813 2548 864 2598 in
886 2563 1046 2604 unum

57 2612 222 2667 Deum
242 2615 568 2671 credentes.»
613 2619 757 2672 Hanc
770 2621 923 2674 fidem
950 2621 1045 2673 Ec-

56 2687 211 2741 clesia
251 2690 302 2740 in
343 2692 589 2759 symbolis
639 2694 925 2762 profitetur.
989 2695 1046 2747 ln

57 2759 397 2815 Nic-CPtano:
430 2763 584 2818 Credo
610 2768 664 2819 in
691 2785 844 2820 unum
869 2769 1047 2822 Deum:

60 2833 113 2885 in
152 2835 373 2892 Athana
406 2837 547 2890 Fides
597 2849 757 2893 autem
815 2843 1047 2895 catholica

62 2906 173 2961 haec
210 2917 297 2970 est,
327 2918 381 2964 ut
421 2927 576 2964 urium
604 2913 762 2966 Deum
785 2916 838 2967 in
880 2916 1046 2975 Trini-

63 2987 184 3042 ιαιε,
226 2991 270 3034 ει
330 2984 619 3038 Trinitatem
658 2987 711 3039 in
750 2990 936 3042 unitate
974 3007 1050 3043 ve-

63 3069 309 3129 neremur:
353 3059 404 3110 in
441 3058 679 3113 Lateran.
726 3061 813 3115 lV:
860 3063 1050 3116 Firmi·

37 3133 134 3204 ‘tor
168 3131 409 3184 credimus
433 3173 446 3193 ,
494 3143 538 3186 et
585 3135 870 3202 simpliciter
906 3139 1049 3208 confi-

65 3207 248 3265 temur,
290 3207 416 3273 quod
455 3223 588 3261 unus
624 3209 753 3262 solus
806 3218 874 3263 est
912 3227 1050 3266 veras

662 170 782 208 PARS
818 170 855 206 1.
899 167 1067 207 secvlo
1103 169 1140 208 Ι.
1183 169 1335 207 meur
1370 168 1442 207 111.

1900 154 2000 209 {M

1093 249 1242 304 Deus.
1285 248 1390 304 SS:
1420 247 1599 303 Patres
1626 247 1933 312 nouaclum..
1962 265 2081 304 ean-

1094 324 1211 378 dem
1250 324 1406 378 fidem
1443 323 1634 394 ubique
1681 322 1893 392 professi
1938 331 2081 385 sunt,

1093 399 1184 451 sed
1222 400 1380 453 etiam
1418 397 1820 467 polytheismum
1849 396 2084 455 *ethnico-

1095 489 1210 525 rum
1259 480 1312 527 et
1357 472 1670 528 dualismum
1708 471 2086 532 haereticorum

1095 548 1346 600 acerrime
1384 547 1778 614 impugnarunt3
1823 551 1876 598 et
1913 560 2087 614 quam-

1095 622 1175 673 vis
1214 628 1317 674 tres
1370 636 1617 688 personas
1667 620 1873 672 divinas
1911 617 2086 690 crede·

1096 702 1243 756 rent,
1299 711 1458 747 unam
1508 699 1681 747 tamen
1735 694 1966 749 divinam>
2007 707 2087 745 es-

1096 769 1318 822 sentiam
1411 769 1827 822 constantissime
1905 782 2088 836 propu-

1095 850 1343 912 gnarunt,
1388 850 1445 895 ut
1471 843 1686 895 inferius
1724 841 2046 895 ostendetur.

1171 917 1222 969 5.
1254 916 1338 970 Εω
1375 918 1591 970 ratione.
1636 915 1686 987 a)
1716 916 2003 969 Existentia
2031 931 2090 967 u·

1098 991 1215 1043 nius
1252 990 1350 1043 Dei
1385 991 1559 1043 solidis
1609 991 1932 1058 argumentis
1983 1005 2092 1058 pro-

1099 1066 1215 1119 bata
1240 1064 1459 1136 est(M):
1481 1066 1759 1118 existentia
1788 1073 1962 1118 autem
1981 1063 2094 1132 plu·

1099 1142 1230 1191 rium
1271 1138 1497 1192 Deorum
1538 1140 1739 1206 probari
1782 1155 1881 1192 non
1925 1143 2091 1207 potest

1098 1230 1126 1265 a
1162 1214 1336 1280 priori,
1378 1215 1499 1283 quia
1541 1214 1644 1276 Deo
1687 1213 1757 1265 nii
1800 1214 1941 1281 prius
1980 1219 2090 1272 est,

1102 1302 1196 1339 nec
1234 1302 1265 1339 a
1306 1289 1595 1356 posteriori,
1640 1288 1760 1356 quia
1800 1302 1981 1340 omnes
2022 1286 2092 1338 ef·

1100 1362 1264 1414 fectus
1305 1378 1396 1431 per
1453 1378 1615 1414 unum
1662 1362 1826 1414 Deum
1880 1363 2091 1413 immen-

1100 1451 1214 1489 sum
1255 1443 1307 1488 et
1333 1437 1741 1505 omnipotentem
1767 1436 1892 1489 sati-s
1931 1434 2096 1504 expli-

1101 1516 1322 1563 cantur:
1366 1511 1496 1563 haec
1535 1527 1657 1579 ergo
1699 1512 1811 1563 iure
1850 1516 2093 1578 negatur.

1102 1585 1147 1654 b)
1207 1583 1374 1637 Deum
1433 1586 1722 1638 necessario
1775 1584 2098 1651 concipimus

1104 1665 1159 1710 ut
1198 1673 1290 1711 ens
1332 1659 1529 1711 infinite
1560 1660 1864 1726 perfectum.
1908 1658 2007 1711 Sed
2048 1674 2100 1710 o-

1104 1732 1279 1785 mnino
1320 1733 1636 1800 impossibile
1669 1740 1767 1795 est,
1811 1733 1922 1785 dari
1951 1731 2098 1800 plura

1103 1807 1241 1858 entia
1283 1807 1479 1859 infinite
1520 1807 1765 1874 perfecta3
1797 1822 1918 1860 nam
1943 1807 1984 1858 si
2013 1820 2096 1858 ΒΧ.

1102 1896 1181 1947 gr.
1238 1879 1338 1932 duo
1396 1888 1791 1942 statuerentur,
1853 1888 2099 1932 neutrum

1103 1960 1240 2006 esset
1279 1954 1478 2006 infinite
1519 1955 1802 2022 perfectum
1830 1996 1843 2018 ,
1886 1969 2006 2023 quia
2047 1969 2100 2005 u-

1105 2034 1345 2096 trumque
1415 2030 1817 2097 perfectionibus
1882 2028 2100 2081 alterius

1104 2110 1323 2155 careret.
1368 2101 1412 2174 c)
1443 2103 1593 2156 quta
1621 2105 1855 2156 omnium
1881 2117 2101 2155 consen-

1104 2192 1217 2228 sum
1259 2184 1311 2229 et
1351 2185 1524 2230 rectae
1566 2180 1786 2231 rationis
1816 2179 2096 2239 dictamen,

1106 2250 1244 2303 Deus
1283 2258 1361 2303 est
1388 2268 1481 2304 cns
1518 2268 1801 2315 summum,
1840 2251 2103 2305 excelleu-

1108 2325 1363 2376 tissimum
1402 2342 1464 2378 ac
1519 2342 1792 2394 supremus
1831 2341 2006 2379 rerum
2046 2342 2100 2378 c·

1107 2400 1305 2450 mnium
1345 2399 1615 2452 Dominus,
1648 2400 1802 2469 Atqui
1842 2400 1988 2468 plura
2017 2416 2103 2453 en·

1108 2474 1177 2524 tia
1218 2489 1421 2525 summa
1461 2481 1512 2526 et
1551 2475 2011 2534 excellentissima,
2042 2490 2103 2525 ac

1110 2545 1282 2613 plures
1309 2549 1535 2616 supremi
1559 2563 1732 2600 rerum
1754 2549 1983 2601 omnium
2006 2547 2104 2600 Do-

1108 2622 1233 2672 mini
1263 2622 1372 2674 dari
1397 2638 1498 2674 non
1527 2629 1759 2690 possunt:
1788 2638 1908 2675 nam
1935 2623 1978 2674 si
2007 2623 2104 2674 ista

1108 2697 1245 2748 entia
1287 2697 1420 2748 inter
1448 2712 1503 2748 se
1538 2696 1774 2765 aequalia
1813 2702 2104 2749 statueren-

1111 2776 1213 2832 tur,
1244 2770 1447 2822 nullum
1475 2778 1614 2823 esset
1642 2787 1736 2823 ens
1763 2786 2023 2823 summum
2053 2777 2105 2823 et

1109 2844 1630 2906 excellentissimum,
1655 2844 1860 2897 nullum
1874 2845 1969 2898 dici
1995 2861 2103 2914 pos·

1109 2924 1188 2971 set
1214 2934 1487 2987 supremus
1528 2935 1704 2971 rerum
1741 2921 1973 2977 omnium
2006 2919 2106 2972 Do-

1112 2994 1301 3052 minus,
1346 3000 1397 3045 et
1424 2994 1538 3045 ideo
1567 2993 1742 3045 nulius
1780 3002 1918 3047 esset
1947 2994 2102 3047 Deus,

1110 3066 1163 3118 Si
1190 3075 1364 3118 autem
1392 3067 1481 3119 iiia
1509 3067 1648 3118 entia
1687 3067 1976 3137 inaequalia
2006 3075 2107 3121 sta·

1115 3148 1400 3202 tuerentur,
1428 3140 1555 3192 iliud
1575 3139 1762 3203 solum,
1787 3141 1922 3211 quod
1950 3157 2106 3211 super

1112 3220 1341 3267 caeteros
1363 3215 1574 3277 eminet,
1605 3214 1745 3269 Deus
1765 3223 1864 3280 est,
1896 3223 2103 3271 caetera

1155 3312 1206 3357 (6)
1230 3315 1247 3346 1
1269 3315 1352 3349 Cor.
1375 3313 1410 3356 8,
1435 3314 1469 3349 4.

1155 3358 1207 3401 (7)
1234 3359 1361 3400 Ephes.
1383 3359 1416 3401 4,
1442 3358 1472 3393 5.

1157 3401 1206 3445 (8)
1235 3403 1283 3435 De
1308 3403 1448 3437 veland.
1475 3402 1570 3446 virg.
1586 3413 1620 3439 c.
1647 3403 1680 3440 1.

1171 3445 1207 3488 9)
1237 3448 1284 3479 De
1307 3446 1426 3488 princ.
1451 3447 1475 3482 Ι.
1503 3446 1536 3485 1,
1562 3448 1672 3490 praet.
1698 3458 1735 3483 n.
1764 3448 1796 3485 t„

1157 3489 1229 3532 (10)
1257 3490 1294 3523 1,.
1320 3489 1355 3531 3,
1379 3498 1414 3524 c.
1434 3490 1468 3531 4,
1495 3500 1530 3525 n.
1556 3491 1590 3526 2.
1776 3507 1778 3509 >
1865 3492 1878 3505 ’·

1155 3533 1230 3575 (11)
1255 3534 1320 3568 Tu.
1347 3542 1432 3576 gen.
1457 3533 1483 3579 ἓ
1508 3535 1565 3578 27,
1586 3540 1657 3571 etc.
