2332 3860
456 214 458 216 .
677 143 805 217 ‘rins
839 175 915 212 m.
957 169 1122 212 suerio
1158 169 1212 208 ιι.
1254 166 1408 205 carm·
1444 168 1551 206 iu..
1596 200 1598 202 ,

117 267 170 324 S.
211 235 514 335 Auqoisu‘nus
551 260 602 314 in
639 256 728 312 illa
768 256 946 309 verbaz
990 251 1101 308 Vir·
1152 278 1155 280 ·

117 356 228 413 qam
249 337 457 398 ,virtutis
497 343 610 390 tuae
647 331 826 386 emittet
862 330 1100 384 Dominus

117 431 179 472 ex
213 413 352 475 Sion,
383 410 632 465 dominare
658 410 711 460 in
750 405 903 459 medio
934 406 1101 457 inimi·

71 492 82 501 ’
117 503 283 546 corum
323 495 519 540 tuor-um
551 479 649 555 (1),
698 481 808 534 ait:
844 501 868 530 «
906 479 970 532 Et
1008 478 1101 548 ipsi

121 563 307 632 quippe
355 560 579 614 fatentur
616 555 828 618 inimici,
870 570 937 607 ex
981 551 1100 606 Sion

119 637 330 689 missam
406 633 560 686 fuisse
632 630 797 698 legem
874 627 1102 692 Christi,

119 709 251 780 quod
291 706 628 775 Evangelium
683 720 775 756 nos
820 717 1099 763 vocamuS,

120 792 171 838 et
209 799 323 838 eam
345 782 543 849 virgam
578 779 782 832 virtutis
820 777 930 830 eius
952 792 1106 845 agno-

121 859 311 911 scimus
358 854 455 925 (2).
512 875 539 905 »
599 853 652 906 S.
705 849 972 921 Greqorias
1031 850 1104 903 M.

120 931 308 986 Homil.
370 931 439 981 5⁶2
507 930 557 980 in
613 926 954 994 Evangelium
1015 924 1106 977 ha-

119 1007 244 1060 bet:
280 1025 306 1054 «
337 1003 462 1068 Quia
502 1002 752 1056 Dominus
783 1016 844 1053 ac
890 998 1106 1052 Redem-

120 1088 234 1151 ptor
272 1086 445 1132 noster
484 1093 648 1130 novus
688 1076 837 1129 homo
875 1074 1018 1127 venit
1056 1074 1105 1124 in

120 1153 389 1214 mundum,
452 1168 583 1204 nova
643 1156 914 1220 praecepta
971 1147 1109 1199 dedit

120 1224 331 1283 mundo,
366 1247 392 1276 »
423 1225 698 1279 Concilium
722 1225 941 1277 Tridem.
974 1222 1107 1275 SesS.

121 1303 210 1364 Vl,
255 1318 371 1355 can.
417 1301 506 1360 49,
551 1299 746 1353 definit:
791 1298 851 1351 Si
889 1299 998 1366 quis
1036 1298 1111 1349 di-

121 1377 272 1439 aeerit,
316 1375 444 1428 nihil
475 1383 782 1444 praeceptum
820 1388 916 1424 esse
956 1373 1008 1425 in
1048 1371 1112 1422 Ε-

124 1450 334 1519 vanqelio
370 1457 562 1518 praeter
599 1450 758 1518 fidem,
804 1455 989 1499 caetera
1014 1462 1111 1499 esse

123 1526 476 1595 indifferentia,
519 1539 670 1591 neque
703 1529 978 1591 praecepta,
1030 1537 1110 1574 ne·

124 1616 214 1669 que
248 1598 514 1668 prohibita,
545 1598 626 1649 sed
646 1597 827 1660 libera3
852 1603 937 1648 aul
953 1597 1112 1648 decem

123 1681 374 1742 praecepta
412 1671 539 1724 nihil
575 1672 819 1736 pertinere
872 1671 936 1723 ad
986 1670 1113 1723 chri-

126 1750 336 1808 stianos,
379 1746 637 1798 aiiotlzema
674 1746 754 1797 sic.
800 1745 863 1797 Et
889 1761 1005 1798 can.
1043 1745 1105 1796 21

126 1822 305 1874 addit:
347 1819 400 1873 Si
450 1821 560 1889 quis
600 1821 814 1878 dixerit,
858 1817 1110 1871 Christum

127 1898 282 1949 Iesum
304 1912 334 1947 a
354 1894 452 1946 Deo
480 1895 752 1947 hominibus
778 1894 944 1946 dacum
963 1896 1113 1961 fuisse
1157 1901 1159 1905 ’

127 1979 178 2022 ut
228 1969 602 2037 Redemptorem‚
652 1969 731 2020 cui
787 1969 957 2038 fidant,
1018 1986 1111 2021 non

129 2047 268 2096 etiam
309 2051 362 2095 ut
402 2043 738 2110 leqislatorein,
770 2043 1109 2106 cuiobediam,

130 2118 382 2170 anathema
402 2119 562 2171 sit.-—
581 2118 785 2186 Absque
815 2117 965 2170 dubio
992 2134 1114 2185 ergo

130 2193 244 2245 fidei
284 2192 468 2259 dogma
506 2198 602 2253 est,
644 2191 901 2244 Christum
937 2208 1112 2245 verum

131 2265 470 2334 legislatorem
512 2282 642 2327 esse,
686 2273 736 2318 et
764 2269 813 2318 in
838 2266 1114 2336 Evangelio

132 2357 290 2393 novae
320 2340 446 2407 legis
475 2342 720 2392 rationem
752 2340 944 2393 baberi.

201 2414 331 2467 Nota
374 2415 423 2466 l.
468 2414 561 2478 Qui
605 2415 737 2467 inter
778 2420 1115 2483 protestantes

134 2488 468 2556 Evangelium
511 2505 686 2542 veram
707 2490 872 2557 legem
901 2506 1011 2542 esse
1034 2507 1117 2543 ne-

134 2570 338 2631 garunt,
383 2580 471 2631 pro
513 2580 652 2615 more
708 2580 800 2616 suo
857 2565 1117 2617 nonnullis

135 2638 321 2690 Sacrae
357 2637 651 2706 Scripturae
691 2637 814 2690 loeis
841 2639 1118 2692 abuteban-

136 2719 234 2780 tur,
279 2718 334 2763 ut
353 2728 580 2766 errorem
597 2729 748 2765 suum
770 2713 1116 2767 defenderent.

137 2785 229 2839 Sed
271 2785 419 2839 facile
458 2793 536 2840 est
595 2803 773 2840 eorum
810 2788 1119 2842 obiectiones

137 2859 386 2914 refellere.

209 2933 316 2987 obi.
358 2934 438 2986 1.·
481 2931 657 2987 loann.
691 2935 731 2994 1,
772 2935 867 2998 17,
909 2935 1116 3003 legitur:

135 3008 239 3061 Lem
275 3024 365 3077 per
409 3008 606 3078 Moysen
646 3009 758 3062 data
810 3017 876 3062 est
897 3029 918 3072 ,·
962 3012 1122 3080 qratia

137 3091 180 3135 et
219 3084 394 3135 veritas
429 3098 516 3151 per
553 3083 713 3136 Iesum
764 3084 1012 3137 Christum
1053 3087 1124 3154 fa·

138 3152 211 3208 'cta
249 3165 334 3209 est.
379 3155 527 3210 Solus
568 3173 688 3226 ergo
730 3158 927 3228 Moyses
960 3161 1124 3230 legem
1168 3188 1174 3194 ·

140 3230 304 3295 dedit3
327 3230 560 3285 Christus
581 3248 702 3285 vero
732 3233 928 3287 nullam
957 3235 1122 3302 legem

140 3303 277 3366 tulit,
319 3305 407 3358 sed
447 3305 611 3358 solum
650 3308 867 3375 gratiam
908 3315 959 3362 et
992 3311 1125 3362 veri-

141 3384 320 3440 tatem,
362 3395 452 3431 seu
492 3396 666 3434 veram
707 3382 990 3437 doctrinam
1012 3385 1127 3438 sub-

142 3452 468 3507 ministravit.

1195 13 1204 42 5

1965 148 2086 203 377*

1235 249 1387 317 Resp.
1430 246 1488 301 ln
1528 247 1684 303 citato
1721 245 1833 302 loeo
1859 246 2153 319 dicitur,le3

1161 340 1407 396 gemfper
1445 321 1677 392 Moysen,
1721 339 1824 378 non
1862 333 2033 381 autem
2066 341 2156 396 per

1161 401 1318 456 solum
1355 396 1567 467 Moysen
1607 397 1782 451 datam
1822 414 1973 466 esse3
2017 401 2157 456 Chri-

1163 483 1273 528 stus
1313 489 1436 541 ergo
1462 478 1533 524 ’ut
1560 471 1822 538 legislator
1850 490 1950 528 non
1979 477 2154 530 exclu-

1164 550 1319 602 ditur.
1364 546 1685 615 Comparatio
1723 547 1788 600 ab
1828 549 2156 623 Evangelista

1166 624 1397 677 instituta
1437 621 1710 691 qualitates
1751 630 1858 676 tum
1899 626 2158 696 legislato-

1166 700 1235 751 ris
1275 705 1382 750 tum
1425 697 1553 766 legis
1592 698 1815 767 respicit.
1859 700 2060 772 Moyses
2107 721 2159 758 e-

1167 774 1293 834 nim,
1360 777 1418 824 ut
1455 773 1526 824 ait
1584 771 1643 826 S.
1705 770 2008 843 Auqustinus
2055 776 2155 850 (5):

1171 846 1419 900 «Servus
1459 848 1743 902 secundum
1785 849 1951 918 legem
2005 869 2160 921 agere

1170 928 1356 991 potest,
1400 921 1599 975 solvere
1638 939 1670 975 a
1708 929 1853 976 reatu
1895 925 2022 995 legis
2061 943 2161 982 non

1171 1003 1352 1066 potest.
1391 995 1682 1050 »Christus
1735 1014 1858 1052 vero
1916 1008 1967 1054 et
2022 1001 2162 1070 leges

1170 1073 1452 1139 imponere,
1496 1077 1548 1124 et
1580 1088 1609 1124 a
1637 1079 1780 1125 reatu
1810 1073 1936 1143 legis
1962 1076 2162 1131 solvere

1172 1152 1354 1214 potest.
1392 1145 1545 1199 Porro
1565 1146 1767 1217 Moyses
1794 1150 2035 1203 mandata
2056 1154 2165 1222 qui-

1171 1221 1287 1272 dem
1326 1220 1501 1273 divina
1541 1238 1842 1290 proponere,
1888 1225 1995 1278 'sed
2048 1243 2164 1295 gra-

1173 1297 1293 1347 tiam
1335 1295 1399 1346 ad
1441 1294 1527 1347 illa
1567 1296 1885 1350 observanda
1933 1300 2166 1355 conferre

1172 1386 1271 1422 non
1302 1369 1482 1422 valuit.
1510 1368 1740 1424 Christus
1763 1380 1935 1427 autem
1962 1382 2162 1430 utrum·

1173 1461 1269 1513 que
1312 1446 1580 1511 praestitit.
1639 1445 1691 1497 ln
1753 1446 1865 1514 lege
1923 1450 2165 1505 videlicet

1173 1521 1395 1571 mosaica
1423 1520 1641 1572 obtinuit
1671 1522 1823 1590 rigor,
1847 1539 2011 1593 neque
2058 1533 2163 1580 tam

1175 1594 1466 1647 luculentae
1506 1602 1654 1647 erant
1676 1598 2054 1664 promissioneS,
2076 1616 2166 1653 ne·

1174 1684 1271 1737 que
1311 1675 1453 1721 tanta
1504 1670 1788 1736 gratiarum
1843 1675 2007 1741 copia.
2069 1675 2166 1728 Per

1174 1743 1511 1809 Evangelium
1566 1744 1795 1798 ablatum
1855 1753 1932 1799 est
1988 1750 2166 1818 iugum

1176 1825 1279 1870 vet.
1315 1818 1442 1886 legis
1468 1860 1480 1879 ‚
1524 1820 1772 1887 promissa
1838 1831 2167 1877 accesserunt

1175 1892 1389 1944 clariora
1447 1900 1497 1945 et
1555 1894 1840 1961 ampliora,
1903 1899 2166 1967 maiorque

1174 1968 1453 2034 gratiarum
1497 1968 1789 2031 multitudo,
1833 1970 2041 2041 hocque'
2087 1989 2165 2025 re-

1175 2049 1350 2110 spectu
1380 2042 1718 2111 Evangelium
1740 2053 1954 2098 vocatur
1979 2048 2161 2115 qratia,

1175 2118 1547 2186 opponiturque
1566 2118 1684 2185 legi,
1709 2134 1806 2170 non
1836 2128 2089 2189 quatenus
2111 2123 2165 2174 li-

1177 2192 1376 2244 beraret
1391 2193 1454 2244 ab
1466 2193 1773 2259 obligatione
1789 2195 1987 2247 colendi
2000 2196 2163 2248 Deum

1176 2267 1515 2335 servandique
1557 2275 1846 2336 praecepta,
1890 2270 1979 2321 sed
2043 2286 2165 2340 qua-

1177 2348 1324 2393 tenus
1365 2342 1581 2409 rigorem
1634 2343 1859 2395 sustulit.
1904 2343 2032 2406 Quin
2063 2346 2164 2397 imo

1178 2418 1226 2467 in
1267 2422 1412 2467 textu
1453 2418 1605 2468 citato
1645 2417 1780 2469 haud
1827 2419 2041 2471 obscure
2088 2421 2164 2471 in-

1179 2491 1442 2556 digitatum
1485 2491 1822 2558 Evangelium
1865 2509 2040 2545 veram
2097 2493 2167 2546 le-

1178 2580 1294 2634 gem
1334 2581 1443 2617 esse
1484 2567 1724 2635 quoniam
1764 2568 1937 2619 veritas
1993 2567 2167 2636 appel-

1182 2641 1343 2703 latur3
1387 2641 1437 2691 in
1481 2642 1587 2708 ipso
1627 2657 1749 2709 ergo
1790 2642 1839 2692 id
1897 2642 2166 2710 impletum

1182 2715 1306 2775 fuit,
1374 2715 1508 2783 quod
1567 2731 1656 2783 per
1715 2715 1879 2782 legem
1937 2723 2167 2769 veterem

1183 2789 1583 2857 praefiguratum
1624 2796 1718 2842 est.
1754 2789 1861 2842 Non
1891 2797 2062 2859 posset
2077 2807 2167 2844 au-

1185 2871 1283 2916 tem
1324 2864 1662 2932 Evangelium
1702 2866 1875 2916 veritas
1931 2864 2050 2928 dici,
2114 2866 2197 2925 in,

1182 2955 1280 3008 qua
1321 2940 1503 3005 figura,
1546 2955 1727 3007 nempe
1767 2939 1853 2991 lex
1893 2943 2040 2992 vetu's
2079 2941 2170 2992 im-

1185 3014 1316 3082 pleta
1356 3015 1440 3073 sit,
1485 3015 1577 3064 nisi
1619 3014 1778 3079 ipsam
1833 3030 2032 3084 quoque
2090 3031 2168 3067 ra-

1185 3090 1373 3141 tionem
1413 3087 1540 3153 legis
1579 3087 1806 3140 haberet.

1258 3161 1450 3215 Obi.<³‚‘.⁸
1473 3162 1660 3213 Paulus
1682 3162 1820 3214 clare
1842 3162 2008 3223 docet,
2034 3161 2168 3214 chri-

1185 3237 1374 3288 stianos
1415 3235 1509 3302 legi
1555 3251 1654 3287 non
1711 3252 1822 3289 esse
1875 3238 2166 3299 subiectos3

1190 3327 1305 3363 nam
1345 3310 1408 3362 ad
1451 3310 1596 3362 Rom.
1629 3311 1878 3374 scribenS‚
1922 3313 2012 3363 ait:
2058 3309 2169 3361 Non

1186 3385 1297 3437 estis
1323 3384 1410 3436 sub
1432 3384 1546 3453 Iope,
1579 3383 1661 3436 sed
1681 3385 1767 3438 sub
1791 3386 1962 3455 qratia
1989 3383 2087 3455 (li);
2107 3383 2171 3436 ad

1235 3516 1283 3560 (3)
1308 3518 1423 3552 Tract.
1439 3517 1459 3553 3
1482 3518 1518 3552 in
1542 3518 1640 3555 Ioan.
1668 3529 1703 3553 n.
1730 3519 1782 3556 16.

185 3552 236 3598 (ιὲ
263 3554 317 3589 ps.
337 3553 415 3591 1⁰9.
473 3535 529 3600 ’(2)
554 3557 630 3592 Lib.
644 3557 687 3593 ιτ
710 3559 755 3595 ue
776 3559 852 3596 civ.
879 3561 944 3595 Dei
964 3570 1043 3605 cap.
1070 3561 1127 3597 ιτ.
1232 3563 1282 3605 (4)
1308 3564 1390 3604 cap.
1417 3563 1450 3602 e.
1478 3563 1527 3599 ιι

262 3640 408 3690 Kriou,
441 3641 586 3685 Tlteoc.
615 3645 773 3690 Doom.
800 3665 855 3674 --
882 3647 973 3688 Vol.
1003 3647 1039 3688 ἱ..

1999 3643 2053 3682 ’37
