2332 3860
173 180 283 234 580

104 285 156 333 et
194 275 427 330 Pastores
467 275 816 329 admittuntur
839 316 853 337 ,
915 275 1004 328 sed
1045 275 1094 327 in

104 349 383 407 eorundem
404 349 726 402 institutione
747 349 884 403 illius
900 366 953 402 sa
962 350 1099 418 pien-
1158 382 1190 419 1¹
1209 384 1262 419 D„
1279 383 1490 427 magisterio
1503 386 1714 423 authentico
1732 387 1772 423 in
1787 387 1945 426 mm·

104 426 174 480 tia
213 431 266 478 et
306 425 508 477 bonitas
546 424 771 477 maxime
811 425 998 476 elucet.
1030 422 1099 477 Ut

103 501 240 553 enim
264 499 497 552 homines
517 498 971 552 saluberrimorum
1005 497 1100 550 Re-

105 573 411 643 demptionis
485 573 747 626 fructuum
825 573 1098 642 participes

104 649 423 714 reddantur,
466 654 519 700 et
557 647 878 717 spiritualem
916 663 977 699 ac
1015 663 1099 699 ae·

105 730 307 776 ternam
347 721 646 775 felicitatem
686 727 1094 791 consequantur,

105 814 207 851 non
246 796 411 851 solum
454 804 645 849 rectam
687 796 842 849 fidem
880 797 931 848 in
979 796 1101 863 dog-

105 879 246 925 mata
287 872 515 924 revelata
555 872 855 939 concipere,
898 871 986 923 sed
1027 877 1100 922 et-

107 949 210 1001 iam
253 946 493 998 mandata
534 945 707 996 divina
747 946 1022 998 observare
1051 952 1102 997 et

108 1022 171 1085 ad
214 1020 492 1090 perfectam
522 1019 862 1072 moralitatem
890 1019 1101 1071 tendere

109 1089 507 1148 debent.—-Ad
550 1093 687 1146 hunc
729 1094 1101 1146 nobilissimum

108 1170 265 1223 finem
295 1170 430 1221 inter
458 1169 688 1221 homines
717 1185 806 1237 per
837 1176 1103 1236 peccatum

112 1243 361 1312 originale
381 1244 700 1304 obscuratoS,
732 1242 1017 1296 infirmatos
1044 1259 1103 1295 ac

112 1325 381 1386 corruptos
421 1324 637 1370 externo
665 1334 866 1387 quoque
907 1325 958 1369 et
985 1318 1104 1369 visi-

110 1392 198 1445 bili
257 1392 424 1444 medio
483 1390 758 1444 efficaciter
798 1408 1105 1461 promoven-

114 1467 257 1529 dum,
301 1465 532 1517 Christus
562 1467 611 1517 in
643 1466 872 1518 Ecclesia
912 1483 1004 1519 sua
1032 1467 1106 1518 in-

115 1542 280 1594 stituit
306 1541 641 1608 mayiseerium
670 1542 982 1601 autenticum,
1020 1557 1108 1608 per

115 1616 248 1685 quod
307 1616 606 1681 evangelica
658 1616 887 1668 doctrina
929 1632 1107 1684 propo-

116 1697 290 1755 natur3
314 1689 634 1742 sacerdotium
663 1690 827 1758 leqale,
862 1707 948 1758 per
976 1691 1106 1759 quod

117 1764 284 1817 media
325 1765 505 1817 salutis
560 1765 1016 1828 administrentur3
1060 1772 1111 1817 et

118 1840 385 1908 imperium
413 1854 628 1900 sacrum,
662 1855 750 1906 per
776 1840 909 1908 quod
951 1840 1111 1891 homi-

120 1930 213 1966 nes
232 1930 260 1964 a
287 1914 421 1965 vitiis
449 1920 725 1965 arceantur
752 1921 802 1966 et
829 1915 891 1966 ad
923 1915 1108 1966 bonum

121 1988 427 2055 dirigantur.
459 1986 686 2039 —Satis
713 2004 912 2057 quoque
952 1990 1113 2040 mani·
1154 2003 1158 2007 ·

122 2063 307 2114 festum
331 2062 699 2122 est,Christum
726 2079 812 2130 per
832 2063 1111 2115 Ecclesiam

46 2184 48 2186 ,
123 2137 431 2196 docentem,
488 2151 632 2189 sacra
688 2144 1017 2204 peragentem
1065 2145 1114 2190 et

124 2212 485 2278 imperantem,
515 2211 703 2278 triplex
729 2227 914 2263 munus
946 2229 1113 2279 suum,

127 2301 327 2353 nempe,
373 2286 756 2354 propheticum,
800 2287 1115 2339 sacerdotale

130 2366 180 2411 et
206 2360 402 2427 regium
433 2367 647 2412 externo
676 2366 726 2411 et
760 2361 941 2413 visibili
971 2363 1116 2414 modo

128 2449 290 2502 usque
317 2434 379 2487 ad
410 2433 566 2486 finem
592 2434 767 2486 mundi
800 2437 1116 2488 continuare.

200 2507 350 2560 Nota.
402 2507 509 2560 Non
569 2508 667 2561 iam
726 2510 979 2577 completa
1039 2511 1119 2562 hic

129 2583 656 2648 eorum’pertractatio
675 2586 966 2652 suscipitur,
990 2601 1118 2654 quae

130 2657 194 2709 ad
246 2657 474 2722 regimen
532 2658 789 2711 Ecclesiae
845 2667 1116 2727 spectant,

131 2732 372 2800 quoniam
412 2731 540 2785 haec
580 2732 661 2784 vel
712 2732 832 2784 alibi
891 2734 939 2785 in
984 2735 1121 2786 theo-

134 2805 265 2871 logia
307 2806 594 2873 dogmatica
620 2848 632 2867 ,
678 2806 757 2858 vel
808 2808 858 2860 in
898 2808 1011 2860 aliis
1051 2810 1124 2860 di-

134 2879 361 2947 sciplinis
401 2880 697 2948 theologicis
727 2889 1122 2949 pertractantur.

133 2953 369 3006 Breviter
408 2955 490 3007 hic
517 2971 575 3007 ea
606 2963 805 3008 tantum
838 2974 1124 3024 proponun-

137 3035 242 3088 tur,
284 3044 414 3097 quae
441 3030 711 3096 specialius
745 3033 1044 3098 sapientiam
1075 3041 1126 3085 et

136 3103 415 3156 bonitatem
456 3103 642 3158 Christi
686 3106 736 3157 in
775 3108 998 3175 regenda
1034 3107 1126 3160 Ec-

139 3177 291 3239 clesia
321 3187 743 3240 commonstrant,
775 3198 966 3234 nexum
995 3184 1128 3234 inter

141 3251 499 3321 praecedentia
518 3261 567 3306 et
581 3256 943 3324 subsequentia
965 3263 1129 3309 osten-

143 3327 292 3388 dunt,
335 3333 388 3378 et
418 3327 575 3392 prima
617 3329 902 3397 theologiae
942 3330 1131 3383 hierar-

144 3401 319 3454 chicae
358 3415 447 3452 seu
492 3404 755 3468 pastoralis
794 3412 845 3456 et
885 3406 1008 3457 iuris
1047 3422 1130 3459 ca-

146 3474 318 3528 nonici
356 3474 683 3528 fundamenta
726 3478 916 3532 iaciunt
957 3479 1054 3551 (l).

192 3575 244 3624 (1)
267 3578 338 3615 εῖτ.
364 3578 555 3624 Dieringer
573 3580 739 3623 Dogmat.
767 3578 792 3624 5
815 3579 890 3616 139.

519 195 583 232 DE
620 194 715 232 mto
753 194 888 234 Lars!
925 194 1114 234 numm
1153 182 1358 234 Gemens·
1392 194 1730 237 REDEMPTORE.

1538 275 1577 335 ς
1617 276 1761 323 esa.

1959 389 2142 432 instituto.

1232 495 1492 550 Christum
1531 499 1583 550 in
1621 499 1851 554 Ecclesia
1909 505 2149 572 magiste-

1161 572 1294 624 rium
1324 588 1425 624 non
1455 571 1620 626 sol-um
1646 575 2020 640 authenticum,
2059 579 2150 632 sed

1161 653 1211 698 et
1250 645 1516 699 infallibile
1555 648 1857 710 instituisse,
1890 651 1991 703 iam
2029 651 2151 706 alibi

1164 721 1432 789 probatum
1474 721 1566 773 fuit
1607 719 1703 792 (ᾖ).
1764 723 1872 777 Hoc
1911 728 2152 793 magiste-

1163 796 1317 854 rium,
1359 796 1493 864 quod
1522 795 1790 850 Praesules
1823 800 2151 854 ecclesiastici

1163 885 1280 921 cum
1321 886 1412 922 suo
1453 869 1675 924 Primate
1703 873 2023 926 constituunt
2050 873 2150 947 (5),-

1163 944 1401 997 omnibus
1428 944 1607 998 diebus
1635 962 1796 1016 usque
1824 947 1887 999 ad
1915 964 2155 1002 consum·

1165 1020 1442 1071 mationem
1481 1019 1673 1072 saeculi
1701 1024 1771 1073 ita
1807 1037 1837 1074 a
1877 1020 2077 1076 Christo
2104 1031 2156 1076 et

1164 1110 1193 1146 a
1232 1092 1422 1160 Spiritu
1463 1101 1639 1147 sancto
1662 1096 1878 1162 regitur,
1909 1103 1967 1150 ut
1992 1097 2043 1148 in
2083 1098 2159 1150 in·

1166 1168 1443 1235 telligenda
1471 1210 1483 1230 ‚
1545 1168 1855 1222 declaranda
1895 1177 1946 1223 et
1981 1186 2155 1239 propo·

1167 1243 1333 1295 nenda
1373 1242 1606 1295 doctrina
1646 1244 1875 1297 revelata
1914 1245 2156 1298 aberrare

1169 1318 1310 1369 nullo
1351 1318 1500 1369 modo
1528 1319 1685 1386 possit
1724 1316 1822 1389 (li).
1852 1319 2040 1371 —Per
2078 1335 2158 1371 sa-

1171 1391 1540 1457 pientissimam
1593 1392 1724 1444 hanc
1783 1393 2159 1446 institutionem

1169 1466 1244 1526 fit,
1291 1473 1347 1519 ut
1385 1466 1723 1519 saluberrima
1757 1467 1989 1519 doctrina
2029 1468 2159 1520 divi-

1171 1541 1308 1592 nitus
1349 1541 1576 1593 revelata
1606 1557 1868 1612 nunquam
1903 1543 2160 1611 corrumpi

1172 1615 1347 1684 possit,
1391 1616 1478 1667 sed
1507 1632 1708 1684 semper
1747 1618 1799 1668 in
1841 1632 1964 1669 vera
1991 1615 2164 1669 Eccle-

1171 1692 1244 1741 sia
1285 1689 1535 1743 catholica
1564 1707 1692 1760 pura
1732 1698 1783 1743 et
1811 1691 2012 1759 integra
2039 1707 2162 1744 con-

1173 1772 1445 1826 servetur,
1491 1772 1542 1817 et
1599 1772 1656 1818 ut
1707 1767 1877 1818 omnia
1934 1766 2165 1819 eiusdem

1173 1838 1435 1891 Ecclesiae
1477 1840 1706 1893 membra
1734 1842 1784 1892 in
1826 1841 2022 1893 unitate
2046 1840 2163 1893 fidei

1174 1915 1487 1983 conspirent,
1533 1923 1584 1967 et
1611 1914 1813 1967 firmam
1854 1915 1917 1967 de
1956 1915 2165 1982 dogma-

1175 1989 1311 2041 tibus
1341 1989 1581 2041 revelatis
1622 1990 2005 2058 persuasionem
2041 2005 2166 2040 nan-

1175 2065 1450 2131 ciscantur,
1490 2065 1606 2132 quia
1636 2079 1812 2115 omnes
1854 2063 2084 2115 homines
2112 2079 2166 2116 se

1178 2140 1469 2204 magisterio
1491 2138 1662 2189 divina
1690 2139 1956 2190 actoritate
1985 2138 2169 2190 consti-

1178 2220 1286 2264 tuto
1326 2212 1575 2263 subiicere
1617 2219 1878 2274 tenentur,
1922 2218 1974 2264 et
2014 2212 2169 2279 magi-

1178 2287 1331 2339 sterio
1371 2286 1683 2338 inerrantiae
1736 2287 1868 2338 dono
1916 2286 2165 2355 praedit0,

1180 2368 1289 2413 tuto
1328 2363 1654 2429 acquiescere
1696 2367 1906 2429 possunt
1961 2360 2055 2430 (5).
2097 2389 2171 2400 —

1179 2435 1277 2488 Sed
1310 2451 1397 2503 per
1427 2435 1776 2502 magisterium
1805 2451 1834 2487 a
1868 2434 2067 2487 Christo
2094 2435 2171 2486 in-

1180 2512 1416 2562 stitutum
1459 2526 1557 2562 non
1600 2510 1766 2561 solum
1806 2510 2043 2576 dogmata
2085 2508 2172 2560 de-

1183 2585 1451 2646 finiuntur,
1497 2600 1695 2636 errores
1723 2584 1985 2636 doctrinae
2027 2598 2171 2635 reve·

1183 2660 1316 2711 latae
1356 2660 1594 2711 contrarii
1624 2660 1955 2718 damnantur,
1987 2663 2039 2710 et
2058 2673 2175 2709 con-

1183 2734 1462 2786 troversiae
1501 2733 1617 2786 fidei
1671 2733 2004 2785 infallibiliter
2054 2731 2176 2783 diri-

1186 2815 1433 2871 muntur3
1476 2808 1564 2860 sed
1610 2807 1708 2860 alio
1765 2822 1966 2876 quoque
2025 2805 2175 2858 modo

1185 2883 1331 2945 fides,
1374 2898 1504 2951 quae
1536 2898 1622 2950 per
1645 2882 1948 2934 charitatem
1988 2895 2174 2948 opera-

1188 2966 1289 3017 tur,
1333 2973 1424 3009 seu
1465 2956 1745 3026 spiritualis
1784 2963 1835 3008 et
1873 2962 2083 3007 aeterna
2124 2953 2178 3006 fi-

1187 3033 1376 3084 delium
1415 3033 1554 3083 salus
1594 3029 1941 3084 efficacissime
1983 3043 2178 3096 promo-

1189 3114 1356 3159 vetur.
1411 3106 1568 3158 Sicuti
1630 3106 1765 3158 enim
1807 3101 2032 3173 Apostoli
2074 3114 2178 3152 me·

1192 3197 1355 3233 mores
1374 3180 1625 3249 praecepti
1643 3179 1821 3238 divini,
1852 3174 2177 3247 praedicandi

1191 3255 1529 3322 Evangelium
1569 3255 1706 3306 omni
1758 3259 2025 3306 creaturae
2085 3247 2179 3320 (6),

1191 3337 1242 3383 et
1287 3329 1502 3382 docendi
1560 3329 1764 3391 omnia,
1825 3338 2182 3396 quaecumque

1237 3490 1289 3534 (2)
1314 3490 1437 3524 Theoi,
1463 3499 1542 3533 gen.
1558 3487 1582 3534 5
1606 3489 1687 3532 209,
1711 3486 1789 3523 21⁰.

1241 3537 1289 3577 (3)
1316 3535 1404 3569 lbid.
1480 3534 1543 3569 251
1569 3538 1633 3569 etc-

1237 3580 1290 3623 (5)
1314 3580 1404 3615 nom,
1473 3578 1548 3614 227,
1827 3529 1879 3575 (4)
1904 3529 1993 3564 Ibin.
2021 3527 2045 3574 s
2069 3527 2147 3565 επ.

1829 3574 1882 3619 (6)
1907 3575 2016 3611 Marc.
2039 3572 2097 3614 1⁶.
2120 3571 2171 3608 1⁸,

2315 3402 2319 3404 ¹
2314 3307 2332 3392 arafa
2318 3271 2332 3298 ;.ι
