2332 3860
314 195 423 248 1⁴72

653 181 716 248 nn
751 211 846 250 neo
882 211 1016 250 mest
1052 212 1244 252 nomm
1280 209 1484 251 amnis
1519 208 1861 248 nentur-rona.
1907 236 1910 238 >
1978 195 1980 197 ’

239 306 421 353 unum,
464 306 582 345 cum
619 291 780 345 altero
836 307 977 357 vero,
1033 295 1227 348 scilicet
1288 295 1337 345 in
1379 309 1482 346 una
1520 309 1734 364 persona
1774 289 1928 346 Verbi
1967 281 2314 358 coniunctast}

241 365 558 418 humanitate
596 365 774 419 intime
813 375 863 419 et
913 368 1222 421 substantia-

237 437 357 491 liter
394 440 616 501 unitum,
678 441 748 493 ita
812 448 870 493 ut
931 443 975 494 ei
1036 443 1223 495 tribuat

236 529 386 566 suum
428 530 559 575 esse,
603 529 747 568 suam
772 518 1038 576 unitatem,
1077 532 1220 575 snam

234 587 662 652 subsistentiam3
723 605 844 655 ergo
903 589 1220 658 hypostatica

231 662 352 714 unio
416 662 567 731 pleno
630 663 739 714 iure
786 665 1218 731 praestantissima

233 743 283 788 et
311 737 535 788 maxima
565 744 796 788 vocatur.
829 766 902 776 —-
929 737 1032 789 Hoc
1054 740 1217 805 ipsum

229 810 532 861 auctoritate
571 808 646 862 Ss.
694 810 893 862 Petrum
928 811 1214 865 confirmari

229 890 408 951 potest.
437 883 495 936 S.
539 880 841 950 Auyustinus
881 883 957 956 (i)
986 886 1047 938 de
1075 889 1218 938 unio-

230 973 293 1009 ne
333 957 651 1027 hypostatica
685 958 896 1010 scribit:
944 978 970 1007 «
1000 959 1112 1028 ipsa
1141 969 1216 1013 est

228 1031 316 1083 illa
357 1030 679 1086 ineffabiliter
722 1031 855 1084 facta
910 1032 1128 1087 hominis
1186 1052 1213 1087 a

229 1104 334 1157 Deo
380 1105 547 1159 Verbo
604 1106 858 1173 susceptio
915 1107 1209 1175 singulariS,

228 1187 285 1232 ut
322 1179 458 1232 filius
497 1174 586 1231 Dei
628 1187 678 1231 et
716 1179 851 1232 filius
892 1181 1108 1234 hominis
1153 1184 1215 1235 si-

228 1253 354 1315 mul,
398 1261 449 1306 et
490 1253 663 1305 filius'
653 1255 867 1306 nominis
897 1263 1100 1325 propter
1127 1274 1211 1309 su-

228 1335 458 1395 sceptum
499 1327 777 1387 hominem,
820 1335 871 1381 et
922 1329 1056 1383 filius
1123 1331 1208 1383 Dei

201 1399 430 1470 *propter
469 1402 829 1470 suscipientem
879 1402 1209 1472 Unigenitum

223 1475 385 1530 Deum
429 1476 679 1527 veraciter
720 1484 770 1529 et
822 1480 1022 1546 proprie
1079 1480 1211 1532 dice·

222 1559 431 1603 retur...
477 1549 857 1603 praedestinata
885 1560 960 1605 est
1001 1554 1094 1605 ista
1127 1570 1210 1606 na-

224 1631 370 1676 turae
412 1624 667 1676 humanae
695 1632 836 1677 tanta
859 1633 909 1677 et
941 1634 1044 1679 tam
1073 1628 1205 1695 celsa

220 1706 272 1750 et
312 1714 511 1751 summa
552 1700 836 1760 subvectio,
882 1707 936 1752 ut
995 1718 1093 1770 quo
1132 1711 1207 1755 at-

221 1772 487 1825 tolleretur
526 1774 679 1824 altius
721 1790 818 1825 non
863 1774 1109 1841 haberet3
1143 1780 1205 1829 si-

220 1855 306 1899 cut
348 1863 435 1915 pro
477 1847 620 1899 nobis
650 1848 753 1915 ipsa
782 1848 1052 1913 Divinitas,
1084 1868 1207 1920 qno-

221 1937 381 1990 usque
420 1937 475 1973 se
503 1921 780 1989 deponeret
808 1923 1069 1985 humiliuS‚
1104 1943 1201 1978 non

220 1994 416 2048 habuit.
455 2014 477 2042 »
509 1994 560 2047 S.
593 1995 878 2047 Bernartius
908 1996 981 2062 (ἓ)
1012 2000 1199 2068 inquit:

221 2088 245 2117 «
279 2068 415 2121 inter
454 2070 642 2130 omnia,
686 2086 818 2139 quae
860 2078 994 2124 recte,
1044 2090 1201 2126 unum

217 2142 476 2206 dicuntur,
521 2159 692 2196 arcem
720 2152 858 2196 tenet
890 2154 1056 2198 unitas
1100 2148 1205 2200 Tri-

215 2217 409 2279 nitatis,
460 2234 559 2286 qua
622 2225 725 2271 tres
790 2235 1035 2286 personae
1101 2238 1200 2275 una

213 2292 498 2344 substantia
539 2299 678 2346 sunt.
714 2292 949 2346 Secundo
979 2293 1085 2348 loco
1114 2297 1200 2349 iiia

214 2366 495 2434 praecellit,
558 2382 654 2435 qua
710 2383 738 2419 e
796 2384 1040 2421 converso
1098 2378 1202 2423 tres

213 2440 528 2493 substantiae
559 2440 805 2511 (scilicetz
849 2443 1120 2507 Divinitas,
1152 2462 1202 2497 a·

211 2514 349 2566 nima
389 2521 440 2566 et
473 2514 684 2586 corpus)
736 2518 787 2568 in
852 2515 1050 2571 Christo
1099 2535 1195 2571 una

215 2592 428 2655 per'sona
468 2596 605 2640 sunt.
638 2608 660 2637 »

284 2662 335 2714 Ξ.
381 2661 511 2715 Unio
552 2662 868 2732 hypostatica
897 2672 998 2717 tam
1036 2666 1202 2718 excel·

212 2750 268 2787 sa
307 2743 358 2787 et
396 2736 627 2789 sublim-is
691 2743 806 2798 est,
874 2746 929 2790 ut
994 2746 1200 2807 captum

211 2817 442 2862 nostrum
490 2818 716 2878 superet,
778 2818 829 2864 et
893 2813 1113 2881 perfecte
1169 2831 1199 2866 a

211 2883 354 2935 nobis
412 2884 773 2953 comprehendi
837 2892 888 2938 et
952 2887 1197 2955 explicari

215 2970 314 3007 non
358 2959 531 3024 possit.
576 2958 942 3026 Cognoscimus
993 2962 1196 3030 quidem

209 3028 260 3079 in
302 3028 530 3084 doctrina
570 3032 632 3085 de
664 3033 1018 3087 incarnatione
1080 3035 1198 3088 sub-

210 3102 398 3156 iectum
439 3112 490 3157 et
532 3107 908 3173 praedicatum,
951 3110 1068 3177 quia
1115 3125 1200 3161 no-

210 3175 288 3228 bis
325 3177 610 3231 revelatum
649 3181 761 3240 fuit,
805 3182 938 3251 quod
993 3182 1197 3246 Verbum

212 3264 327 3302 caro
364 3251 553 3304 factum
608 3262 703 3316 est,
774 3263 825 3308 et
887 3257 1020 3326 quod
1084 3257 1198 3310 ideo

210 3323 344 3376 duae
384 3331 597 3379 naturae
637 3327 809 3382 divina
857 3338 908 3383 et
972 3330 1198 3385 humana

257 3481 310 3566 (ιζ
331 3482 411 3518 Lib.
435 3484 479 3518 de
500 3485 675 3526 praedest.
688 3485 794 3520 Sanet
831 3497 907 3532 cap
934 3489 985 3525 15.

261 3527 294 3568 (Ξ
333 3528 412 3563 Lib.
436 3527 468 3568 5,
490 3530 535 3563 de
556 3528 686 3562 consid.
700 3538 775 3574 cap.
788 3530 809 3566 8

257 3571 308 3615 (3)
334 3571 382 3606 Ad
406 3572 532 3616 ΕρΙιαε.
548 3572 579 3610 3
602 3571 637 3615 8
661 3578 732 3609 etc.

1285 368 1417 433 sint3
1458 368 1545 422 sed
1585 368 1891 420 intrinsecus
1917 364 2054 420 hune
2080 371 2317 422 nexum
2295 397 2332 426 ..-

1284 457 1374 494 seu
1416 441 1786 511 hypostaticam
1830 440 1964 493 hanc
2021 441 2266 496 unionem
2292 425 2332 541 {f

1284 516 1460 569 intime
1501 523 1788 585 penetrare,
1834 514 2035 584 penitus
2074 517 2307 586 perspi·
2299 507 2327 574 Ψ,

1283 605 1398 642 cere
1437 595 1489 642 et
1546 590 1767 658 perfecte
1835 587 2317 658 comprehendere

1285 679 1381 715 non
1426 663 1675 718 valemuS.
1739 663 1896 716 Recte
1962 663 2072 715 ideo
2139 663 2323 732 haecf-jss

1282 739 1386 806 ipsa
1428 738 1546 790 unio
1568 737 2078 806 incomprehensibilis,
2110 742 2161 789 et
2182 737 2263 790 ln·
2299 738 2321 804 ,J

1281 813 1506 864 carnatio
1547 813 1652 864 veri
1705 812 1921 864 nominis
1983 813 2266 880 mysterium
2303 812 2325 882 ᾗ.

1278 886 1583 955 appellatur.
1627 915 1698 925 —
1746 884 1856 952 ipsa
1907 883 1962 936 S.
2003 884 2266 952 Scriptura

1281 959 1680 1020 incarnationem
1715 958 1802 1011 filii
1834 958 1921 1010 Dei
1961 973 2053 1010 ceu
2095 967 2264 1028 myste·
2298 963 2315 1031 ᾗ

1276 1036 1414 1086 rium
1454 1036 1503 1086 in
1546 1035 1650 1086 Deo
1703 1049 1733 1086 a
1783 1031 2003 1086 saeculis
2051 1033 2301 1086 abscon-

1278 1109 1437 1161 ditum
1480 1109 1757 1176 praedicat,
1801 1108 1944 1159 cuius
1984 1108 2204 1175 cognitio
2231 1124 2261 1160 a

1274 1182 1380 1235 sola
1422 1183 1731 1235 revelatione
1773 1182 2007 1242 habetur,
2039 1189 2090 1233 et
2116 1182 2261 1233 cuius

1275 1257 1618 1324 investiqabiles
1657 1256 1848 1309 divitias
1887 1256 2041 1308 etiam
2078 1254 2260 1322 Angeli
2294 1278 2327 1335 ².

1274 1339 1587 1383 scrutantur.
1633 1330 1717 1382 Ait
1755 1331 1890 1382 enim
1935 1329 2137 1382 Paulus.-
2164 1330 2261 1381 Mi-

1274 1404 1325 1456 lti
1362 1406 1579 1457 omnium
1607 1405 1810 1455 minimo
1837 1405 1952 1455 data
1985 1412 2052 1455 est
2099 1404 2260 1471 qratia

1272 1479 1404 1540 haec,
1449 1480 1502 1531 in
1528 1478 1750 1547 qentibus
1775 1477 2136 1546 evangelizzare
2181 1477 2258 1529 in·

1272 1553 1560 1620 vestiqabiles
1599 1551 1801 1604 divitias
1832 1549 2038 1611 Christi,
2098 1559 2142 1602 et
2200 1551 2260 1603 il-
2316 1551 2332 1609 ᾇ,

1272 1627 1515 1678 luminare
1553 1643 1736 1687 omnes,
1787 1641 1911 1694 quae
1955 1627 2018 1676 sit
2073 1624 2258 1693 dispen-
2300 1629 2332 1697 ᾖ

1270 1703 1389 1753 salio
1411 1701 1702 1753 sacramenti
1717 1699 1981 1752 absconditi
1999 1715 2029 1750 a
2055 1698 2256 1751 saeculis

1269 1776 1319 1826 in
1385 1777 1484 1827 Deo
1526 1775 1621 1846 (3).
1682 1774 1918 1843 idemque
1984 1770 2332 1857 ΑροεῑοΙυεξ

1271 1850 1336 1902 ita
1378 1850 1439 1901 de
1479 1849 1834 1901 incarnatione
1863 1847 2116 1916 loquitur·
2146 1847 2255 1899 Ma·
2294 1858 2332 1932 33·

1267 1924 1433 1991 nifeste
1461 1939 1690 1992 maynum
1728 1932 1795 1975 est
1844 1922 2036 1990 pietatis
2093 1937 2255 1973 sacra·
2292 1933 2332 2020 ἰῇ

1268 2007 1478 2049 mentum
1535 1998 1730 2068 (textus
1788 2012 2003 2080 graecus
2051 1995 2249 2048 habet:
2296 1997 2332 2046 >⁶=

1265 2070 1576 2142 mysterium)
1609 2071 1734 2140 quod
1792 2070 2150 2138 manifestatum
2189 2075 2295 2121 est

1267 2148 1316 2197 in
1339 2162 1505 2207 carne,
1549 2147 1863 2215 iustificatum
1888 2151 1955 2196 est
1978 2144 2030 2195 in
2051 2144 2250 2212 spiritu,
2273 2163 2276 2165 “

1265 2223 1493 2288 apparuit
1543 2218 1757 2287 Augustis,
1810 2218 2141 2287 praedicatum
2187 2225 2254 2269 est

1262 2294 1493 2362 gentibus,
1515 2294 1751 2345 creditum
1778 2304 1846 2344 est
1873 2293 1926 2344 in
1948 2293 2129 2344 mundo
2151 2288 2247 2362 (li).
2283 2295 2315 2352 ;,Ῐ

1264 2399 1334 2407 -
1374 2368 1539 2420 Etiam
1578 2366 1745 2420 Sancti
1782 2364 1958 2418 Patres
2011 2366 2251 2418 unionem

1265 2442 1636 2512 hypostaticam
1684 2438 2248 2508 incomprehensibilem
2287 2459 2304 2490 ι,

1263 2524 1314 2568 et
1376 2515 1685 2568 ineffabilem
1738 2530 1849 2567 esse
1889 2514 2090 2566 docent.
2135 2512 2250 2564 Dio·
2284 2523 2313 2538 ··

1262 2590 1429 2659 nysius
1458 2588 1534 2660 (5)
1576 2589 1739 2657 inquit
1765 2606 1779 2639 ε
1817 2608 1839 2636 «
1873 2587 1987 2640 Iesu
2016 2588 2064 2638 in
2094 2600 2248 2639 carne
2301 2587 2303 2590 ’

1262 2665 1510 2732 apparitio
1551 2669 1601 2714 ct
1618 2661 1883 2714 ineffabilis
1897 2667 1975 2714 est
1995 2675 2246 2727 sermone,

1262 2746 1313 2790 et
1352 2738 1486 2790 omni
1527 2737 1700 2804 ignota
1739 2735 2122 2803 intelligentiae,
2153 2732 2278 2805 ipsi
2282 2744 2294 2784 3-

1262 2827 1460 2879 quoque
1524 2810 1875 2879 antiquissimo
1931 2808 2261 2878 Angelorum
2267 2823 2302 2887 ‘ff

1263 2885 1463 2953 primati
1505 2901 1603 2937 non
1644 2885 1767 2937 satis
1807 2890 2143 2953 perspecta.»
2183 2879 2240 2935 S
2260 2907 2280 2942 3

1261 2959 1568 3028 Auqustinus
1607 2958 1698 3027 Ep.
1742 2958 1806 3010 ad
1857 2956 2120 3010 Volusian.
2166 2950 2286 3027 (6)

1261 3049 1377 3085 cum
1418 3035 1559 3085 varia
1600 3032 1963 3100 proposuisset,
2006 3045 2136 3100 quae
2187 3028 2277 3108 in.

1262 3107 1504 3176 mysterio
1567 3105 1936 3158 incarnationis
2005 3120 2036 3156 a
2098 3100 2278 3155 nobis'.>⁴

1262 3182 1480 3266 perfecte
1544 3180 1903 3248 comprehendi
1959 3178 2246 3246 nequeunt
2239 3182 2274 3250 32

1259 3257 1309 3308 in
1351 3254 1452 3306 fine
1490 3253 1660 3306 addit:
1696 3274 1719 3304 α
1750 3253 1802 3306 Si
1829 3253 1956 3305 ratio
1984 3251 2064 3303 hic
2090 3247 2264 3320 quae-4*

1259 3331 1408 3391 ritur‚
1453 3343 1552 3381 non
1592 3329 1690 3380 erit
1729 3325 1980 3389 mirabile,
2007 3314 2269 3422 ⁵¹erssss

1305 3487 1349 3529 (4)
1379 3487 1406 3521 1.
1431 3486 1592 3520 Timoth.
1622 3486 1656 3526 3,
1681 3485 1736 3522 1⁶.

1302 3531 1354 3573 (Β)
1380 3532 1428 3565 De
1449 3531 1523 3565 div.
1549 3540 1646 3565 nom.
1671 3538 1701 3564 c.
1735 3530 1770 3566 9..

1301 3575 1353 3619 (6)
1381 3576 1430 3618 Ep
1471 3573 1521 3611 is.
1547 3575 1579 3614 ἵ,
1604 3583 1668 3617 cap
1704 3573 1736 3610 Ω.
