2332 3860
0 0 109 168 ξ
278 96 282 101 ‘
749 111 869 163 1².an
906 98 1160 150 1.'st·:c'r10
1198 71 1233 149 1‘.
1279 109 1432 148 carum·
1469 111 1523 146 ιι.
1996 95 2107 148 403

19 173 80 262 ρξ’
130 215 288 278 gnosc
355 196 704 276 §wigerum
731 191 925 247 Verum
947 197 1122 260 autem
1185 186 1322 245 stere
1363 188 1443 244 vel
1475 190 1527 242 in
1560 196 1701 251 actu,
1745 189 1830 242 vel
1850 189 1902 242 in
1924 191 2174 259 potentia,

40 273 61 326 ξ’
117 259 336 353 'est'q'iu'
365 253 486 344 quid
512 254 612 342 est,
653 274 706 320 et
725 272 981 337 quatenus
1020 272 1118 318 est:
1185 271 1236 318 et
1258 265 1370 318 ideo
1399 261 1470 335 (5)
1495 263 1643 318 dicit:
1674 282 1700 312 «
1717 261 2015 317 Secundum
2043 265 2175 335 quod

33 363 41 406 ᾗ
132 331 316 421 ῇῷωϊ
388 341 492 400 non
520 348 617 404 est,
663 357 758 397 nee
790 355 973 394 verum
998 339 1116 401 dici,
1182 346 1305 392 sunt
1343 338 1395 393 in
1436 337 1685 407 potentia,
1739 338 1814 388 sic
1861 335 2057 391 habent
2089 355 2174 392 ve·

17 424 31 429 “
117 405 494 485 ζηθθεοιθήῖίξιθ
520 415 778 477 obiectum
806 415 1120 468 constituere
1183 413 1387 467 ritatem
1429 427 1510 472 ea,
1553 426 1687 485 quae
1727 426 1829 463 non
1868 418 1991 464 sunt
2029 420 2171 477 actu;

38 487 59 521 Ψ
116 475 453 573 <ἰ’)’ς)ῐθε’ῖ.ἷ“5’θᾱ
479 487 660 548 ,tamen
700 483 863 542 multa
903 488 1120 541 dicimur
1184 502 1365 558 verum
1392 485 1529 541 enim
1558 491 1656 546 θεῖ,
1701 499 1762 537 ea
1787 500 1900 538 esse
1924 486 1977 539 in
1998 492 2169 555 poten·

115 562 451 640 fcognoscere,
475 580 605 634 quae
629 579 729 616 non
756 569 898 625 sunt,
923 578 1006 615 ex.
1032 577 1113 630 gr.
1181 562 1271 622 tia,
1315 567 1366 628 et
1404 559 1478 612 sic
1516 560 1753 612 sciuntur
1782 574 1812 612 a
1843 558 1972 612 Deo,
2006 579 2032 608 n

128 638 402 711 possibilia,
445 654 575 707 quae
615 638 838 691 existere
885 642 1112 706 possent,
1252 635 1305 688 2.
1349 633 1518 687 Deum
1546 633 1703 686 etiam
1743 631 1879 685 mala
1922 633 2168 696 moralia,

126 721 178 769 at
214 730 314 779 non
354 713 606 778 existunt3
651 712 913 772 tenebraS,
963 709 1116 763 silen-
1177 724 1268 762 seu
1308 715 1518 777 peccata
1558 722 1891 775 cognoscere,
1933 707 1987 761 S.
2032 706 2171 760 Scri-

116 778 252 852 [tium
278 829 292 851 ,
353 785 581 840 defectus
620 784 942 841 rectitudinis
967 824 979 846 ‚
1023 800 1112 836 seu
1178 789 1327 851 ptura
1354 781 1675 851 apertissime
1698 787 1919 835 testatur
1947 780 2046 853 (ll).
2069 781 2168 836 Ma·

44 879 49 903 ὲ
113 858 351 932 peccata,
395 867 446 914 θῖ
475 861 746 918 innumera
774 859 892 919 alia,
924 873 1055 927 quae
1083 874 1113 910 a
1173 873 1275 922 gna
1296 862 1470 909 autem
1495 853 1769 908 difficultas
1789 855 1923 908 circa
1942 856 2168 908 divinam

110 935 390 1005 ‚phantasia
430 941 606 988 nostra
644 933 1030 999 confinguntur,
1062 939 1113 984 et
1177 931 1307 983 hanc
1346 931 1613 988 scientiam
1668 929 1888 982 militare
1927 929 2167 996 videtur3

115 1008 480 1085 ,tamenrealia
510 1024 609 1061 non
638 1014 776 1061 sunt.
811 1007 1108 1071 Quaesitum
1174 1021 1292 1057 nam
1320 1006 1360 1057 si
1402 1004 1540 1057 Deus
1580 1003 1708 1056 haec
1747 1004 1883 1056 mala
1924 1004 2166 1067 moralia,

120 1079 232 1136 ideo
260 1090 357 1142 est,
401 1081 565 1152 qualis
591 1083 801 1135 scientia
841 1082 970 1135 circa
1004 1097 1110 1149 pos-

28 1206 37 1212 ,
121 1157 300 1218 sibilia,
343 1158 472 1210 circa
511 1156 640 1207 mala
668 1155 877 1207 moralia
903 1171 1108 1223 senpec-

62 1261 66 1263 Δ
121 1238 245 1291 cala,
291 1237 341 1282 et
382 1231 516 1282 circa
557 1230 775 1297 reliqua,
808 1245 939 1298 quae
976 1245 1004 1280 a
1044 1228 1102 1281 S.

28 1321 43 1334 ·<
124 1303 301 1356 Thoma
344 1302 418 1376 (1)
461 1303 791 1356 enuntiabilia
831 1310 1102 1363 vocantur,

122 1377 225 1430 Deo
246 1377 581 1431 adscribenda
595 1377 936 1430 sit?—-Hanc
952 1393 1106 1445 quae-

119 1452 337 1504 stionem
377 1452 524 1503 iuxta
563 1452 813 1519 principia
851 1450 904 1504 S.
939 1452 1106 1519 Anyti-

120 1526 239 1579 stini
265 1533 316 1578 et
341 1525 393 1578 S.
429 1525 632 1579 Tliomae
659 1525 859 1579 solvere
881 1533 1100 1594 oportet.

197 1599 246 1652 1.
269 1599 513 1652 Possibile
541 1599 755 1651 dicim-us
784 1599 854 1661 id,
880 1599 942 1652 ad
972 1600 1104 1668 quod

123 1668 447 1726 efficiendum
494 1674 630 1725 vires
670 1671 981 1726 sufficientes
1019 1674 1108 1725 ad-

123 1753 261 1798 sunt.
298 1746 434 1799 Dum
473 1762 594 1814 ergo
635 1747 892 1815 possibilia
938 1749 1106 1800 conci-

108 1820 309 1897 tpimuS,
353 1836 453 1873 non
495 1836 576 1884 ea,
631 1836 762 1888 quae
821 1837 920 1873 non
961 1829 1101 1883 sunt,

121 1893 207 1947 sed
250 1894 385 1947 vires
423 1900 542 1946 actu
582 1894 864 1947 existentes
915 1896 1104 1963 cogita-

122 1983 257 2030 muS,
301 1985 432 2038 quae
471 1968 535 2020 ad
593 1967 680 2020 illa
721 1966 985 2022 efficienda
1026 1986 1105 2022 or·

65 2059 70 2063 ·
122 2041 387 2117 dinantur3
431 2049 483 2095 et
520 2059 618 2112 quo
659 2043 932 2111 perfectius
968 2046 1104 2096 vires

56 2138 57 2141 ¹
121 2117 493 2184 cognoscimuS‚
537 2133 596 2169 eo
624 2118 814 2171 rectius
840 2118 902 2171 de
930 2134 1103 2171 rerum

121 2191 454 2259 possibilitate
482 2191 783 2244 iudicamus.

193 2263 332 2317 Deus
391 2272 566 2318 autem
607 2266 977 2334 perfectissime
1022 2282 1104 2319 co·

41 2354 53 2361 ·
107 2339 322 2409 ,gnoscit
351 2345 454 2391 tum
478 2356 625 2392 suam
657 2340 1100 2409 omnipotentiam,

51 2476 53 2479 η
122 2419 233 2465 tum
273 2420 537 2467 creaturas
577 2415 816 2484 viresque
864 2414 942 2467 his
980 2431 1010 2467 a
1050 2431 1104 2467 εθ

108 2483 338 2540 inditas:
382 2504 503 2555 ergo
542 2489 696 2541 etiam
738 2489 1105 2558 perfectissime

109 2576 294 2622 ,rerum
335 2562 724 2631 possibilitatem
750 2564 802 2615 in
830 2565 996 2632 seipso
1023 2579 1105 2616 co-

121 2635 337 2702 gnoscit.
381 2634 498 2688 Ideo
518 2636 669 2695 Rom.
714 2637 767 2699 li,
804 2637 866 2692 17
898 2639 959 2691 de
999 2638 1105 2690 Deo

0 2727 7 2732 ·
43 2767 47 2771 ,
122 2707 334 2779 dicitur:
378 2718 509 2762 vocat
548 2727 602 2763 ea
652 2728 772 2780 qaae
828 2728 926 2764 non
966 2721 1100 2774 sunt,

124 2788 359 2850 tanquam
394 2799 449 2836 ea
487 2800 608 2852 quac
647 2793 779 2838 sunt.
811 2816 883 2824 -
910 2786 1104 2855 Opponi

121 2856 326 2924 quidem
389 2856 539 2917 solet,
582 2861 927 2925 cognitionem
966 2877 1106 2914 mere

35 2928 50 2978 ·.1
102 2929 437 3001 ,possibilium
494 2930 601 2983 Deo
647 2932 911 2999 indignam
969 2950 1102 2998 esse,

104 3003 237 3073 v,quia
277 3003 398 3057 dum
439 3004 583 3058 deest
638 3007 827 3059 veritas
879 3007 1105 3061 existen-

13 3131 18 3134 ,
106 3077 242 3149 etiae,
286 3077 429 3130 deest
460 3080 616 3131 etiam
647 3082 837 3134 veritas
865 3083 1109 3150 cognitio-

107 3150 220 3221 ‚nis
252 3149 363 3204 Sed
411 3150 468 3204 S.
527 3153 738 3207 Thomas
787 3154 859 3225 (⁰2)
902 3158 1108 3225 egregie

107 3225 362 3294 ⁴sistendit,
418 3227 555 3280 entia
601 3236 747 3283 extra
798 3228 964 3284 Deum
1003 3233 1109 3285 exi-

294 3393 329 3428 (ς.
354 3385 412 3427 14,
435 3391 502 3421 art.
528 3387 583 3424 14.

167 3382 221 3470 gg
241 3385 272 3463 i.
287 3437 329 3479 ῃ.
342 3428 398 3471 14,
421 3436 485 3465 art,
499 3431 529 3467 9.

167 3470 222 3516 13)
243 3472 332 3509 lbid.
355 3475 399 3509 ad
421 3474 454 3510 1.

1170 1096 1262 1131 seu
1294 1085 1503 1148 peecata
1545 1079 1835 1145 cognoscit,
1867 1078 1985 1146 quia
2025 1086 2167 1141 sunt,

1172 1155 1280 1206 eius
1307 1153 1522 1206 seientia
1562 1153 1626 1205 ab
1655 1152 1733 1204 his
1767 1152 2062 1221 dependens
2090 1152 2166 1206 tit:

1170 1228 1211 1279 si
1241 1235 1416 1280 autem
1457 1233 1577 1279 sunt
1618 1227 1735 1295 quia
1771 1242 1831 1278 ea
1872 1227 2165 1294 cognoscit,

1169 1301 1307 1355 Deus
1343 1308 1671 1370 peccatorum
1702 1307 1881 1352 auctor
1904 1302 2171 1354 constitui-

1172 1383 1273 1429 tur.
1311 1406 1376 1415 —
1406 1375 1544 1428 Haec
1577 1382 1752 1428 autem
1790 1373 2066 1428 difficultas
2095 1376 2170 1428 fa-

1168 1450 1265 1503 cile
1303 1450 1541 1512 solvitur,
1585 1450 1625 1501 si
1667 1449 1988 1511 attendatur,
2032 1450 2167 1503 mala

1170 1525 1387 1585 moralia
1428 1541 1518 1577 seu
1549 1534 1765 1592 peccata
1793 1539 1894 1577 non
1935 1539 2046 1576 esse
2075 1539 2167 1576 en-

1171 1601 1238 1651 tia
1268 1599 1476 1651 realiter
1502 1614 1592 1651 seu
1616 1599 1833 1667 positive
1862 1597 2182 1660 existentia,

1169 1673 1255 1725 sed
1287 1689 1399 1725 esse
1430 1679 1630 1724 tantum
1665 1672 1784 1724 boni
1805 1673 2182 1741 privationem,

1169 1747 1302 1815 quod
1361 1747 1574 1799 inferius
1625 1746 1788 1798 fusius
1839 1746 2180 1811 ostendetur.j

1168 1820 1298 1872 Huic
1355 1836 1478 1872 vero
1538 1820 1786 1888 principio
1836 1820 2048 1872 innixus
2106 1819 2180 1874 S,

1171 1894 1383 1946 Thomas
1398 1893 1474 1964 (Pi)
1491 1893 1742 1954 declarat,
1758 1893 2010 1962 quomodo
2029 1894 2165 1946 Deus

1170 1975 1378 2037 peccata
1419 1974 1717 2036 cognoscat,
1763 1967 1964 2020 dicens:
2013 1987 2039 2017 «
2081 1967 2166 2021 Sic

1167 2050 1244 2095 est
1271 2042 1614 2110 cognoscibile
1638 2041 2042 2111 unumquodque
2087 2059 2167 2096 se-

1167 2117 1394 2169 cundum
1423 2117 1557 2186 quod
1586 2123 1683 2179 est;
1728 2116 1865 2168 unde
1906 2132 2025 2168 cum
2067 2116 2165 2170 hoc

1166 2193 1232 2244 sit
1272 2207 1384 2244 esse
1426 2191 1588 2253 mali,
1633 2190 1766 2260 quod
1819 2195 1896 2243 θεῖ
1946 2192 2164 2258 privatio
2226 2209 2235 2216 ·

1169 2267 1304 2327 boni,
1338 2281 1426 2334 per
1466 2265 1563 2317 hoc
1604 2265 1805 2333 ipsum,
1850 2264 1985 2333 quod
2026 2264 2165 2319 Deus

1167 2340 1428 2408 cognoscit
1470 2340 1602 2392 bona
1628 2379 1640 2400 ‚
1704 2338 1967 2407 cognoscit
2007 2339 2166 2391 etiam

1168 2414 1323 2475 mala,
1348 2414 1484 2466 sicut
1514 2412 1797 2481 perlucem
1838 2428 2166 2480 cognoscun-

1171 2497 1252 2542 tur
1283 2489 1583 2540 tenebraez»
1608 2488 1794 2556 quibus
1819 2486 2086 2554 expositis,
2104 2486 2159 2541 S.

1170 2563 1356 2616 Doctor
1397 2561 1674 2630 respondet
1717 2562 1782 2614 ad
1824 2561 2166 2614 obiectionem

1167 2638 1402 2706 superius
1429 2635 1640 2688 allatam
1669 2634 1910 2696 dicendo,
1959 2654 1985 2683 «
2029 2637 2164 2705 quod

1168 2712 1382 2764 scientia
1422 2710 1517 2763 Dei
1554 2726 1654 2763 non
1697 2716 1774 2763 θεῖ
1813 2725 1969 2762 causa
1999 2710 2160 2773 mali,

1168 2787 1256 2839 sed
1297 2793 1375 2838 est
1414 2800 1571 2837 causa
1611 2784 1750 2845 boni,
1795 2799 1885 2852 per
1921 2779 2054 2853 quod
2084 2800 2169 2839 co-

1168 2861 1433 2930 gnoscitur
1475 2857 1688 2910 malum.
1738 2877 1764 2906 »
1803 2856 1940 2910 Deus
1979 2874 2166 2928 nempe

1169 2934 1431 3003 cognoscit
1469 2932 1692 2985 hominis
1732 2932 2077 2995 voluntatem,
2115 2941 2167 2986 et

1171 3009 1338 3078 legem
1361 3008 1478 3059 huic
1501 3007 1738 3076 positam:
1764 3005 1853 3060 sed
1881 3007 1932 3058 in
1958 3006 2165 3060 homine

1171 3089 1415 3152 peccante
1431 3080 1695 3147 cognoscit
1712 3079 2034 3134 voluntatem
2055 3083 2166 3136 sine

1170 3157 1257 3210 illa
1286 3155 1615 3216 rectitudine,
1643 3170 1796 3224 quam
1825 3155 1876 3207 in
1899 3155 2078 3208 ordine
2101 3156 2165 3208 ad

1172 3231 1337 3300 legem
1367 3229 1556 3282 habere
1589 3228 1819 3296 deberet3
1850 3236 1901 3283 et
1926 3230 2000 3283 sic
2027 3230 2164 3283 Deus

1218 3434 1269 3524 (133
1294 3435 1383 3470 Gen.
1411 3435 1443 3474 6.
1469 3434 1502 3470 5.
1527 3435 1602 3469 Iob.
1630 3435 1686 3480 11,
1710 3434 1765 3473 11.
1790 3436 1848 3473 Ps.
1874 3435 1929 3481 68,
1954 3436 1991 3472 6.

1218 3479 1253 3523 (b
1292 3481 1322 3523 Ι,
1346 3488 1381 3523 q·
1408 3479 1462 3524 14,
1487 3485 1556 3517 art.
1582 3479 1636 3516 10.
