2332 3860
290 90 404 142 ευρ

623 108 687 145 DE
725 108 819 146 nsso
856 109 908 146 lN
946 109 1217 147 nasarioxss
1254 110 1321 149 m
1358 110 1583 149 MUNDUM.
1596 108 1855 154 sucuro

2247 80 2321 151 ‘ss

216 185 438 253 primam
463 185 760 256 intelligant
798 190 955 242 totius
981 191 1208 246 uniuersi
1275 190 1496 259 plantaS‚
1524 207 1659 265 quae
1684 193 1869 248 solum
1886 193 1940 246 in
1966 193 2325 259 summm

216 259 645 328 productionem,

214 333 443 388 millibus
492 336 836 405 antiquiorem
894 352 955 390 ac
1005 338 1211 407 Moyses

215 417 620 477 commemorat;
663 426 753 478 per
791 411 1073 465 secundam
1114 429 1204 466 au-

214 488 321 535 tem
347 483 641 551 intelligant
663 486 1019 538 tantummodo
1040 489 1230 541 terrae

214 571 368 625 quam
409 557 757 611 inhabitamus
797 560 1203 628 reparationem,

212 631 458 699 quoniam
521 632 860 686 diuturnitate
918 641 1207 701 temporum

215 705 372 757 variis
402 706 607 758 casibus
627 707 875 774 collapsa,
894 708 1210 761 etinhabita-

211 777 329 831 hilis
368 780 502 832 facta
531 780 718 833 fuerat.
753 781 827 834 De
855 782 952 834 hac
978 783 1205 835 secunda

211 853 473 906 creatione
513 871 574 907 ea
631 871 763 923 quae
803 855 931 909 Gen.
977 857 1018 921 l,
1063 873 1114 909 v.
1173 859 1205 909 02

210 933 410 996 etseq.
462 944 556 981 sex
595 928 795 982 dierum
853 932 1018 998 spatio
1072 931 1205 983 facta

209 1009 509 1063 narrantur,
540 1003 841 1071 accipienda
866 1011 1007 1057 suut.
1035 1035 1090 1044 —-
1120 1004 1207 1057 At-

210 1082 383 1128 tamen
427 1077 778 1138 difficultates‚
810 1079 995 1147 quibus
1035 1080 1099 1132 ab
1127 1081 1205 1130 in-

208 1150 432 1203 credulis
471 1151 807 1219 chronologia
847 1154 1070 1205 mosaica
1111 1155 1205 1206 im-

207 1232 471 1291 pugnatur
491 1226 652 1278 solide
673 1227 802 1278 solvi
827 1234 1059 1294 possunt,
1080 1229 1201 1295 quin

206 1298 272 1349 ad
312 1299 569 1366 praefatas
597 1300 911 1369 hypotheses
944 1302 1205 1370 confugia-

209 1379 327 1437 tur;
374 1389 473 1425 non
516 1375 652 1427 enim
692 1375 823 1427 tales
863 1383 1019 1437 sunt,
1071 1392 1202 1444 quae

205 1446 452 1499 evincant
489 1449 684 1502 mundo
721 1451 1010 1502 necessario
1051 1449 1202 1516 longe

204 1522 453 1573 maiorem
493 1539 586 1575 sex
625 1524 830 1575 circiter
869 1525 1012 1575 mille
1050 1526 1202 1576 annis

203 1596 926 1664 antiquitatemtribuendam
969 1615 1101 1650 esse.
1146 1598 1201 1650 ld

203 1685 327 1720 sane
370 1687 469 1722 non
515 1672 693 1738 probat
734 1674 1008 1725 existentia
1058 1689 1202 1724 mon-

204 1744 366 1807 tium3
411 1745 596 1797 horum
635 1747 774 1798 enim
813 1747 955 1813 origo
998 1763 1087 1814 per
1128 1748 1201 1799 di-

201 1818 402 1870 luvium
431 1819 678 1886 explicari
706 1827 889 1886 potest,
925 1822 1199 1888 praecipue

199 1891 242 1943 si
282 1892 556 1959 adoptetur
585 1900 813 1962 systema
847 1894 953 1947 Cel.
982 1895 1047 1945 De
1077 1895 1194 1955 Luc,

198 1965 344 2017 iuxta
383 1967 519 2034 quod
560 1974 789 2035 tempore
830 1968 1008 2019 diluvii
1039 1971 1200 2019 omni-

199 2040 350 2091 moda
381 2042 594 2093 mutatio
624 2042 827 2093 telluris
854 2044 1092 2109 contigit,
1127 2044 1195 2095 ita

197 2120 255 2165 ut
295 2114 380 2166 ubi
421 2123 541 2167 ante
592 2132 734 2167 mare
796 2116 994 2177 fuerat,
1060 2133 1197 2169 nunc

195 2194 335 2239 terra
374 2192 647 2241 continens
686 2192 791 2252 sit,
835 2198 886 2242 et
928 2191 1191 2262 vicissim:

195 2261 332 2313 unde
373 2264 559 2315 mirum
622 2280 724 2315 non
787 2270 902 2325 cst,
948 2266 1101 2316 etiam
1143 2267 1192 2316 in

196 2337 451 2388 montium
493 2339 778 2390 visceribus
806 2339 963 2390 talia
954 2340 1193 2403 inveniri,

193 2425 326 2478 quae
367 2413 699 2480 caeteroquin
748 2413 913 2464 solum
956 2413 1008 2464 in
1065 2415 1192 2465 mari

194 2486 542 2551 reperiuntur.
605 2486 706 2538 Sed
769 2503 933 2554 neque
974 2489 1070 2538 hoc
1109 2504 1193 2556 sy-

196 2564 416 2611 stemate
475 2576 604 2626 opus
663 2568 743 2611 est
800 2563 864 2611 ad
932 2562 1191 2629 praedicta

195 2632 553 2698 phaenomena
594 2634 932 2700 explicanda3
981 2652 1097 2687 nam
1141 2637 1189 2686 vi

194 2720 447 2772 aquarum
500 2709 899 2774 irrumpentium
959 2716 1010 2761 et
1050 2724 1191 2762 rece·

195 2778 427 2832 dentium
489 2782 773 2849 profundae
827 2782 988 2834 valles
1038 2798 1189 2834 exca-

195 2854 327 2911 vari,
358 2861 410 2905 et
441 2858 582 2921 proin
607 2856 696 2907 alti
721 2864 919 2907 montes
933 2872 1188 2922 exurgere

195 2924 502 2981 debuerunt.
563 2930 754 2982 Eadem
811 2931 888 2981 vis
936 2946 1185 2998 aquarum

194 3000 436 3052 animalia
476 3003 678 3071 aliaque
713 3004 912 3056 obiecta
951 3005 1106 3055 etiam
1138 3005 1187 3055 in

195 3071 306 3124 loca
333 3074 509 3126 dissita
539 3093 719 3143 rapere
751 3079 934 3146 potuit.
970 3077 1043 3129 De
1072 3094 1187 3130 cae-

194 3152 306 3198 tero
333 3147 554 3200 dubitari
591 3167 690 3203 non
721 3159 906 3219 potest,
938 3153 1036 3203 iam
1066 3159 1185 3204 ante

193 3219 447 3272 diluvium
490 3231 689 3275 montes
729 3228 981 3278 extitisse.
1047 3226 1185 3278 Deus

193 3293 338 3346 enim:
374 3296 476 3347 iam
527 3304 648 3348 ante
702 3299 1182 3352 Adamumomnia

190 3381 386 3435 genera
437 3368 730 3435 plantarum
779 3381 830 3424 et
881 3374 1182 3426 animalium

190 3447 481 3502 cremeram
520 3449 727 3496 cunstat
752 3452 927 3497 autem
962 3449 1183 3500 existere

715 263 891 316 multis
954 279 1208 318 annorum
1275 267 1526 321 montium
1565 275 1836 330 crescunt,

1863 275 1951 326 et
2002 267 2125 326 dari
2153 263 2322 337 anst*

1275 340 1448 401 malin,
1491 356 1634 409 quae
1662 348 1874 397 tantum
1908 343 1963 394 in
1982 315 2318 405 attissimvsirss

1271 414 1531 467 montibus
1570 414 1805 483 degunt:
1867 416 2061 483 absque
2109 407 2309 491 dublo?

1271 504 1393 554 crgo
1434 487 1575 541 Deus
1628 489 2108 556 providentissimus
2143 495 2281 546 &tum-

1272 562 1349 614 his
1390 567 1499 613 tuin
1542 561 1681 614 illis
1670 578 1774 625 iam
1802 563 1869 615 ab
1893 564 2034 616 initio
2074 568 2276 616 conve--
2307 628 2311 629 ff

1272 637 1502 689 nientem
1543 635 1715 688 locum
1772 637 2090 704 assignavit,
2132 636 2266 694 altos
2324 667 2326 669 >

1269 726 1470 779 quoque
1527 716 1727 762 montes
1788 711 1836 762 in
1899 718 2037 769 terra
2076 712 2264 765 consti·

1270 784 1480 836 tuendo.
1525 783 1696 852 Atque
1736 784 1848 837 ideo
1876 791 2106 854 tempore
2138 785 2266 837 dilu-

1269 858 1336 909 vii
1380 859 1481 910 iam
1508 865 1711 911 montes
1737 858 1929 910 excelsi
1957 875 2265 912 commemo-

1269 938 1475 984 rantur:
1505 930 1674 1000 Aquae
1698 932 2078 1001 praevaluerunt
2114 932 2313 989 nimis‘s·

1265 1022 1410 1074 super
1438 1014 1640 1068 terram,
1673 1009 1919 1075 opertique
1959 1015 2072 1065 sunt
2101 1023 2264 1079 omnes

1266 1090 1451 1133 montes
1504 1081 1700 1133 excelsi.
1739 1121 1751 1134 .
1788 1123 1799 1133 .
1845 1081 2132 1144 Quindecim
2183 1098 2264 1137 cu·
2320 1099 2322 1101 ’

1268 1154 1378 1206 bitis
1405 1155 1556 1207 altior
1588 1156 1686 1222 fait
1712 1171 1843 1223 aqua
1882 1171 2029 1224 super
2055 1164 2258 1219 montem,
2314 1187 2319 1190 -

1266 1245 1387 1296 qnos
1415 1238 1674 1298 operuerat
1702 1227 1797 1300 (l).
1828 1229 1882 1282 Si
1908 1245 2033 1297 ergo
2062 1238 2262 1283 montes

1265 1303 1458 1355 excelsi
1498 1304 1562 1356 ab
1602 1303 1711 1372 ipso
1750 1303 1857 1356 Deo
1895 1311 2106 1356 creante
2145 1320 2262 1358 con-

1265 1378 1430 1429 stituti
1473 1385 1615 1438 sunt,
1659 1378 1849 1430 absone
1889 1378 2141 1431 increduli
2172 1395 2260 1431 eo-

1266 1467 1379 1503 rum
1421 1453 1672 1518 originem
1712 1453 1857 1503 iuxta
1908 1451 2049 1519 leges
2090 1452 2259 1521 physi-

1264 1541 1351 1576 cas
1392 1526 1678 1594 inquirunt,
1711 1533 1760 1577 et
1789 1526 1981 1578 mundo
2011 1527 2258 1581 maiorem

1264 1606 1489 1651 aetatem
1549 1600 1811 1651 vindicare
1882 1601 2136 1653 nituntur*
2186 1627 2254 1642 -

1264 1672 1406 1735 Quod
1446 1690 1661 1742 corpora
1703 1675 2013 1740 petraefacta
2053 1675 2256 1742 attinet,

1267 1749 1441 1814 negari
1485 1765 1583 1800 non
1629 1755 1794 1815 potest
1832 1749 1895 1799 ad
1939 1748 2095 1800 talem
2134 1765 2257 1801 con-

1265 1822 1551 1873 versionem
1595 1838 1782 1887 magno
1811 1822 2053 1889 temporis
2093 1823 2256 1890 spatio

1261 1911 1388 1962 opus
1416 1912 1548 1959 esse3
1581 1897 1694 1963 quis
1722 1903 1896 1948 autem
1925 1896 2255 1964 physicorum

1264 1970 1512 2035 probabit,
1558 1972 1652 2020 tria
1698 1970 1854 2021 millia
1895 1986 2150 2022 annorum
2190 1973 2256 2026 ad

1263 2043 1355 2094 hoc
1398 2061 1497 2095 non
1527 2042 1792 2095 sufficere?
1834 2051 2031 2096 certum
2060 2051 2138 2096 est
2181 2044 2255 2096 le-

1259 2134 1348 2184 ges
1390 2125 1440 2170 et
1481 2120 1615 2169 vires
1674 2118 1951 2185 organismi
2006 2119 2256 2171 naturalis

1260 2192 1402 2243 uobis
1442 2192 1510 2243 ita
1555 2199 1849 2259 perspectas
1892 2209 1989 2244 non
2034 2209 2166 2252 esse,
2199 2200 2255 2245 ut

1260 2266 1375 2316 inde
1442 2266 1661 2317 solidum
1719 2272 2086 2333 argumentum
2151 2268 2253 2334 peti

1257 2346 1430 2407 queat.
1476 2339 1762 2391 Plurimum
1801 2357 1928 2392 sane
1955 2358 1984 2392 a
2012 2341 2249 2406 materia,

1256 2414 1337 2463 cui
1357 2415 1580 2465 iniacent
1601 2430 1835 2481 corpora,
1871 2415 2041 2467 calore
2063 2420 2114 2466 et
2137 2414 2252 2478 aliis

1255 2488 1659 2539 circumstantiis
1711 2487 2004 2554 dependet,
2067 2474 2252 2540 utilia

1255 2563 1419 2612 serius
1458 2569 1547 2613 aut
1570 2577 1729 2628 ocyus
1760 2561 2083 2628 petraefiant.
2114 2560 2252 2614 ldem

1255 2636 1530 2686 dicendum
1569 2642 1646 2687 est
1687 2635 1750 2686 de
1781 2636 1993 2687 materia
2034 2651 2063 2687 a
2107 2651 2275 2687 mou·—

1255 2708 1388 2759 tibus
1431 2709 1704 2775 ignivomis
1757 2710 1952 2770 eiecta,
1997 2725 2161 2777 quae,
2206 2711 2246 2762 si

1252 2783 1434 2833 saltem
1468 2799 1555 2850 per
1590 2784 1869 2838 decursum
1897 2799 2014 2836 cum
2043 2784 2249 2849 copiosa

1256 2863 1389 2907 terra
1430 2864 1814 2914 commiscetur,
1847 2864 1984 2911 certe
2019 2856 2261 2923 pluribus-

1251 2931 1473 2982 saeculis
1516 2947 1614 2983 non
1647 2932 1861 2995 indiget,
1908 2939 1963 2983 ut
2000 2930 2248 2997 soecunda

1251 3004 1513 3055 reddatur:
1532 3007 1624 3070 sic,
1639 3012 1768 3056 teste
1782 3003 1919 3058 Coma
1941 3008 1997 3055 cle
2015 3002 2246 3071 Stolbery,

1249 3078 1380 3128 circa
1425 3075 1637 3130 AEtnam
1680 3079 1916 3144 regiones
1972 3078 2247 3139 inveniun-

1250 3157 1334 3202 tur
1363 3167 1460 3202 non
1502 3154 1566 3204 ab
1605 3152 1882 3214 admodum
1915 3150 2077 3215 ⁴longo
2116 3158 2247 3205 'tcm-

1246 3239 1367 3290 pore
1410 3231 1673 3285 vastatae,
1719 3227 1867 3279 ruodo
1916 3223 2104 3277 iterum
2146 3225 2247 3279 fnu-

1244 3297 1455 3363 giferae.
1486 3327 1562 3337 —
1585 3297 1786 3366 Neque
1796 3312 1864 3352 ex
1893 3299 2245 3371 magnitudine
2272 3335 2290 3350 »,

1243 3371 1558 3423 concharum
1599 3365 2130 3480 margaritiferarum‚
2142 3370 2273 3427 nen*

1244 3469 1349 3516 ¹³²(1)
1364 3471 1458 3509 Gen.
1481 3470 1516 3512 Ἰ
1546 3469 1595 3508 19
