2332 3860
757 117 876 156 vans
911 118 983 155 nr.
1017 86 1193 156 sec-rto
1231 114 1287 154 π.
1331 113 1482 153 carm
1518 114 1574 151 n.

90 183 97 193 ,
155 215 301 265 sua&
337 205 382 254 et
418 184 591 258 erexit,
612 214 768 262 cornu
804 198 978 253 salutis
1011 195 1147 252 nobis

31 287 34 291 ’
79 280 93 302 ”
248 282 303 329 at
338 275 444 326 sine
465 274 637 327 timore
655 273 710 326 de
736 289 888 326 manu
926 273 1147 327 inimico·

28 350 79 417 ’,ζ
157 364 270 403 rum
308 355 590 401 nostrorum
643 346 839 400 liberati
876 349 1148 403 serviamus

156 423 234 477 itti
271 422 324 475 in
360 422 617 475 sanctitate
654 430 698 472 et
738 422 927 475 iustitia
982 438 1149 475 coram

50 487 76 551 ,ὓ
157 499 262 568 ipso
286 497 508 550 omnibus
554 495 719 548 diebus
764 498 962 549 nostris.
1007 496 1149 549 Chri-

159 579 271 624 stus
313 572 420 639 ipse
459 576 778 625 contestatus
817 578 915 634 est,
978 586 1032 623 se
1098 571 1149 623 in

159 645 413 699 mundum
460 645 673 697 missum
733 661 865 709 esse,
935 652 1152 697 mortem

161 721 329 773 crucis
369 720 696 782 sustinuisse,
739 726 797 772 ut
862 719 1152 773 hominibus

162 795 394 848 clausum
458 794 658 846 coetum
723 801 992 847 reseraret.
1069 795 1154 846 Ait

163 870 298 922 enim
340 867 571 920 homines
610 884 914 937 comparans
940 869 1150 922 ovibus:

165 942 267 1011 1390
308 942 431 1002 veni,
475 951 527 994 ut
566 943 719 994 vitam
759 943 979 1003 habeant,
1023 952 1066 995 et
1104 960 1154 995 a·

166 1016 461 1071 bundantius
501 1016 724 1069 habeant.
770 1017 874 1086 qu
913 1034 1021 1070 sum
1076 1031 1159 1086 pa-

169 1101 267 1144 stor
299 1091 467 1144 bonus.
510 1091 677 1144 Bonus
712 1100 877 1160 pastor
940 1094 1158 1146 ani-mam

170 1181 308 1219 suam
347 1166 427 1219 dat
480 1180 572 1234 pro
637 1166 797 1219 ovibus
854 1172 991 1229 saiw
1057 1167 1159 1235 Eyo

169 1241 318 1293 vitam
357 1247 600 1292 aeternam
640 1241 698 1292 do
736 1242 824 1300 eie,
867 1249 910 1293 et
948 1258 1045 1293 non
1079 1258 1161 1309 pe-

171 1314 336 1369 ribant
374 1316 426 1365 in
466 1322 733 1376 aeternum,
776 1324 820 1367 et
871 1332 968 1367 non
1008 1315 1161 1385 rapiet

172 1405 251 1442 eas
290 1390 551 1457 quisquam
589 1391 647 1440 de
685 1405 835 1442 viana
900 1407 1008 1442 mea
1062 1389 1158 1462 (l).

173 1463 312 1517 Idem
378 1463 532 1517 habet
595 1463 785 1516 Paulus
848 1464 910 1516 ad
959 1464 1056 1517 Tit.
1103 1464 1163 1516 de

174 1538 374 1591 Christo
414 1538 624 1590 dicens:
670 1537 815 1590 Dedit
861 1541 1165 1608 semetipsum

175 1628 262 1683 pro
300 1611 455 1673 nobis,
480 1620 533 1664 ut
560 1628 646 1664 nos
666 1613 920 1666 redimeret
947 1614 1005 1666 ab
1035 1616 1166 1666 omni

176 1687 450 1755 iniquitate,
490 1695 533 1738 et
579 1687 834 1739 mundaret
880 1689 976 1740 sibi
1021 1705 1170 1757 popu·

179 1762 282 1814 tum
319 1761 682 1830 acceptabilem,
724 1770 1001 1814 sectatorem
1031 1764 1169 1815 bono-

179 1851 292 1888 rum
330 1851 530 1906 operum
560 1834 654 1907 (⁴2).
687 1834 763 1888 Ad
791 1837 945 1890 Hebr.
971 1839 1165 1890 scribit:

180 1909 413 1962 Christus
442 1927 530 1979 per
559 1912 844 1979 passionem
873 1928 1172 1964 consumma-

182 1993 261 2037 tus
300 1986 454 2050 factus
493 1992 559 2037 est
598 1985 818 2037 omnibus
847 1986 1173 2055 obtemperan-

184 2059 312 2112 tibus
361 2058 455 2111 sibi
517 2075 664 2112 causa
726 2059 897 2113 salutis
955 2070 1175 2113 aeternae

186 2131 285 2204 (5);
329 2138 380 2185 et
424 2133 637 2186 ibidem:
679 2134 976 2203 Sanctificati
1009 2152 1176 2187 sumus

185 2223 271 2277 per
309 2206 591 2260 oblationem
629 2210 847 2278 corporis
887 2210 996 2263 Iesu
1036 2209 1179 2262 Chri·

187 2282 251 2334 sti
288 2281 430 2343 semet
459 2279 552 2353 (lt).

262 2356 315 2408 ⁶2.
361 2355 442 2408 ss.
486 2355 664 2409 Patres
722 2357 938 2412 eandem
996 2358 1181 2412 doctri-

188 2446 307 2484 nam
336 2438 644 2499 proponunt.
676 2430 729 2485 S.
758 2430 1027 2499 Greqorius
1049 2432 1182 2486 Naz.

112 2554 117 2558 .
191 2502 268 2575 (ὃ)
309 2504 494 2567 docet,
550 2505 753 2558 Patrem
810 2508 1115 2563 sacrificium
1155 2524 1184 2560 a

190 2578 318 2632 Filio
358 2580 624 2633 incarnato
652 2580 879 2636 oblatum
909 2584 1185 2651 accepisse,

199 2674 221 2702 «
267 2653 384 2722 quia
443 2670 531 2723 per
571 2655 945 2709 humanitatem
997 2674 1025 2709 a
1083 2657 1186 2710 Deo

193 2734 548 2796 assumptam,
610 2729 803 2789 homini
861 2733 1187 2785 sanctitatem

195 2801 365 2855 afferri
406 2803 700 2870 oportebat,
745 2812 801 2858 ut
841 2812 1060 2874 tyranno
1100 2822 1190 2874 per

195 2877 303 2928 vim
342 2884 580 2944 superato
620 2894 712 2931 nos
749 2879 1007 2943 liberaret,
1039 2887 1190 2949 atque

197 2951 261 3003 ad
302 2967 356 3004 se
399 2967 486 3019 per
524 2951 855 3006 Mediatorem
899 2953 1084 3007 Filium
1116 2971 1193 3008 re-

200 3026 429 3078 duceret.
467 3046 492 3074 »
537 3027 595 3081 S.
628 3026 1001 3098 Chrysostomus
1030 3027 1104 3100 (6)
1143 3031 1191 3081 in

199 3098 361 3168 Epist.
405 3101 468 3154 ad
509 3099 657 3154 Rom.
701 3103 770 3154 ita
822 3104 1084 3171 praeclare
1126 3103 1194 3156 Ιο-

202 3174 395 3243 quitur:
443 3174 582 3227 «Per
619 3175 880 3231 Christum
918 3194 1017 3230 non
1048 3179 1196 3231 modo

203 3256 452 3318 quantum
493 3266 619 3318 opus
659 3258 768 3303 erat
807 3252 871 3305 ad
914 3252 1196 3306 tollendum

206 3331 474 3392 peccatum
520 3341 586 3377 ex
639 3327 803 3390 gratia
859 3325 945 3378 illa
1001 3328 1199 3395 accepi-

268 3457 302 3500 1)
328 3458 453 3492 Ioann.
467 3457 522 3498 10,
547 3457 602 3498 10,
627 3457 681 3493 28,

858 3458 906 3492 sei
934 3459 984 3492 Aa
1007 3458 1118 3501 Pina,
1145 3458 1187 3493 14

267 3501 304 3547 a>
327 3502 436 3538 fleur.
461 3512 494 3537 c.
519 3502 552 3546 5,
575 3502 611 3547 9,

856 3502 908 3547 (4)
931 3503 1028 3538 mc.
1050 3503 1107 3544 10,
1132 3503 1186 3539 10.

348 3590 494 3635 Knott.
516 3585 658 3633 Theot.
697 3590 854 3653 Deam.
901 3610 933 3620 -
966 3587 1058 3630 Vol.
1085 3587 1122 3629 l.

2011 91 2125 148 '5123

1209 193 1471 256 mus,>.sed
1514 193 1677 248 multo
1715 191 1955 262 amplius.
2001 191 2199 249 Nam-,a

1207 268 1454 340 supplicio
1482 267 1680 322 liberati
1708 283 1908 330 sumuS,
1937 274 1991 321 et
2029 267 2201 339 nequi-

1210 347 1335 399 tiam
1372 359 1551 396 omnes
1609 344 1878 404 exuimuS,
1933 357 1995 394 ac
2042 345 2205 411 primo

1212 418 1499 486 regenerati
1552 419 1964 476 resurreximus,
2006 417 2206 486 sepulto

1212 494 1373 546 veteri
1414 484 1640 555 hom'ine3
1673 491 1922 559 redempti
1950 506 2129 543 sumus
2158 498 2208 543 et

1213 567 1514 621 sanctificati
1563 572 1716 633 atque
1774 567 1825 617 in
1883 565 2210 633 adoptionem

1213 642 1440 702 adducti,
1485 639 1743 693 iustificati
1772 655 1833 692 ac
1869 639 2053 692 fratres
2092 639 2213 693 Uni-

1214 717 1374 786 geniti
1406 715 1594 777 effecti,
1638 721 1689 768 et
1716 713 2045 775 eobaei·edeS‚
2078 715 2212 766 eius-

1216 792 1331 843 dem
1371 789 1616 858 corporiS‚
1650 795 1702 842 et
1729 790 1898 841 carnis
1926 795 2210 849 consorteS‚

1215 866 1347 918 sicut
1385 871 1539 932 caput
1566 864 1785 932 corpori,
1830 865 1898 915 ita
1921 863 2014 931 ipsi
2056 863 2212 915 iuncti

1218 955 1413 993 sumus,
1459 938 1596 991 Haec
1637 939 1808 1008 itaque
1860 938 2030 990 omnia
2069 937 2215 990 aban·

1218 1015 1435 1067 daritiam
1479 1014 1667 1082 gratiae
1723 1012 1914 1066 Paulus
1972 1013 2215 1074 vocavit,

1219 1089 1523 1150 ostendenS‚
1567 1104 1660 1140 nos
1699 1088 2035 1156 pharmacum
2073 1102 2218 1140 acee-

1223 1165 1354 1232 pisse
1395 1179 1496 1216 non
1536 1163 1684 1215 modo
1727 1178 1817 1232 par
1858 1162 2087 1223 vulneri,
2131 1159 2218 1214 sed

1223 1240 1377 1290 etiam
1428 1239 1722 1299 sanitatem,
1779 1237 2217 1306 pulcritudinem,

1225 1314 1509 1374 honorem,
1564 1311 1779 1379 gloriam
1838 1319 1890 1364 et
1948 1312 2220 1380 dignitates

1227 1387 1375 1455 longe
1418 1394 1654 1439 naturam
1706 1392 1934 1439 nostram
1975 1401 2221 1454 superan-

1229 1470 1322 1514 tes,
1371 1482 1396 1510 »
1438 1461 1491 1514 S.
1542 1459 1848 1529 Aayusttnas
1889 1460 1964 1532 (7)
2007 1460 2222 1513 scribit:

1232 1557 1257 1586 t(
1300 1535 1535 1588 Christus
1590 1536 1754 1588 sactus
1804 1552 1893 1603 pro
1952 1536 2095 1588 nobis
2138 1534 2224 1587 tibi

1231 1610 1460 1682 (aeterne
1501 1609 1672 1680 Pater)
1714 1610 1952 1662 sacerdos
1986 1617 2037 1663 et
2077 1608 2227 1662 sacri-

1231 1687 1424 1747 ficium,
1469 1692 1520 1738 ct
1558 1685 1670 1737 ideo
1711 1684 1968 1747 sacerdOS‚
2012 1684 2129 1754 quia
2155 1699 2230 1735 sa-

1231 1761 1478 1813 orificium
1507 1789 1526 1799 -
1555 1760 1747 1812 faciens
1786 1760 1875 1812 tibi
1916 1775 2009 1812 nos
2036 1759 2098 1811 de
2126 1773 2232 1810 ser-

1235 1837 1309 1887 vis
1351 1835 1512 1896 filios,
1556 1835 1618 1886 de
1661 1841 1710 1886 te
1751 1834 2044 1894 nascend0‚
2089 1831 2235 1884 nobis

1234 1909 1524 1962 serviendO.
1577 1928 1599 1957 »
1646 1908 1832 1960 Concil.
1892 1907 2234 1960 Tridentinum

1236 2000 1364 2038 sess,
1388 1984 1419 2035 6
1442 2000 1488 2035 c.
1506 1984 1538 2035 2
1561 1983 1703 2045 dicit,
1729 1982 1930 2035 Patrem
1955 1983 2240 2034 misericor-

1238 2060 1436 2112 diarum
1479 2057 1665 2110 Filium
1706 2073 1857 2109 suum
1898 2057 1961 2109 ad
2005 2057 2237 2109 homines

1242 2135 1457 2196 misisse,
1502 2140 1554 2184 ut
1582 2140 1624 2184 et
1652 2132 1875 2193 Iudaeos,
1910 2132 1997 2199 qui
2023 2130 2110 2183 sub
2140 2129 2236 2198 le9e

1239 2216 1377 2261 erant
1404 2250 1416 2268 ,
1461 2208 1754 2268 redimeret,
1798 2214 1841 2258 et
1879 2214 2036 2274 qentes
2064 2247 2075 2265 ‚
2119 2219 2240 2272 quae

1241 2300 1337 2335 non
1365 2282 1677 2334 sectabantur
1707 2281 1968 2340 iustitiam,
2001 2279 2238 2331 iustitiam

1243 2357 1679 2428 apprehenderent,
1723 2363 1867 2422 atque
1920 2369 2081 2406 omnes
2128 2355 2244 2405 ado-

1242 2434 1450 2501 ptionem
1482 2431 1699 2501 filioram
1739 2430 2021 2498 reciperent.
2066 2426 2130 2480 Et
2157 2426 2246 2479 ibi·

1248 2508 1360 2560 dem
1403 2522 1516 2574 cap.
1549 2505 1580 2557 7
1623 2504 1807 2573 inquit:
1857 2503 1987 2555 lesus
2018 2499 2246 2555 Christus

1248 2588 1475 2650 -propter
1529 2580 1736 2632 nimiam
1782 2577 2100 2638 charitatem,
2150 2590 2247 2645 qua

1249 2656 1421 2708 ditexit
1448 2671 1552 2714 izos,
1580 2670 1671 2707 sua
1699 2652 2003 2706 sanctissima
2024 2650 2249 2720 passione

1252 2732 1301 2783 in
1343 2730 1478 2798 tiqno
1505 2730 1662 2783 crucis
1691 2727 1826 2781 nobis
1853 2725 2250 2796 iustificationem

1251 2804 1452 2858 meruit.

1643 2949 1681 3007 33
1721 2947 1847 2994 zen.

1254 3050 1316 3084 111.
1343 3047 1502 3084 Actuatis
1536 3045 1769 3090 participatio
1799 3045 1844 3079 de
1881 3042 2072 3079 effectibus
2103 3042 2252 3078 Redem-

1299 3108 1434 3152 ptionis
1456 3107 1675 3151 quibusdam
1710 3103 1984 3140 conditionibus
2013 3099 2253 3147 adimplendis

1300 3172 1357 3204 est
1378 3167 1538 3212 alligata.

1332 3250 1564 3304 Christus
1624 3264 1723 3301 non
1766 3249 1866 3300 iam
1906 3248 1976 3300 ita
2022 3245 2257 3299 homines

1262 3325 1497 3385 redemit,
1543 3329 1598 3375 ut
1625 3323 1767 3392 quasi
1799 3321 2135 3391 pathotogicO,
2163 3333 2255 3371 seu

1307 3455 1355 3499 (5)
1381 3456 1480 3490 Orat.
1505 3454 1561 3495 45,
1586 3463 1622 3488 n.
1646 3453 1678 3488 2.

1861 3453 1914 3497 (6)
1938 3452 2043 3487 Hom.
2071 3448 2126 3491 10,
2155 3457 2176 3482 n
2217 3446 2249 3483 2

1307 3501 1359 3546 (7)
1384 3502 1424 3537 L.
1448 3499 1492 3536 10
1506 3499 1608 3535 Conf.
1634 3508 1668 3534 c.
1693 3496 1754 3534 43.
1796 3513 1809 3521 -

2011 3571 2069 3613 335
