<?xml version="1.0" encoding="UTF-8"?>
<!DOCTYPE html PUBLIC "-//W3C//DTD XHTML 1.0 Transitional//EN"
    "http://www.w3.org/TR/xhtml1/DTD/xhtml1-transitional.dtd">
<html xmlns="http://www.w3.org/1999/xhtml" xml:lang="en" lang="en">
 <head>
  <title>
</title>
<meta http-equiv="Content-Type" content="text/html;charset=utf-8" />
  <meta name='ocr-system' content='tesseract 3.04.00' />
  <meta name='ocr-capabilities' content='ocr_page ocr_carea ocr_par ocr_line ocrx_word'/>
</head>
<body>
  <div class='ocr_page' id='page_1' title='image "./theologiae00knoluoft_0293.png"; bbox 0 0 2332 3860; ppageno 0'>
   <div class='ocr_carea' id='block_1_1' title="bbox 733 128 1532 170">
    <p class='ocr_par' dir='ltr' id='par_1_1' title="bbox 733 128 1532 170">
     <span class='ocr_line' id='line_1_1' title="bbox 733 128 1532 170; baseline -0.001 -1"><span class='ocrx_word' id='word_1_1' title='bbox 733 131 854 170; x_wconf 63' lang='lat' dir='ltr'>PARS</span> <span class='ocrx_word' id='word_1_2' title='bbox 888 131 959 170; x_wconf 80' lang='lat' dir='ltr'>u..</span> <span class='ocrx_word' id='word_1_3' title='bbox 970 131 1153 170; x_wconf 67' lang='lat' dir='ltr'>secvlo</span> <span class='ocrx_word' id='word_1_4' title='bbox 1188 131 1226 169; x_wconf 83' lang='lat' dir='ltr'>t.</span> <span class='ocrx_word' id='word_1_5' title='bbox 1268 129 1422 169; x_wconf 77' lang='lat' dir='ltr'>CAPUT</span> <span class='ocrx_word' id='word_1_6' title='bbox 1458 128 1532 169; x_wconf 82' lang='lat' dir='ltr'>m.</span> 
     </span>
    </p>
   </div>
   <div class='ocr_carea' id='block_1_2' title="bbox 1971 117 2081 174">
    <p class='ocr_par' dir='ltr' id='par_1_2' title="bbox 1971 117 2081 174">
     <span class='ocr_line' id='line_1_2' title="bbox 1971 117 2081 174; baseline -0.036 0"><span class='ocrx_word' id='word_1_7' title='bbox 1971 117 2081 174; x_wconf 74' lang='lat'>285</span> 
     </span>
    </p>
   </div>
   <div class='ocr_carea' id='block_1_3' title="bbox 110 210 2157 366">
    <p class='ocr_par' dir='ltr' id='par_1_3' title="bbox 110 210 2157 360">
     <span class='ocr_line' id='line_1_3' title="bbox 119 210 2157 299; baseline 0 -30"><span class='ocrx_word' id='word_1_8' title='bbox 119 236 189 293; x_wconf 58' lang='lat' dir='ltr'>q„</span> <span class='ocrx_word' id='word_1_9' title='bbox 155 220 251 293; x_wconf 59' lang='lat' dir='ltr'>„ia</span> <span class='ocrx_word' id='word_1_10' title='bbox 254 216 512 299; x_wconf 60' lang='lat' dir='ltr'>satanin,</span> <span class='ocrx_word' id='word_1_11' title='bbox 536 212 928 283; x_wconf 87' lang='lat' dir='ltr'>quidominium</span> <span class='ocrx_word' id='word_1_12' title='bbox 943 228 1103 298; x_wconf 71' lang='lat' dir='ltr'>suum</span> <span class='ocrx_word' id='word_1_13' title='bbox 1167 211 1434 274; x_wconf 78' lang='lat' dir='ltr'>naturaliS,</span> <span class='ocrx_word' id='word_1_14' title='bbox 1476 210 1566 266; x_wconf 85' lang='lat' dir='ltr'>sed</span> <span class='ocrx_word' id='word_1_15' title='bbox 1604 210 1776 271; x_wconf 84' lang='lat' dir='ltr'>malus</span> <span class='ocrx_word' id='word_1_16' title='bbox 1819 214 2046 283; x_wconf 82' lang='lat' dir='ltr'>angelus</span> <span class='ocrx_word' id='word_1_17' title='bbox 2074 223 2157 272; x_wconf 86' lang='lat' dir='ltr'>est</span> 
     </span>
     <span class='ocr_line' id='line_1_4' title="bbox 110 285 1547 366; baseline -0.006 -19"><span class='ocrx_word' id='word_1_18' title='bbox 110 292 329 366; x_wconf 54' lang='lat' dir='ltr'>dilatare</span> <span class='ocrx_word' id='word_1_19' title='bbox 366 287 566 348; x_wconf 85' lang='lat' dir='ltr'>nititur,</span> <span class='ocrx_word' id='word_1_20' title='bbox 606 285 853 340; x_wconf 85' lang='lat' dir='ltr'>Satanam</span> <span class='ocrx_word' id='word_1_21' title='bbox 881 304 992 341; x_wconf 92' lang='lat' dir='ltr'>non</span> <span class='ocrx_word' id='word_1_22' title='bbox 1015 288 1103 341; x_wconf 86' lang='lat' dir='ltr'>eii·</span> <span class='ocrx_word' id='word_1_23' title='bbox 1164 285 1547 355; x_wconf 83' lang='lat' dir='ltr'>intelligendus.</span> 
     </span>
    </p>
   </div>
   <div class='ocr_carea' id='block_1_4' title="bbox 59 361 1106 2797">
    <p class='ocr_par' dir='ltr' id='par_1_4' title="bbox 59 361 1106 2797">
     <span class='ocr_line' id='line_1_5' title="bbox 108 361 1102 436; baseline -0.004 -17"><span class='ocrx_word' id='word_1_24' title='bbox 108 367 230 436; x_wconf 60' lang='grc' dir='ltr'>,σὴς</span> <span class='ocrx_word' id='word_1_25' title='bbox 244 363 332 426; x_wconf 77' lang='lat' dir='ltr'>sed</span> <span class='ocrx_word' id='word_1_26' title='bbox 383 362 526 421; x_wconf 77' lang='lat' dir='ltr'>baec</span> <span class='ocrx_word' id='word_1_27' title='bbox 553 361 844 415; x_wconf 81' lang='lat' dir='ltr'><strong>absurditas</strong></span> <span class='ocrx_word' id='word_1_28' title='bbox 884 377 990 416; x_wconf 90' lang='lat' dir='ltr'>non</span> <span class='ocrx_word' id='word_1_29' title='bbox 1024 378 1102 415; x_wconf 90' lang='lat' dir='ltr'>se-</span> 
     </span>
     <span class='ocr_line' id='line_1_6' title="bbox 115 431 1101 511; baseline -0.006 -17"><span class='ocrx_word' id='word_1_30' title='bbox 115 431 391 511; x_wconf 83' lang='lat' dir='ltr'>queretur,</span> <span class='ocrx_word' id='word_1_31' title='bbox 434 436 476 488; x_wconf 85' lang='lat' dir='ltr'>si</span> <span class='ocrx_word' id='word_1_32' title='bbox 526 436 733 488; x_wconf 84' lang='lat' dir='ltr'>morbus</span> <span class='ocrx_word' id='word_1_33' title='bbox 775 452 914 490; x_wconf 89' lang='lat' dir='ltr'>vere</span> <span class='ocrx_word' id='word_1_34' title='bbox 955 442 1101 489; x_wconf 83' lang='lat' dir='ltr'>natu-</span> 
     </span>
     <span class='ocr_line' id='line_1_7' title="bbox 117 509 1101 578; baseline -0.007 -10"><span class='ocrx_word' id='word_1_35' title='bbox 117 513 236 569; x_wconf 85' lang='lat' dir='ltr'>ralis</span> <span class='ocrx_word' id='word_1_36' title='bbox 295 517 506 574; x_wconf 86' lang='lat' dir='ltr'>curatus</span> <span class='ocrx_word' id='word_1_37' title='bbox 543 509 765 563; x_wconf 83' lang='lat' dir='ltr'>fuisset.</span> <span class='ocrx_word' id='word_1_38' title='bbox 820 509 938 578; x_wconf 92' lang='lat' dir='ltr'>quid</span> <span class='ocrx_word' id='word_1_39' title='bbox 980 525 1101 577; x_wconf 83' lang='lat' dir='ltr'>ergo</span> 
     </span>
     <span class='ocr_line' id='line_1_8' title="bbox 74 582 1102 653; baseline -0.006 -12"><span class='ocrx_word' id='word_1_40' title='bbox 74 587 179 641; x_wconf 23' lang='lat' dir='ltr'>rde</span> <span class='ocrx_word' id='word_1_41' title='bbox 239 583 684 653; x_wconf 82' lang='lat' dir='ltr'><strong>argumentatione</strong></span> <span class='ocrx_word' id='word_1_42' title='bbox 748 582 938 636; x_wconf 81' lang='lat' dir='ltr'>Christi</span> <span class='ocrx_word' id='word_1_43' title='bbox 984 599 1102 635; x_wconf 90' lang='lat' dir='ltr'>cen-</span> 
     </span>
     <span class='ocr_line' id='line_1_9' title="bbox 115 655 1101 728; baseline -0.007 -14"><span class='ocrx_word' id='word_1_44' title='bbox 115 659 332 714; x_wconf 86' lang='lat' dir='ltr'>sendum</span> <span class='ocrx_word' id='word_1_45' title='bbox 358 659 483 728; x_wconf 79' lang='lat' dir='ltr'>soret</span> <span class='ocrx_word' id='word_1_46' title='bbox 506 655 532 710; x_wconf 76' lang='lat'>⁶?</span> <span class='ocrx_word' id='word_1_47' title='bbox 569 658 839 710; x_wconf 88' lang='lat' dir='ltr'>Praeterea</span> <span class='ocrx_word' id='word_1_48' title='bbox 866 655 1101 709; x_wconf 87' lang='lat' dir='ltr'>Christus</span> 
     </span>
     <span class='ocr_line' id='line_1_10' title="bbox 115 729 1101 803; baseline -0.004 -17"><span class='ocrx_word' id='word_1_49' title='bbox 115 750 180 793; x_wconf 82' lang='lat' dir='ltr'>ex</span> <span class='ocrx_word' id='word_1_50' title='bbox 218 734 325 803; x_wconf 87' lang='lat' dir='ltr'>ipsa</span> <span class='ocrx_word' id='word_1_51' title='bbox 364 731 673 789; x_wconf 89' lang='lat' dir='ltr'>daemonum</span> <span class='ocrx_word' id='word_1_52' title='bbox 700 729 1000 800; x_wconf 82' lang='lat' dir='ltr'>expulsione</span> <span class='ocrx_word' id='word_1_53' title='bbox 1024 733 1101 783; x_wconf 90' lang='lat' dir='ltr'>in-</span> 
     </span>
     <span class='ocr_line' id='line_1_11' title="bbox 114 804 1098 874; baseline -0.004 -13"><span class='ocrx_word' id='word_1_54' title='bbox 114 809 229 867; x_wconf 82' lang='lat' dir='ltr'>fert,</span> <span class='ocrx_word' id='word_1_55' title='bbox 272 822 488 874; x_wconf 83' lang='lat' dir='ltr'>regnum</span> <span class='ocrx_word' id='word_1_56' title='bbox 528 805 752 858; x_wconf 84' lang='lat' dir='ltr'>Satanae</span> <span class='ocrx_word' id='word_1_57' title='bbox 791 804 1004 865; x_wconf 81' lang='lat' dir='ltr'>destrui,</span> <span class='ocrx_word' id='word_1_58' title='bbox 1050 812 1098 857; x_wconf 89' lang='lat' dir='ltr'>et</span> 
     </span>
     <span class='ocr_line' id='line_1_12' title="bbox 116 848 1096 1022; baseline -0.005 -87"><span class='ocrx_word' id='word_1_59' title='bbox 116 879 328 951; x_wconf 84' lang='lat' dir='ltr'>regnum</span> <span class='ocrx_word' id='word_1_60' title='bbox 330 848 469 932; x_wconf 62' lang='lat' dir='ltr'>‘’Deif</span> <span class='ocrx_word' id='word_1_61' title='bbox 459 896 510 932; x_wconf 84' lang='lat' dir='ltr'>in</span> <span class='ocrx_word' id='word_1_62' title='bbox 535 887 672 932; x_wconf 86' lang='lat' dir='ltr'>terra</span> <span class='ocrx_word' id='word_1_63' title='bbox 693 878 931 941; x_wconf 84' lang='lat' dir='ltr'>stabiliri3</span> <span class='ocrx_word' id='word_1_64' title='bbox 951 879 1096 1022; x_wconf 62' lang='lat' dir='ltr'>&gt;quod</span> 
     </span>
     <span class='ocr_line' id='line_1_13' title="bbox 116 950 1100 1024; baseline -0.006 -15"><span class='ocrx_word' id='word_1_65' title='bbox 116 963 172 1009; x_wconf 91' lang='lat' dir='ltr'>ut</span> <span class='ocrx_word' id='word_1_66' title='bbox 209 954 510 1016; x_wconf 90' lang='lat' dir='ltr'>confirmet,</span> <span class='ocrx_word' id='word_1_67' title='bbox 554 953 858 1006; x_wconf 85' lang='lat' dir='ltr'>daemonem</span> <span class='ocrx_word' id='word_1_68' title='bbox 892 950 967 1024; x_wconf 79' lang='lat' dir='ltr'>(i)</span> <span class='ocrx_word' id='word_1_69' title='bbox 996 954 1100 1019; x_wconf 83' lang='lat' dir='ltr'>for-</span> 
     </span>
     <span class='ocr_line' id='line_1_14' title="bbox 59 1027 1099 1096; baseline -0.005 -13"><span class='ocrx_word' id='word_1_70' title='bbox 59 1067 74 1073; x_wconf 67' lang='lat'><strong>·</strong></span> <span class='ocrx_word' id='word_1_71' title='bbox 113 1038 204 1083; x_wconf 86' lang='lat' dir='ltr'>tem</span> <span class='ocrx_word' id='word_1_72' title='bbox 250 1036 501 1081; x_wconf 86' lang='lat' dir='ltr'>armatum</span> <span class='ocrx_word' id='word_1_73' title='bbox 540 1027 786 1096; x_wconf 88' lang='lat' dir='ltr'>appellat,</span> <span class='ocrx_word' id='word_1_74' title='bbox 831 1042 885 1079; x_wconf 91' lang='lat' dir='ltr'>se</span> <span class='ocrx_word' id='word_1_75' title='bbox 925 1034 1099 1079; x_wconf 88' lang='lat' dir='ltr'>autem</span> 
     </span>
     <span class='ocr_line' id='line_1_15' title="bbox 113 1095 1098 1172; baseline -0.003 -16"><span class='ocrx_word' id='word_1_76' title='bbox 113 1095 365 1172; x_wconf 75' lang='lat' dir='ltr'><strong><em>fortiorem</em></strong></span> <span class='ocrx_word' id='word_1_77' title='bbox 393 1118 444 1154; x_wconf 89' lang='lat' dir='ltr'>eo</span> <span class='ocrx_word' id='word_1_78' title='bbox 465 1102 586 1154; x_wconf 91' lang='lat' dir='ltr'>dicit</span> <span class='ocrx_word' id='word_1_79' title='bbox 614 1099 668 1172; x_wconf 51' lang='grc' dir='ltr'>(ᾖ</span> <span class='ocrx_word' id='word_1_80' title='bbox 673 1099 711 1171; x_wconf 92' lang='grc'>).</span> <span class='ocrx_word' id='word_1_81' title='bbox 757 1098 896 1153; x_wconf 87' lang='lat' dir='ltr'>Haec</span> <span class='ocrx_word' id='word_1_82' title='bbox 928 1102 1098 1153; x_wconf 87' lang='lat' dir='ltr'>omnia</span> 
     </span>
     <span class='ocr_line' id='line_1_16' title="bbox 113 1175 1096 1248; baseline -0.003 -19"><span class='ocrx_word' id='word_1_83' title='bbox 113 1177 314 1248; x_wconf 84' lang='lat' dir='ltr'>qualem</span> <span class='ocrx_word' id='word_1_84' title='bbox 355 1191 560 1230; x_wconf 88' lang='lat' dir='ltr'>sensum</span> <span class='ocrx_word' id='word_1_85' title='bbox 603 1176 872 1235; x_wconf 84' lang='lat' dir='ltr'>baberent,</span> <span class='ocrx_word' id='word_1_86' title='bbox 916 1175 959 1227; x_wconf 88' lang='lat' dir='ltr'>si</span> <span class='ocrx_word' id='word_1_87' title='bbox 999 1192 1096 1228; x_wconf 93' lang='lat' dir='ltr'>non</span> 
     </span>
     <span class='ocr_line' id='line_1_17' title="bbox 114 1249 1100 1310; baseline -0.005 -5"><span class='ocrx_word' id='word_1_88' title='bbox 114 1254 328 1305; x_wconf 82' lang='lat' dir='ltr'>daemon</span> <span class='ocrx_word' id='word_1_89' title='bbox 370 1251 583 1310; x_wconf 89' lang='lat' dir='ltr'>eiectus,</span> <span class='ocrx_word' id='word_1_90' title='bbox 626 1249 715 1301; x_wconf 88' lang='lat' dir='ltr'>sed</span> <span class='ocrx_word' id='word_1_91' title='bbox 758 1256 956 1301; x_wconf 88' lang='lat' dir='ltr'>tantum</span> <span class='ocrx_word' id='word_1_92' title='bbox 1012 1266 1100 1301; x_wconf 86' lang='lat' dir='ltr'>na-</span> 
     </span>
     <span class='ocr_line' id='line_1_18' title="bbox 115 1323 1099 1380; baseline -0.005 -1"><span class='ocrx_word' id='word_1_93' title='bbox 115 1324 295 1380; x_wconf 82' lang='lat' dir='ltr'>turalis</span> <span class='ocrx_word' id='word_1_94' title='bbox 337 1326 543 1378; x_wconf 83' lang='lat' dir='ltr'>morbus</span> <span class='ocrx_word' id='word_1_95' title='bbox 601 1329 812 1375; x_wconf 87' lang='lat' dir='ltr'>curatus</span> <span class='ocrx_word' id='word_1_96' title='bbox 872 1323 1099 1375; x_wconf 80' lang='lat' dir='ltr'>fuisset?</span> 
     </span>
     <span class='ocr_line' id='line_1_19' title="bbox 114 1395 1101 1467; baseline -0.003 -15"><span class='ocrx_word' id='word_1_97' title='bbox 114 1395 247 1452; x_wconf 85' lang='lat' dir='ltr'>anne.</span> <span class='ocrx_word' id='word_1_98' title='bbox 289 1399 368 1451; x_wconf 79' lang='lat' dir='ltr'>liic</span> <span class='ocrx_word' id='word_1_99' title='bbox 410 1400 505 1452; x_wconf 90' lang='lat' dir='ltr'>dici</span> <span class='ocrx_word' id='word_1_100' title='bbox 548 1403 710 1467; x_wconf 87' lang='lat' dir='ltr'>potest</span> <span class='ocrx_word' id='word_1_101' title='bbox 748 1398 896 1466; x_wconf 76' lang='lat' dir='ltr'>fortis</span> <span class='ocrx_word' id='word_1_102' title='bbox 936 1414 1101 1449; x_wconf 82' lang='lat' dir='ltr'>arma-</span> 
     </span>
     <span class='ocr_line' id='line_1_20' title="bbox 118 1471 1101 1539; baseline -0.002 -15"><span class='ocrx_word' id='word_1_103' title='bbox 118 1485 214 1529; x_wconf 81' lang='lat' dir='ltr'>tus,</span> <span class='ocrx_word' id='word_1_104' title='bbox 241 1475 387 1525; x_wconf 87' lang='lat' dir='ltr'>cuius</span> <span class='ocrx_word' id='word_1_105' title='bbox 410 1473 640 1525; x_wconf 73' lang='lat' dir='ltr'>universa</span> <span class='ocrx_word' id='word_1_106' title='bbox 666 1488 827 1532; x_wconf 76' lang='lat' dir='ltr'>orma,</span> <span class='ocrx_word' id='word_1_107' title='bbox 854 1471 1101 1539; x_wconf 80' lang='lat' dir='ltr'>inquibus</span> 
     </span>
     <span class='ocr_line' id='line_1_21' title="bbox 114 1544 1103 1617; baseline -0.003 -18"><span class='ocrx_word' id='word_1_108' title='bbox 114 1547 390 1617; x_wconf 71' lang='lat' dir='ltr'>confidebat,</span> <span class='ocrx_word' id='word_1_109' title='bbox 433 1544 786 1599; x_wconf 80' lang='lat' dir='ltr'>auferuntur?</span> <span class='ocrx_word' id='word_1_110' title='bbox 826 1574 899 1583; x_wconf 90' lang='lat'>—-</span> <span class='ocrx_word' id='word_1_111' title='bbox 926 1546 1103 1597; x_wconf 86' lang='lat' dir='ltr'>Prose-</span> 
     </span>
     <span class='ocr_line' id='line_1_22' title="bbox 113 1618 1102 1689; baseline 0 -18"><span class='ocrx_word' id='word_1_112' title='bbox 113 1622 286 1689; x_wconf 88' lang='lat' dir='ltr'>quitur</span> <span class='ocrx_word' id='word_1_113' title='bbox 325 1621 440 1672; x_wconf 88' lang='lat' dir='ltr'>dein</span> <span class='ocrx_word' id='word_1_114' title='bbox 480 1619 710 1672; x_wconf 81' lang='lat' dir='ltr'>Christus</span> <span class='ocrx_word' id='word_1_115' title='bbox 750 1619 945 1672; x_wconf 84' lang='lat' dir='ltr'>dicens:</span> <span class='ocrx_word' id='word_1_116' title='bbox 978 1618 1102 1671; x_wconf 86' lang='lat' dir='ltr'>Cum</span> 
     </span>
     <span class='ocr_line' id='line_1_23' title="bbox 114 1693 1102 1762; baseline -0.002 -16"><span class='ocrx_word' id='word_1_117' title='bbox 114 1694 399 1746; x_wconf 77' lang='lat' dir='ltr'>immundus</span> <span class='ocrx_word' id='word_1_118' title='bbox 440 1695 642 1762; x_wconf 81' lang='lat' dir='ltr'>spiritus</span> <span class='ocrx_word' id='word_1_119' title='bbox 693 1693 870 1746; x_wconf 75' lang='lat' dir='ltr'>exierit</span> <span class='ocrx_word' id='word_1_120' title='bbox 920 1695 976 1745; x_wconf 81' lang='lat' dir='ltr'>de</span> <span class='ocrx_word' id='word_1_121' title='bbox 1021 1694 1102 1745; x_wconf 85' lang='lat' dir='ltr'>ho·</span> 
     </span>
     <span class='ocr_line' id='line_1_24' title="bbox 114 1767 1102 1835; baseline -0.002 -16"><span class='ocrx_word' id='word_1_122' title='bbox 114 1769 281 1827; x_wconf 78' lang='lat' dir='ltr'>mine,</span> <span class='ocrx_word' id='word_1_123' title='bbox 324 1767 539 1819; x_wconf 74' lang='lat' dir='ltr'>ambulat</span> <span class='ocrx_word' id='word_1_124' title='bbox 586 1783 675 1835; x_wconf 79' lang='lat' dir='ltr'>per</span> <span class='ocrx_word' id='word_1_125' title='bbox 722 1767 823 1818; x_wconf 83' lang='lat' dir='ltr'>toea</span> <span class='ocrx_word' id='word_1_126' title='bbox 867 1768 1102 1834; x_wconf 79' lang='lat' dir='ltr'>inaquoso</span> 
     </span>
     <span class='ocr_line' id='line_1_25' title="bbox 115 1841 1103 1911; baseline -0.004 -15"><span class='ocrx_word' id='word_1_127' title='bbox 115 1855 350 1911; x_wconf 58' lang='lat' dir='ltr'>quaereris</span> <span class='ocrx_word' id='word_1_128' title='bbox 378 1843 613 1909; x_wconf 81' lang='lat' dir='ltr'>requiem,</span> <span class='ocrx_word' id='word_1_129' title='bbox 641 1851 685 1893; x_wconf 90' lang='lat' dir='ltr'>et</span> <span class='ocrx_word' id='word_1_130' title='bbox 719 1857 816 1892; x_wconf 80' lang='lat' dir='ltr'>non</span> <span class='ocrx_word' id='word_1_131' title='bbox 858 1841 1103 1893; x_wconf 72' lang='lat' dir='ltr'>inveniens</span> 
     </span>
     <span class='ocr_line' id='line_1_26' title="bbox 115 1914 1101 1969; baseline -0.005 0"><span class='ocrx_word' id='word_1_132' title='bbox 115 1916 270 1969; x_wconf 80' lang='lat' dir='ltr'>dicit.-</span> <span class='ocrx_word' id='word_1_133' title='bbox 319 1914 548 1967; x_wconf 75' lang='lat' dir='ltr'>Revertar</span> <span class='ocrx_word' id='word_1_134' title='bbox 587 1915 640 1967; x_wconf 82' lang='lat' dir='ltr'>in</span> <span class='ocrx_word' id='word_1_135' title='bbox 699 1915 897 1966; x_wconf 84' lang='lat' dir='ltr'>domum</span> <span class='ocrx_word' id='word_1_136' title='bbox 948 1931 1101 1967; x_wconf 81' lang='lat' dir='ltr'>meam</span> 
     </span>
     <span class='ocr_line' id='line_1_27' title="bbox 116 1988 1102 2048; baseline -0.002 -6"><span class='ocrx_word' id='word_1_137' title='bbox 116 1991 241 2042; x_wconf 81' lang='lat' dir='ltr'>unde</span> <span class='ocrx_word' id='word_1_138' title='bbox 280 1989 429 2041; x_wconf 71' lang='lat' dir='ltr'>exiri.</span> <span class='ocrx_word' id='word_1_139' title='bbox 466 1988 597 2041; x_wconf 81' lang='lat' dir='ltr'>Tunc</span> <span class='ocrx_word' id='word_1_140' title='bbox 625 1989 771 2048; x_wconf 78' lang='lat' dir='ltr'>vadit,</span> <span class='ocrx_word' id='word_1_141' title='bbox 814 1997 858 2040; x_wconf 90' lang='lat' dir='ltr'>et</span> <span class='ocrx_word' id='word_1_142' title='bbox 896 1991 1102 2040; x_wconf 79' lang='lat' dir='ltr'><em>assumit</em></span> 
     </span>
     <span class='ocr_line' id='line_1_28' title="bbox 116 2063 1098 2132; baseline -0.001 -16"><span class='ocrx_word' id='word_1_143' title='bbox 116 2072 287 2131; x_wconf 78' lang='lat' dir='ltr'><em>septem</em></span> <span class='ocrx_word' id='word_1_144' title='bbox 319 2063 440 2114; x_wconf 81' lang='lat' dir='ltr'>alios</span> <span class='ocrx_word' id='word_1_145' title='bbox 491 2064 694 2131; x_wconf 75' lang='lat' dir='ltr'>spiritus</span> <span class='ocrx_word' id='word_1_146' title='bbox 732 2066 990 2132; x_wconf 77' lang='lat' dir='ltr'><strong><em>nequiores</em></strong></span> <span class='ocrx_word' id='word_1_147' title='bbox 1029 2080 1098 2123; x_wconf 86' lang='lat' dir='ltr'>se,</span> 
     </span>
     <span class='ocr_line' id='line_1_29' title="bbox 116 2136 1104 2221; baseline -0.001 -31"><span class='ocrx_word' id='word_1_148' title='bbox 116 2145 158 2190; x_wconf 85' lang='lat' dir='ltr'>et</span> <span class='ocrx_word' id='word_1_149' title='bbox 177 2137 382 2221; x_wconf 60' lang='lat' dir='ltr'>cupressi</span> <span class='ocrx_word' id='word_1_150' title='bbox 407 2136 684 2188; x_wconf 77' lang='lat' dir='ltr'><em>habitabant</em></span> <span class='ocrx_word' id='word_1_151' title='bbox 703 2136 786 2197; x_wconf 76' lang='lat' dir='ltr'>ibi,</span> <span class='ocrx_word' id='word_1_152' title='bbox 809 2146 851 2189; x_wconf 89' lang='lat' dir='ltr'>et</span> <span class='ocrx_word' id='word_1_153' title='bbox 877 2138 999 2207; x_wconf 80' lang='lat' dir='ltr'>fiunt</span> <span class='ocrx_word' id='word_1_154' title='bbox 1019 2154 1104 2189; x_wconf 80' lang='lat' dir='ltr'>no·</span> 
     </span>
     <span class='ocr_line' id='line_1_30' title="bbox 117 2210 1105 2279; baseline -0.001 -16"><span class='ocrx_word' id='word_1_155' title='bbox 117 2211 313 2263; x_wconf 80' lang='lat' dir='ltr'>vissimo</span> <span class='ocrx_word' id='word_1_156' title='bbox 340 2210 547 2262; x_wconf 67' lang='lat' dir='ltr'>lamminis</span> <span class='ocrx_word' id='word_1_157' title='bbox 576 2211 709 2262; x_wconf 82' lang='lat' dir='ltr'>iltius</span> <span class='ocrx_word' id='word_1_158' title='bbox 731 2215 900 2279; x_wconf 82' lang='lat' dir='ltr'>peiora</span> <span class='ocrx_word' id='word_1_159' title='bbox 919 2212 1105 2279; x_wconf 82' lang='lat' dir='ltr'>priori-</span> 
     </span>
     <span class='ocr_line' id='line_1_31' title="bbox 117 2281 1105 2354; baseline 0 -17"><span class='ocrx_word' id='word_1_160' title='bbox 117 2283 272 2354; x_wconf 58' lang='lat' dir='ltr'>bus&amp;</span> <span class='ocrx_word' id='word_1_161' title='bbox 278 2285 314 2353; x_wconf 89' lang='lat'><em>)</em></span> <span class='ocrx_word' id='word_1_162' title='bbox 343 2281 435 2347; x_wconf 85' lang='lat' dir='ltr'>Qui</span> <span class='ocrx_word' id='word_1_163' title='bbox 481 2285 604 2338; x_wconf 72' lang='lat' dir='ltr'>llaec</span> <span class='ocrx_word' id='word_1_164' title='bbox 634 2285 695 2336; x_wconf 89' lang='lat' dir='ltr'>de</span> <span class='ocrx_word' id='word_1_165' title='bbox 734 2286 924 2337; x_wconf 83' lang='lat' dir='ltr'>morbis</span> <span class='ocrx_word' id='word_1_166' title='bbox 968 2302 1045 2337; x_wconf 65' lang='grc' dir='ltr'>ω(</span> <span class='ocrx_word' id='word_1_167' title='bbox 1053 2302 1105 2337; x_wconf 89' lang='lat' dir='ltr'>re</span> 
     </span>
     <span class='ocr_line' id='line_1_32' title="bbox 120 2357 1103 2425; baseline 0 -15"><span class='ocrx_word' id='word_1_168' title='bbox 120 2357 440 2410; x_wconf 85' lang='lat' dir='ltr'>naturalibus</span> <span class='ocrx_word' id='word_1_169' title='bbox 467 2358 726 2425; x_wconf 85' lang='lat' dir='ltr'>explicare</span> <span class='ocrx_word' id='word_1_170' title='bbox 755 2366 975 2421; x_wconf 86' lang='lat' dir='ltr'>tentant,</span> <span class='ocrx_word' id='word_1_171' title='bbox 1005 2376 1103 2411; x_wconf 90' lang='lat' dir='ltr'>non</span> 
     </span>
     <span class='ocr_line' id='line_1_33' title="bbox 118 2433 1106 2493; baseline 0 -9"><span class='ocrx_word' id='word_1_172' title='bbox 118 2433 541 2493; x_wconf 82' lang='lat' dir='ltr'>confutationem,</span> <span class='ocrx_word' id='word_1_173' title='bbox 585 2433 671 2484; x_wconf 89' lang='lat' dir='ltr'>sed</span> <span class='ocrx_word' id='word_1_174' title='bbox 714 2433 940 2485; x_wconf 87' lang='lat' dir='ltr'>derisum</span> <span class='ocrx_word' id='word_1_175' title='bbox 1003 2450 1106 2484; x_wconf 80' lang='lat' dir='ltr'>nie-</span> 
     </span>
     <span class='ocr_line' id='line_1_34' title="bbox 119 2505 1105 2575; baseline 0.001 -17"><span class='ocrx_word' id='word_1_176' title='bbox 119 2513 328 2559; x_wconf 86' lang='lat' dir='ltr'>rentur.</span> <span class='ocrx_word' id='word_1_177' title='bbox 372 2505 603 2575; x_wconf 89' lang='lat' dir='ltr'>Denique</span> <span class='ocrx_word' id='word_1_178' title='bbox 646 2507 799 2575; x_wconf 80' lang='lat' dir='ltr'>probe</span> <span class='ocrx_word' id='word_1_179' title='bbox 839 2507 1105 2562; x_wconf 82' lang='lat' dir='ltr'>attenden-</span> 
     </span>
     <span class='ocr_line' id='line_1_35' title="bbox 119 2580 1106 2649; baseline 0.002 -18"><span class='ocrx_word' id='word_1_180' title='bbox 119 2580 240 2634; x_wconf 90' lang='lat' dir='ltr'>dum</span> <span class='ocrx_word' id='word_1_181' title='bbox 280 2587 377 2640; x_wconf 90' lang='lat' dir='ltr'>est,</span> <span class='ocrx_word' id='word_1_182' title='bbox 421 2581 553 2649; x_wconf 89' lang='lat' dir='ltr'>quod</span> <span class='ocrx_word' id='word_1_183' title='bbox 596 2582 644 2632; x_wconf 91' lang='lat' dir='ltr'>in</span> <span class='ocrx_word' id='word_1_184' title='bbox 681 2582 774 2633; x_wconf 83' lang='lat' dir='ltr'>bac</span> <span class='ocrx_word' id='word_1_185' title='bbox 813 2582 1106 2633; x_wconf 78' lang='lat' dir='ltr'>narratione</span> 
     </span>
     <span class='ocr_line' id='line_1_36' title="bbox 119 2655 1101 2723; baseline 0.003 -19"><span class='ocrx_word' id='word_1_186' title='bbox 119 2655 291 2706; x_wconf 86' lang='lat' dir='ltr'>variae</span> <span class='ocrx_word' id='word_1_187' title='bbox 323 2670 470 2716; x_wconf 84' lang='lat' dir='ltr'>voces</span> <span class='ocrx_word' id='word_1_188' title='bbox 498 2656 784 2723; x_wconf 79' lang='lat' dir='ltr'>promiscue</span> <span class='ocrx_word' id='word_1_189' title='bbox 811 2663 1101 2714; x_wconf 80' lang='lat' dir='ltr'>sumantur,</span> 
     </span>
     <span class='ocr_line' id='line_1_37' title="bbox 104 2728 1102 2797; baseline 0 -17"><span class='ocrx_word' id='word_1_190' title='bbox 104 2735 175 2797; x_wconf 24' lang='lat' dir='ltr'>‚ut</span> <span class='ocrx_word' id='word_1_191' title='bbox 215 2728 467 2780; x_wconf 80' lang='lat' dir='ltr'>doemonio</span> <span class='ocrx_word' id='word_1_192' title='bbox 492 2770 503 2789; x_wconf 93' lang='lat'>‚</span> <span class='ocrx_word' id='word_1_193' title='bbox 548 2728 824 2788; x_wconf 82' lang='lat' dir='ltr'>beelzebub,</span> <span class='ocrx_word' id='word_1_194' title='bbox 875 2738 1102 2789; x_wconf 69' lang='lat' dir='ltr'>satanae,</span> 
     </span>
    </p>
   </div>
   <div class='ocr_carea' id='block_1_5' title="bbox 31 2801 1108 2945">
    <p class='ocr_par' dir='ltr' id='par_1_5' title="bbox 31 2801 1108 2945">
     <span class='ocr_line' id='line_1_38' title="bbox 42 2801 1108 2871; baseline 0.001 -17"><span class='ocrx_word' id='word_1_195' title='bbox 42 2852 46 2854; x_wconf 79' lang='grc'>.</span> <span class='ocrx_word' id='word_1_196' title='bbox 120 2801 401 2862; x_wconf 76' lang='lat' dir='ltr'>immundus</span> <span class='ocrx_word' id='word_1_197' title='bbox 421 2802 646 2870; x_wconf 76' lang='lat' dir='ltr'>spiritus,</span> <span class='ocrx_word' id='word_1_198' title='bbox 663 2804 867 2870; x_wconf 82' lang='lat' dir='ltr'>spiritus</span> <span class='ocrx_word' id='word_1_199' title='bbox 881 2820 1108 2871; x_wconf 79' lang='lat' dir='ltr'>nequam:</span> 
     </span>
     <span class='ocr_line' id='line_1_39' title="bbox 31 2876 1108 2945; baseline 0 -18"><span class='ocrx_word' id='word_1_200' title='bbox 31 2902 37 2907; x_wconf 90' lang='lat'><strong>·</strong></span> <span class='ocrx_word' id='word_1_201' title='bbox 120 2893 251 2945; x_wconf 80' lang='lat' dir='ltr'>quae</span> <span class='ocrx_word' id='word_1_202' title='bbox 293 2877 497 2928; x_wconf 90' lang='lat' dir='ltr'>nomina</span> <span class='ocrx_word' id='word_1_203' title='bbox 540 2877 708 2930; x_wconf 87' lang='lat' dir='ltr'>omnia</span> <span class='ocrx_word' id='word_1_204' title='bbox 737 2876 882 2928; x_wconf 89' lang='lat' dir='ltr'>malis</span> <span class='ocrx_word' id='word_1_205' title='bbox 910 2877 1108 2944; x_wconf 63' lang='grc' dir='ltr'>ἃησθίἰε</span> 
     </span>
    </p>
   </div>
   <div class='ocr_carea' id='block_1_6' title="bbox 119 2949 1107 3012">
    <p class='ocr_par' dir='ltr' id='par_1_6' title="bbox 119 2949 1107 3012">
     <span class='ocr_line' id='line_1_40' title="bbox 119 2949 1107 3012; baseline -0.001 -9"><span class='ocrx_word' id='word_1_206' title='bbox 119 2950 454 3012; x_wconf 87' lang='lat' dir='ltr'>conveniunt3</span> <span class='ocrx_word' id='word_1_207' title='bbox 490 2949 678 3002; x_wconf 82' lang='lat' dir='ltr'>morbis</span> <span class='ocrx_word' id='word_1_208' title='bbox 707 2966 828 3002; x_wconf 90' lang='lat' dir='ltr'>vero</span> <span class='ocrx_word' id='word_1_209' title='bbox 854 2966 995 3002; x_wconf 83' lang='lat' dir='ltr'>mere</span> <span class='ocrx_word' id='word_1_210' title='bbox 1025 2967 1107 3003; x_wconf 87' lang='lat' dir='ltr'>na-</span> 
     </span>
    </p>
   </div>
   <div class='ocr_carea' id='block_1_7' title="bbox 20 3022 1108 3168">
    <p class='ocr_par' dir='ltr' id='par_1_7' title="bbox 20 3022 1108 3168">
     <span class='ocr_line' id='line_1_41' title="bbox 20 3022 1101 3092; baseline 0.001 -17"><span class='ocrx_word' id='word_1_211' title='bbox 20 3064 28 3075; x_wconf 69' lang='lat'>,</span> <span class='ocrx_word' id='word_1_212' title='bbox 94 3080 96 3083; x_wconf 80' lang='grc'><strong>,</strong></span> <span class='ocrx_word' id='word_1_213' title='bbox 121 3022 392 3081; x_wconf 76' lang='lat' dir='ltr'>turalibus-</span> <span class='ocrx_word' id='word_1_214' title='bbox 401 3030 540 3076; x_wconf 87' lang='lat' dir='ltr'>certe</span> <span class='ocrx_word' id='word_1_215' title='bbox 567 3024 798 3091; x_wconf 81' lang='lat' dir='ltr'>adaptari</span> <span class='ocrx_word' id='word_1_216' title='bbox 820 3032 1101 3092; x_wconf 88' lang='lat' dir='ltr'>nequeunt.</span> 
     </span>
     <span class='ocr_line' id='line_1_42' title="bbox 32 3083 1108 3168; baseline -0.004 -15"><span class='ocrx_word' id='word_1_217' title='bbox 32 3104 34 3106; x_wconf 75' lang='grc'>’</span> <span class='ocrx_word' id='word_1_218' title='bbox 96 3083 459 3168; x_wconf 77' lang='lat' dir='ltr'>Quapropter,</span> <span class='ocrx_word' id='word_1_219' title='bbox 501 3098 541 3149; x_wconf 88' lang='lat' dir='ltr'>si</span> <span class='ocrx_word' id='word_1_220' title='bbox 585 3113 683 3149; x_wconf 87' lang='lat' dir='ltr'>una</span> <span class='ocrx_word' id='word_1_221' title='bbox 745 3114 844 3150; x_wconf 83' lang='lat' dir='ltr'>vox</span> <span class='ocrx_word' id='word_1_222' title='bbox 891 3099 1108 3150; x_wconf 84' lang='lat' dir='ltr'>alteram</span> 
     </span>
    </p>
   </div>
   <div class='ocr_carea' id='block_1_8' title="bbox 121 3170 1109 3383">
    <p class='ocr_par' dir='ltr' id='par_1_8' title="bbox 121 3170 1108 3383">
     <span class='ocr_line' id='line_1_43' title="bbox 121 3170 1108 3240; baseline 0.001 -17"><span class='ocrx_word' id='word_1_223' title='bbox 121 3171 365 3240; x_wconf 82' lang='lat' dir='ltr'>explicat,</span> <span class='ocrx_word' id='word_1_224' title='bbox 399 3173 539 3224; x_wconf 84' lang='lat' dir='ltr'>iuxta</span> <span class='ocrx_word' id='word_1_225' title='bbox 570 3170 775 3238; x_wconf 76' lang='lat' dir='ltr'>regulas</span> <span class='ocrx_word' id='word_1_226' title='bbox 802 3172 1108 3224; x_wconf 80' lang='lat' dir='ltr'>hermeneu-</span> 
     </span>
     <span class='ocr_line' id='line_1_44' title="bbox 122 3242 1109 3318; baseline 0.002 -22"><span class='ocrx_word' id='word_1_227' title='bbox 122 3242 261 3301; x_wconf 63' lang='lat' dir='ltr'>tiens,</span> <span class='ocrx_word' id='word_1_228' title='bbox 286 3261 375 3314; x_wconf 87' lang='lat' dir='ltr'>per</span> <span class='ocrx_word' id='word_1_229' title='bbox 413 3242 740 3318; x_wconf 88' lang='lat' dir='ltr'>daemonium</span> <span class='ocrx_word' id='word_1_230' title='bbox 779 3246 912 3316; x_wconf 87' lang='lat' dir='ltr'>quod</span> <span class='ocrx_word' id='word_1_231' title='bbox 966 3245 1109 3299; x_wconf 88' lang='lat' dir='ltr'>Chri-</span> 
     </span>
     <span class='ocr_line' id='line_1_45' title="bbox 123 3320 1108 3383; baseline 0.002 -13"><span class='ocrx_word' id='word_1_232' title='bbox 123 3323 234 3371; x_wconf 84' lang='lat' dir='ltr'>stus</span> <span class='ocrx_word' id='word_1_233' title='bbox 289 3320 531 3383; x_wconf 87' lang='lat' dir='ltr'>eiecerat,</span> <span class='ocrx_word' id='word_1_234' title='bbox 577 3335 678 3372; x_wconf 92' lang='lat' dir='ltr'>non</span> <span class='ocrx_word' id='word_1_235' title='bbox 718 3321 926 3374; x_wconf 86' lang='lat' dir='ltr'>morbus</span> <span class='ocrx_word' id='word_1_236' title='bbox 966 3337 1108 3373; x_wconf 88' lang='lat' dir='ltr'>mere</span> 
     </span>
    </p>
   </div>
   <div class='ocr_carea' id='block_1_9' title="bbox 161 3493 974 3542">
    <p class='ocr_par' dir='ltr' id='par_1_9' title="bbox 161 3493 974 3542">
     <span class='ocr_line' id='line_1_46' title="bbox 161 3493 974 3542; baseline -0.002 -9"><span class='ocrx_word' id='word_1_237' title='bbox 161 3493 221 3542; x_wconf 75' lang='lat' dir='ltr'>(i)</span> <span class='ocrx_word' id='word_1_238' title='bbox 245 3495 331 3532; x_wconf 77' lang='lat' dir='ltr'>Luc.</span> <span class='ocrx_word' id='word_1_239' title='bbox 356 3495 410 3539; x_wconf 82' lang='lat'>11,</span> <span class='ocrx_word' id='word_1_240' title='bbox 433 3495 488 3535; x_wconf 72' lang='lat'>21.</span> <span class='ocrx_word' id='word_1_241' title='bbox 713 3493 766 3542; x_wconf 69' lang='grc' dir='ltr'>(Ξ)</span> <span class='ocrx_word' id='word_1_242' title='bbox 787 3496 839 3532; x_wconf 76' lang='lat' dir='ltr'>1b‚</span> <span class='ocrx_word' id='word_1_243' title='bbox 859 3504 893 3531; x_wconf 78' lang='lat' dir='ltr'>v.</span> <span class='ocrx_word' id='word_1_244' title='bbox 917 3494 974 3532; x_wconf 73' lang='lat'>82.</span> 
     </span>
    </p>
   </div>
   <div class='ocr_carea' id='block_1_10' title="bbox 1158 326 2164 3391">
    <p class='ocr_par' dir='ltr' id='par_1_10' title="bbox 1158 326 2164 3391">
     <span class='ocr_line' id='line_1_47' title="bbox 1235 326 2152 427; baseline 0.007 -13"><span class='ocrx_word' id='word_1_245' title='bbox 1235 361 1289 414; x_wconf 91' lang='grc'>5.</span> <span class='ocrx_word' id='word_1_246' title='bbox 1333 358 1570 414; x_wconf 85' lang='lat' dir='ltr'>Christus</span> <span class='ocrx_word' id='word_1_247' title='bbox 1598 339 1704 427; x_wconf 56' lang='lat' dir='ltr'>pe?</span> <span class='ocrx_word' id='word_1_248' title='bbox 1738 326 1959 415; x_wconf 85' lang='lat' dir='ltr'>mortem</span> <span class='ocrx_word' id='word_1_249' title='bbox 2004 379 2152 420; x_wconf 85' lang='lat' dir='ltr'>suam</span> 
     </span>
     <span class='ocr_line' id='line_1_48' title="bbox 1164 432 2154 505; baseline 0.004 -18"><span class='ocrx_word' id='word_1_250' title='bbox 1164 434 1533 503; x_wconf 74' lang='lat' dir='ltr'>perfec-tissime</span> <span class='ocrx_word' id='word_1_251' title='bbox 1561 433 1622 485; x_wconf 79' lang='lat' dir='ltr'>de</span> <span class='ocrx_word' id='word_1_252' title='bbox 1643 432 1843 485; x_wconf 86' lang='lat' dir='ltr'>inferno</span> <span class='ocrx_word' id='word_1_253' title='bbox 1871 436 2154 505; x_wconf 86' lang='lat' dir='ltr'>triumpha·</span> 
     </span>
     <span class='ocr_line' id='line_1_49' title="bbox 1164 507 2150 579; baseline 0.005 -20"><span class='ocrx_word' id='word_1_254' title='bbox 1164 509 1257 569; x_wconf 92' lang='lat' dir='ltr'>vit,</span> <span class='ocrx_word' id='word_1_255' title='bbox 1302 524 1391 577; x_wconf 89' lang='lat' dir='ltr'>pro</span> <span class='ocrx_word' id='word_1_256' title='bbox 1433 507 1656 577; x_wconf 89' lang='lat' dir='ltr'>peccatis</span> <span class='ocrx_word' id='word_1_257' title='bbox 1678 508 1866 563; x_wconf 88' lang='lat' dir='ltr'>nostris</span> <span class='ocrx_word' id='word_1_258' title='bbox 1877 509 2150 579; x_wconf 78' lang='lat' dir='ltr'>satisfecit,</span> 
     </span>
     <span class='ocr_line' id='line_1_50' title="bbox 1164 581 2154 651; baseline 0.006 -18"><span class='ocrx_word' id='word_1_259' title='bbox 1164 582 1408 651; x_wconf 89' lang='lat' dir='ltr'>nobisque</span> <span class='ocrx_word' id='word_1_260' title='bbox 1465 589 1732 634; x_wconf 83' lang='lat' dir='ltr'>aeternam</span> <span class='ocrx_word' id='word_1_261' title='bbox 1782 581 2154 639; x_wconf 87' lang='lat' dir='ltr'>beatitudinem</span> 
     </span>
     <span class='ocr_line' id='line_1_51' title="bbox 1163 654 2155 724; baseline 0.003 -16"><span class='ocrx_word' id='word_1_262' title='bbox 1163 656 1461 724; x_wconf 82' lang='lat' dir='ltr'>promeruit</span> <span class='ocrx_word' id='word_1_263' title='bbox 1506 654 1634 718; x_wconf 86' lang='lat' dir='ltr'>Quia</span> <span class='ocrx_word' id='word_1_264' title='bbox 1666 662 1840 711; x_wconf 85' lang='lat' dir='ltr'>autem</span> <span class='ocrx_word' id='word_1_265' title='bbox 1884 656 2034 717; x_wconf 85' lang='lat' dir='ltr'>vult,</span> <span class='ocrx_word' id='word_1_266' title='bbox 2099 666 2155 711; x_wconf 90' lang='lat' dir='ltr'>ut</span> 
     </span>
     <span class='ocr_line' id='line_1_52' title="bbox 1162 729 2154 799; baseline 0.005 -20"><span class='ocrx_word' id='word_1_267' title='bbox 1162 730 1326 782; x_wconf 88' lang='lat' dir='ltr'>virtus</span> <span class='ocrx_word' id='word_1_268' title='bbox 1354 735 1527 782; x_wconf 87' lang='lat' dir='ltr'>nostra</span> <span class='ocrx_word' id='word_1_269' title='bbox 1551 729 1814 797; x_wconf 84' lang='lat' dir='ltr'>probetur,</span> <span class='ocrx_word' id='word_1_270' title='bbox 1843 737 1896 782; x_wconf 91' lang='lat' dir='ltr'>et</span> <span class='ocrx_word' id='word_1_271' title='bbox 1921 732 2154 799; x_wconf 78' lang='lat' dir='ltr'>quoniam</span> 
     </span>
     <span class='ocr_line' id='line_1_53' title="bbox 1158 803 2157 874; baseline 0.002 -19"><span class='ocrx_word' id='word_1_272' title='bbox 1158 819 1247 867; x_wconf 86' lang='lat' dir='ltr'>per</span> <span class='ocrx_word' id='word_1_273' title='bbox 1284 803 1463 855; x_wconf 80' lang='lat' dir='ltr'>multas</span> <span class='ocrx_word' id='word_1_274' title='bbox 1503 803 1838 859; x_wconf 75' lang='lat' dir='ltr'>tribulationes</span> <span class='ocrx_word' id='word_1_275' title='bbox 1862 812 2043 874; x_wconf 75' lang='lat' dir='ltr'>oportet</span> <span class='ocrx_word' id='word_1_276' title='bbox 2070 822 2157 858; x_wconf 77' lang='lat' dir='ltr'>uos</span> 
     </span>
     <span class='ocr_line' id='line_1_54' title="bbox 1160 877 2154 948; baseline 0.004 -20"><span class='ocrx_word' id='word_1_277' title='bbox 1160 877 1348 929; x_wconf 80' lang='lat' dir='ltr'>intrare</span> <span class='ocrx_word' id='word_1_278' title='bbox 1377 879 1431 928; x_wconf 84' lang='lat' dir='ltr'>in</span> <span class='ocrx_word' id='word_1_279' title='bbox 1460 893 1665 946; x_wconf 75' lang='lat' dir='ltr'>reynum</span> <span class='ocrx_word' id='word_1_280' title='bbox 1690 877 1782 936; x_wconf 77' lang='lat' dir='ltr'>Dei</span> <span class='ocrx_word' id='word_1_281' title='bbox 1819 877 1914 948; x_wconf 79' lang='lat' dir='ltr'>(lt),</span> <span class='ocrx_word' id='word_1_282' title='bbox 1966 879 2154 932; x_wconf 88' lang='lat' dir='ltr'>idcirco</span> 
     </span>
     <span class='ocr_line' id='line_1_55' title="bbox 1161 950 2156 1006; baseline 0.004 -4"><span class='ocrx_word' id='word_1_283' title='bbox 1161 950 1498 1005; x_wconf 85' lang='lat' dir='ltr'>daemonibus</span> <span class='ocrx_word' id='word_1_284' title='bbox 1542 968 1639 1004; x_wconf 89' lang='lat' dir='ltr'>non</span> <span class='ocrx_word' id='word_1_285' title='bbox 1682 967 1889 1005; x_wconf 85' lang='lat' dir='ltr'>omnem</span> <span class='ocrx_word' id='word_1_286' title='bbox 1931 960 2156 1006; x_wconf 91' lang='lat' dir='ltr'>nosten-</span> 
     </span>
     <span class='ocr_line' id='line_1_56' title="bbox 1164 1025 2153 1094; baseline 0.002 -16"><span class='ocrx_word' id='word_1_287' title='bbox 1164 1026 1301 1078; x_wconf 88' lang='lat' dir='ltr'>tandi</span> <span class='ocrx_word' id='word_1_288' title='bbox 1326 1033 1377 1077; x_wconf 89' lang='lat' dir='ltr'>et</span> <span class='ocrx_word' id='word_1_289' title='bbox 1401 1025 1672 1081; x_wconf 77' lang='lat' dir='ltr'>infestandi</span> <span class='ocrx_word' id='word_1_290' title='bbox 1696 1033 2005 1094; x_wconf 86' lang='lat' dir='ltr'>potestatem</span> <span class='ocrx_word' id='word_1_291' title='bbox 2029 1027 2153 1080; x_wconf 87' lang='lat' dir='ltr'>ade-</span> 
     </span>
     <span class='ocr_line' id='line_1_57' title="bbox 1163 1099 2155 1168; baseline 0.005 -18"><span class='ocrx_word' id='word_1_292' title='bbox 1163 1100 1273 1151; x_wconf 88' lang='lat' dir='ltr'>mit.</span> <span class='ocrx_word' id='word_1_293' title='bbox 1303 1099 1462 1167; x_wconf 81' lang='lat' dir='ltr'>lgitur</span> <span class='ocrx_word' id='word_1_294' title='bbox 1489 1100 1643 1153; x_wconf 88' lang='lat' dir='ltr'>etiam</span> <span class='ocrx_word' id='word_1_295' title='bbox 1674 1107 1786 1168; x_wconf 90' lang='lat' dir='ltr'>post</span> <span class='ocrx_word' id='word_1_296' title='bbox 1809 1099 1997 1154; x_wconf 88' lang='lat' dir='ltr'>Christi</span> <span class='ocrx_word' id='word_1_297' title='bbox 2021 1117 2155 1155; x_wconf 90' lang='lat' dir='ltr'>mor·</span> 
     </span>
     <span class='ocr_line' id='line_1_58' title="bbox 1162 1174 2156 1234; baseline 0.004 -10"><span class='ocrx_word' id='word_1_298' title='bbox 1162 1180 1266 1224; x_wconf 88' lang='lat' dir='ltr'>tem</span> <span class='ocrx_word' id='word_1_299' title='bbox 1324 1181 1375 1225; x_wconf 91' lang='lat' dir='ltr'>et</span> <span class='ocrx_word' id='word_1_300' title='bbox 1432 1174 1786 1234; x_wconf 80' lang='lat' dir='ltr'>ascensionem</span> <span class='ocrx_word' id='word_1_301' title='bbox 1845 1175 1894 1227; x_wconf 90' lang='lat' dir='ltr'>in</span> <span class='ocrx_word' id='word_1_302' title='bbox 1954 1176 2156 1229; x_wconf 90' lang='lat' dir='ltr'>coelum</span> 
     </span>
     <span class='ocr_line' id='line_1_59' title="bbox 1163 1248 2155 1303; baseline 0.004 -5"><span class='ocrx_word' id='word_1_303' title='bbox 1163 1263 1317 1299; x_wconf 86' lang='lat' dir='ltr'>verae</span> <span class='ocrx_word' id='word_1_304' title='bbox 1356 1248 1677 1301; x_wconf 80' lang='lat' dir='ltr'>obsessiones</span> <span class='ocrx_word' id='word_1_305' title='bbox 1707 1264 1805 1300; x_wconf 90' lang='lat' dir='ltr'>non</span> <span class='ocrx_word' id='word_1_306' title='bbox 1828 1248 1996 1301; x_wconf 90' lang='lat' dir='ltr'>solum</span> <span class='ocrx_word' id='word_1_307' title='bbox 2022 1265 2155 1303; x_wconf 86' lang='lat' dir='ltr'>sem-</span> 
     </span>
     <span class='ocr_line' id='line_1_60' title="bbox 1163 1321 2158 1390; baseline 0.006 -18"><span class='ocrx_word' id='word_1_308' title='bbox 1163 1337 1251 1389; x_wconf 87' lang='lat' dir='ltr'>per</span> <span class='ocrx_word' id='word_1_309' title='bbox 1284 1322 1392 1373; x_wconf 87' lang='lat' dir='ltr'>dari</span> <span class='ocrx_word' id='word_1_310' title='bbox 1434 1329 1665 1390; x_wconf 86' lang='lat' dir='ltr'>possunt,</span> <span class='ocrx_word' id='word_1_311' title='bbox 1709 1321 1799 1375; x_wconf 90' lang='lat' dir='ltr'>sed</span> <span class='ocrx_word' id='word_1_312' title='bbox 1842 1339 1962 1376; x_wconf 91' lang='lat' dir='ltr'>vere</span> <span class='ocrx_word' id='word_1_313' title='bbox 2001 1325 2158 1379; x_wconf 82' lang='lat' dir='ltr'>etiam</span> 
     </span>
     <span class='ocr_line' id='line_1_61' title="bbox 1162 1395 2158 1465; baseline 0.004 -18"><span class='ocrx_word' id='word_1_314' title='bbox 1162 1396 1466 1448; x_wconf 88' lang='lat' dir='ltr'>extiterunt.</span> <span class='ocrx_word' id='word_1_315' title='bbox 1511 1395 1799 1465; x_wconf 87' lang='lat' dir='ltr'>Utrumque</span> <span class='ocrx_word' id='word_1_316' title='bbox 1837 1413 1904 1450; x_wconf 84' lang='lat' dir='ltr'>ex</span> <span class='ocrx_word' id='word_1_317' title='bbox 1929 1397 1985 1450; x_wconf 90' lang='lat' dir='ltr'>S.</span> <span class='ocrx_word' id='word_1_318' title='bbox 2020 1397 2158 1452; x_wconf 89' lang='lat' dir='ltr'>Scri-</span> 
     </span>
     <span class='ocr_line' id='line_1_62' title="bbox 1165 1469 2157 1539; baseline 0.006 -19"><span class='ocrx_word' id='word_1_319' title='bbox 1165 1477 1311 1535; x_wconf 84' lang='lat' dir='ltr'>ptura</span> <span class='ocrx_word' id='word_1_320' title='bbox 1324 1469 1678 1523; x_wconf 87' lang='lat' dir='ltr'>etTraditione</span> <span class='ocrx_word' id='word_1_321' title='bbox 1696 1471 1958 1539; x_wconf 87' lang='lat' dir='ltr'>probatur.</span> <span class='ocrx_word' id='word_1_322' title='bbox 1974 1471 2157 1526; x_wconf 87' lang='lat' dir='ltr'>Matth.</span> 
     </span>
     <span class='ocr_line' id='line_1_63' title="bbox 1161 1542 2161 1614; baseline 0.004 -19"><span class='ocrx_word' id='word_1_323' title='bbox 1161 1542 1227 1603; x_wconf 90' lang='lat' dir='ltr'>X,</span> <span class='ocrx_word' id='word_1_324' title='bbox 1254 1545 1303 1595; x_wconf 76' lang='lat' dir='ltr'>l:</span> <span class='ocrx_word' id='word_1_325' title='bbox 1326 1542 1604 1597; x_wconf 75' lang='lat' dir='ltr'>Convocatis</span> <span class='ocrx_word' id='word_1_326' title='bbox 1631 1544 1880 1598; x_wconf 80' lang='lat' dir='ltr'>duodecim</span> <span class='ocrx_word' id='word_1_327' title='bbox 1906 1546 2161 1614; x_wconf 73' lang='lat' dir='ltr'>discipulis</span> 
     </span>
     <span class='ocr_line' id='line_1_64' title="bbox 1163 1618 2158 1689; baseline 0.006 -22"><span class='ocrx_word' id='word_1_328' title='bbox 1163 1618 1283 1675; x_wconf 81' lang='lat' dir='ltr'>suis,</span> <span class='ocrx_word' id='word_1_329' title='bbox 1313 1619 1440 1671; x_wconf 80' lang='lat' dir='ltr'>dedit</span> <span class='ocrx_word' id='word_1_330' title='bbox 1466 1619 1565 1670; x_wconf 78' lang='lat' dir='ltr'>illis</span> <span class='ocrx_word' id='word_1_331' title='bbox 1585 1627 1865 1687; x_wconf 80' lang='lat' dir='ltr'>potestatem</span> <span class='ocrx_word' id='word_1_332' title='bbox 1891 1620 2158 1689; x_wconf 80' lang='lat' dir='ltr'>spirituum</span> 
     </span>
     <span class='ocr_line' id='line_1_65' title="bbox 1164 1691 2162 1756; baseline 0.006 -14"><span class='ocrx_word' id='word_1_333' title='bbox 1164 1691 1548 1754; x_wconf 76' lang='lat' dir='ltr'>immundorum,</span> <span class='ocrx_word' id='word_1_334' title='bbox 1582 1701 1634 1744; x_wconf 84' lang='lat' dir='ltr'>ut</span> <span class='ocrx_word' id='word_1_335' title='bbox 1654 1694 1878 1745; x_wconf 83' lang='lat' dir='ltr'>eiicerent</span> <span class='ocrx_word' id='word_1_336' title='bbox 1898 1708 1995 1756; x_wconf 75' lang='lat' dir='ltr'>e03,</span> <span class='ocrx_word' id='word_1_337' title='bbox 2012 1702 2057 1747; x_wconf 89' lang='lat' dir='ltr'>et</span> <span class='ocrx_word' id='word_1_338' title='bbox 2077 1710 2162 1747; x_wconf 81' lang='lat' dir='ltr'>ou-</span> 
     </span>
     <span class='ocr_line' id='line_1_66' title="bbox 1163 1767 2161 1836; baseline 0.006 -20"><span class='ocrx_word' id='word_1_339' title='bbox 1163 1776 1331 1816; x_wconf 78' lang='lat' dir='ltr'>rarent</span> <span class='ocrx_word' id='word_1_340' title='bbox 1359 1783 1550 1819; x_wconf 78' lang='lat' dir='ltr'>omnem</span> <span class='ocrx_word' id='word_1_341' title='bbox 1580 1767 1868 1836; x_wconf 73' lang='lat' dir='ltr'>lanquorem</span> <span class='ocrx_word' id='word_1_342' title='bbox 1902 1776 1946 1821; x_wconf 90' lang='lat' dir='ltr'>et</span> <span class='ocrx_word' id='word_1_343' title='bbox 1970 1783 2161 1822; x_wconf 83' lang='lat' dir='ltr'>omnem</span> 
     </span>
     <span class='ocr_line' id='line_1_67' title="bbox 1164 1840 2159 1908; baseline 0.006 -19"><span class='ocrx_word' id='word_1_344' title='bbox 1164 1840 1538 1907; x_wconf 79' lang='lat' dir='ltr'>infirmitatem:</span> <span class='ocrx_word' id='word_1_345' title='bbox 1583 1842 1904 1908; x_wconf 86' lang='lat' dir='ltr'>apertissime</span> <span class='ocrx_word' id='word_1_346' title='bbox 1952 1842 2054 1896; x_wconf 85' lang='lat' dir='ltr'>-hoc</span> <span class='ocrx_word' id='word_1_347' title='bbox 2108 1845 2159 1895; x_wconf 90' lang='lat' dir='ltr'>in</span> 
     </span>
     <span class='ocr_line' id='line_1_68' title="bbox 1166 1913 2161 1985; baseline 0.008 -22"><span class='ocrx_word' id='word_1_348' title='bbox 1166 1913 1274 1964; x_wconf 85' lang='lat' dir='ltr'>loco</span> <span class='ocrx_word' id='word_1_349' title='bbox 1318 1921 1540 1980; x_wconf 82' lang='lat' dir='ltr'>potestas</span> <span class='ocrx_word' id='word_1_350' title='bbox 1580 1915 1814 1967; x_wconf 88' lang='lat' dir='ltr'>eiiciendi</span> <span class='ocrx_word' id='word_1_351' title='bbox 1834 1917 2048 1985; x_wconf 87' lang='lat' dir='ltr'>spiritus</span> <span class='ocrx_word' id='word_1_352' title='bbox 2069 1918 2161 1970; x_wconf 90' lang='lat' dir='ltr'>im-</span> 
     </span>
     <span class='ocr_line' id='line_1_69' title="bbox 1168 1987 2161 2060; baseline 0.006 -22"><span class='ocrx_word' id='word_1_353' title='bbox 1168 1987 1403 2049; x_wconf 87' lang='lat' dir='ltr'>mundos,</span> <span class='ocrx_word' id='word_1_354' title='bbox 1441 2005 1530 2040; x_wconf 90' lang='lat' dir='ltr'>seu</span> <span class='ocrx_word' id='word_1_355' title='bbox 1560 1989 1858 2051; x_wconf 80' lang='lat' dir='ltr'>daemoneS,</span> <span class='ocrx_word' id='word_1_356' title='bbox 1891 1991 2161 2060; x_wconf 85' lang='lat' dir='ltr'>distingui·</span> 
     </span>
     <span class='ocr_line' id='line_1_70' title="bbox 1168 2065 2158 2130; baseline 0.007 -18"><span class='ocrx_word' id='word_1_357' title='bbox 1168 2068 1249 2112; x_wconf 90' lang='lat' dir='ltr'>tur</span> <span class='ocrx_word' id='word_1_358' title='bbox 1288 2079 1317 2114; x_wconf 83' lang='lat' dir='ltr'>a</span> <span class='ocrx_word' id='word_1_359' title='bbox 1361 2070 1612 2130; x_wconf 82' lang='lat' dir='ltr'>potestate</span> <span class='ocrx_word' id='word_1_360' title='bbox 1653 2065 1869 2116; x_wconf 90' lang='lat' dir='ltr'>curandi</span> <span class='ocrx_word' id='word_1_361' title='bbox 1919 2066 2158 2129; x_wconf 84' lang='lat' dir='ltr'>morbOS,</span> 
     </span>
     <span class='ocr_line' id='line_1_71' title="bbox 1165 2137 2158 2202; baseline 0.005 -15"><span class='ocrx_word' id='word_1_362' title='bbox 1165 2143 1215 2187; x_wconf 87' lang='lat' dir='ltr'>et</span> <span class='ocrx_word' id='word_1_363' title='bbox 1274 2137 1500 2188; x_wconf 89' lang='lat' dir='ltr'>absonus</span> <span class='ocrx_word' id='word_1_364' title='bbox 1539 2139 1747 2189; x_wconf 90' lang='lat' dir='ltr'>omnino</span> <span class='ocrx_word' id='word_1_365' title='bbox 1787 2155 1970 2191; x_wconf 87' lang='lat' dir='ltr'>sensus</span> <span class='ocrx_word' id='word_1_366' title='bbox 2010 2140 2158 2202; x_wconf 85' lang='lat' dir='ltr'>foret,</span> 
     </span>
     <span class='ocr_line' id='line_1_72' title="bbox 1165 2210 2161 2280; baseline 0.005 -19"><span class='ocrx_word' id='word_1_367' title='bbox 1165 2211 1204 2261; x_wconf 90' lang='lat' dir='ltr'>si</span> <span class='ocrx_word' id='word_1_368' title='bbox 1247 2210 1484 2265; x_wconf 77' lang='lat' dir='ltr'>Christus</span> <span class='ocrx_word' id='word_1_369' title='bbox 1524 2212 1739 2264; x_wconf 82' lang='lat' dir='ltr'>dixisset</span> <span class='ocrx_word' id='word_1_370' title='bbox 1762 2229 1775 2262; x_wconf 75' lang='grc' dir='ltr'><strong>ε</strong></span> <span class='ocrx_word' id='word_1_371' title='bbox 1800 2212 1907 2280; x_wconf 84' lang='lat' dir='ltr'>Ego</span> <span class='ocrx_word' id='word_1_372' title='bbox 1929 2213 1994 2266; x_wconf 90' lang='lat' dir='ltr'>do</span> <span class='ocrx_word' id='word_1_373' title='bbox 2018 2214 2161 2269; x_wconf 87' lang='lat' dir='ltr'>vobis</span> 
     </span>
     <span class='ocr_line' id='line_1_73' title="bbox 1169 2286 2162 2356; baseline 0.006 -22"><span class='ocrx_word' id='word_1_374' title='bbox 1169 2291 1472 2351; x_wconf 84' lang='lat' dir='ltr'>potestatem</span> <span class='ocrx_word' id='word_1_375' title='bbox 1514 2286 1730 2338; x_wconf 87' lang='lat' dir='ltr'>sanandi</span> <span class='ocrx_word' id='word_1_376' title='bbox 1773 2287 2010 2339; x_wconf 89' lang='lat' dir='ltr'>morbum</span> <span class='ocrx_word' id='word_1_377' title='bbox 2059 2289 2162 2356; x_wconf 93' lang='lat' dir='ltr'>epi·</span> 
     </span>
     <span class='ocr_line' id='line_1_74' title="bbox 1170 2359 2162 2429; baseline 0.005 -20"><span class='ocrx_word' id='word_1_378' title='bbox 1170 2359 1409 2426; x_wconf 88' lang='lat' dir='ltr'>lepticum</span> <span class='ocrx_word' id='word_1_379' title='bbox 1451 2376 1542 2412; x_wconf 89' lang='lat' dir='ltr'>seu</span> <span class='ocrx_word' id='word_1_380' title='bbox 1583 2361 1830 2421; x_wconf 85' lang='lat' dir='ltr'>maniam,</span> <span class='ocrx_word' id='word_1_381' title='bbox 1863 2368 1915 2413; x_wconf 89' lang='lat' dir='ltr'>et</span> <span class='ocrx_word' id='word_1_382' title='bbox 1943 2368 2162 2429; x_wconf 88' lang='lat' dir='ltr'>potesta-</span> 
     </span>
     <span class='ocr_line' id='line_1_75' title="bbox 1170 2434 2164 2488; baseline 0.003 -4"><span class='ocrx_word' id='word_1_383' title='bbox 1170 2439 1271 2485; x_wconf 87' lang='lat' dir='ltr'>tem</span> <span class='ocrx_word' id='word_1_384' title='bbox 1312 2434 1526 2485; x_wconf 85' lang='lat' dir='ltr'>curandi</span> <span class='ocrx_word' id='word_1_385' title='bbox 1556 2450 1734 2486; x_wconf 87' lang='lat' dir='ltr'>omnes</span> <span class='ocrx_word' id='word_1_386' title='bbox 1762 2434 1986 2488; x_wconf 76' lang='lat' dir='ltr'>morbos,</span> <span class='ocrx_word' id='word_1_387' title='bbox 2018 2434 2164 2488; x_wconf 85' lang='lat' dir='ltr'>Chri-</span> 
     </span>
     <span class='ocr_line' id='line_1_76' title="bbox 1168 2508 2163 2576; baseline 0.005 -19"><span class='ocrx_word' id='word_1_388' title='bbox 1168 2514 1277 2558; x_wconf 87' lang='lat' dir='ltr'>stus</span> <span class='ocrx_word' id='word_1_389' title='bbox 1297 2509 1551 2576; x_wconf 76' lang='lat' dir='ltr'>duplicem</span> <span class='ocrx_word' id='word_1_390' title='bbox 1578 2515 1884 2575; x_wconf 88' lang='lat' dir='ltr'>potestatem</span> <span class='ocrx_word' id='word_1_391' title='bbox 1907 2508 2163 2575; x_wconf 83' lang='lat' dir='ltr'>Apostolis</span> 
     </span>
     <span class='ocr_line' id='line_1_77' title="bbox 1168 2581 2164 2639; baseline 0.005 -8"><span class='ocrx_word' id='word_1_392' title='bbox 1168 2581 1326 2639; x_wconf 84' lang='lat' dir='ltr'>dedit,</span> <span class='ocrx_word' id='word_1_393' title='bbox 1362 2583 1602 2634; x_wconf 85' lang='lat' dir='ltr'>nimirum</span> <span class='ocrx_word' id='word_1_394' title='bbox 1624 2583 1859 2634; x_wconf 84' lang='lat' dir='ltr'>eiiciendi</span> <span class='ocrx_word' id='word_1_395' title='bbox 1889 2582 2164 2636; x_wconf 86' lang='lat' dir='ltr'>daemones</span> 
     </span>
     <span class='ocr_line' id='line_1_78' title="bbox 1169 2656 2164 2724; baseline 0.004 -18"><span class='ocrx_word' id='word_1_396' title='bbox 1169 2662 1218 2706; x_wconf 89' lang='lat' dir='ltr'>et</span> <span class='ocrx_word' id='word_1_397' title='bbox 1258 2657 1469 2707; x_wconf 85' lang='lat' dir='ltr'>curandi</span> <span class='ocrx_word' id='word_1_398' title='bbox 1514 2656 1764 2717; x_wconf 86' lang='lat' dir='ltr'>infirmos,</span> <span class='ocrx_word' id='word_1_399' title='bbox 1810 2662 1865 2708; x_wconf 90' lang='lat' dir='ltr'>ut</span> <span class='ocrx_word' id='word_1_400' title='bbox 1907 2672 1995 2724; x_wconf 88' lang='lat' dir='ltr'>per</span> <span class='ocrx_word' id='word_1_401' title='bbox 2043 2656 2164 2710; x_wconf 85' lang='lat' dir='ltr'>talia</span> 
     </span>
     <span class='ocr_line' id='line_1_79' title="bbox 1168 2729 2159 2797; baseline 0.004 -18"><span class='ocrx_word' id='word_1_402' title='bbox 1168 2729 1311 2795; x_wconf 85' lang='lat' dir='ltr'>signa</span> <span class='ocrx_word' id='word_1_403' title='bbox 1355 2731 1403 2780; x_wconf 87' lang='lat' dir='ltr'>in</span> <span class='ocrx_word' id='word_1_404' title='bbox 1448 2729 1715 2796; x_wconf 81' lang='lat' dir='ltr'>Evangelii</span> <span class='ocrx_word' id='word_1_405' title='bbox 1759 2731 2159 2797; x_wconf 82' lang='lat' dir='ltr'>praedicatione,</span> 
     </span>
     <span class='ocr_line' id='line_1_80' title="bbox 1169 2804 2163 2871; baseline 0.003 -18"><span class='ocrx_word' id='word_1_406' title='bbox 1169 2804 1229 2853; x_wconf 82' lang='lat' dir='ltr'>ad</span> <span class='ocrx_word' id='word_1_407' title='bbox 1273 2819 1425 2871; x_wconf 88' lang='lat' dir='ltr'>quam</span> <span class='ocrx_word' id='word_1_408' title='bbox 1467 2805 1707 2856; x_wconf 84' lang='lat' dir='ltr'>destinati</span> <span class='ocrx_word' id='word_1_409' title='bbox 1750 2805 1981 2866; x_wconf 79' lang='lat' dir='ltr'>fuerunt,</span> <span class='ocrx_word' id='word_1_410' title='bbox 2018 2804 2163 2857; x_wconf 82' lang='lat' dir='ltr'>-divi-</span> 
     </span>
     <span class='ocr_line' id='line_1_81' title="bbox 1172 2878 2163 2932; baseline 0.004 -5"><span class='ocrx_word' id='word_1_411' title='bbox 1172 2893 1287 2931; x_wconf 81' lang='lat' dir='ltr'>nam</span> <span class='ocrx_word' id='word_1_412' title='bbox 1313 2893 1457 2929; x_wconf 82' lang='lat' dir='ltr'>suam</span> <span class='ocrx_word' id='word_1_413' title='bbox 1491 2879 1786 2930; x_wconf 85' lang='lat' dir='ltr'>missionem</span> <span class='ocrx_word' id='word_1_414' title='bbox 1814 2878 2163 2932; x_wconf 85' lang='lat' dir='ltr'>ostenderent.</span> 
     </span>
     <span class='ocr_line' id='line_1_82' title="bbox 1172 2950 2164 3020; baseline 0.005 -19"><span class='ocrx_word' id='word_1_415' title='bbox 1172 2950 1425 3003; x_wconf 86' lang='lat' dir='ltr'>Inutiliter</span> <span class='ocrx_word' id='word_1_416' title='bbox 1451 2959 1627 3004; x_wconf 85' lang='lat' dir='ltr'>autem</span> <span class='ocrx_word' id='word_1_417' title='bbox 1649 2951 1882 3004; x_wconf 85' lang='lat' dir='ltr'>Christus</span> <span class='ocrx_word' id='word_1_418' title='bbox 1903 2951 2164 3020; x_wconf 85' lang='lat' dir='ltr'>Apostolis</span> 
     </span>
     <span class='ocr_line' id='line_1_83' title="bbox 1171 3024 2164 3095; baseline 0.005 -20"><span class='ocrx_word' id='word_1_419' title='bbox 1171 3024 1508 3090; x_wconf 76' lang='lat' dir='ltr'>Evangelium</span> <span class='ocrx_word' id='word_1_420' title='bbox 1535 3027 1807 3094; x_wconf 88' lang='lat' dir='ltr'>praecipue</span> <span class='ocrx_word' id='word_1_421' title='bbox 1835 3034 1946 3095; x_wconf 89' lang='lat' dir='ltr'>post</span> <span class='ocrx_word' id='word_1_422' title='bbox 1972 3026 2164 3080; x_wconf 88' lang='lat' dir='ltr'>adven·</span> 
     </span>
     <span class='ocr_line' id='line_1_84' title="bbox 1174 3098 2164 3169; baseline 0.004 -20"><span class='ocrx_word' id='word_1_423' title='bbox 1174 3104 1281 3150; x_wconf 92' lang='lat' dir='ltr'>tum</span> <span class='ocrx_word' id='word_1_424' title='bbox 1319 3099 1538 3166; x_wconf 86' lang='lat' dir='ltr'>Spiritus</span> <span class='ocrx_word' id='word_1_425' title='bbox 1595 3098 1768 3152; x_wconf 84' lang='lat' dir='ltr'>Sancti</span> <span class='ocrx_word' id='word_1_426' title='bbox 1793 3119 1796 3122; x_wconf 52' lang='lat'><strong>⁴</strong></span> <span class='ocrx_word' id='word_1_427' title='bbox 1825 3101 2164 3169; x_wconf 86' lang='lat' dir='ltr'>praedicanti-</span> 
     </span>
     <span class='ocr_line' id='line_1_85' title="bbox 1172 3171 2164 3258; baseline 0.004 -35"><span class='ocrx_word' id='word_1_428' title='bbox 1172 3171 1282 3231; x_wconf 81' lang='lat' dir='ltr'>buS,</span> <span class='ocrx_word' id='word_1_429' title='bbox 1308 3175 1859 3258; x_wconf 83' lang='lat' dir='ltr'>potestatemeiicieudi</span> <span class='ocrx_word' id='word_1_430' title='bbox 1888 3175 2164 3227; x_wconf 86' lang='lat' dir='ltr'>daemones</span> 
     </span>
     <span class='ocr_line' id='line_1_86' title="bbox 1170 3235 2163 3317; baseline 0.007 -22"><span class='ocrx_word' id='word_1_431' title='bbox 1170 3235 1431 3308; x_wconf 87' lang='lat' dir='ltr'>dedisset,</span> <span class='ocrx_word' id='word_1_432' title='bbox 1486 3248 1528 3300; x_wconf 92' lang='lat' dir='ltr'>si</span> <span class='ocrx_word' id='word_1_433' title='bbox 1584 3255 1695 3315; x_wconf 90' lang='lat' dir='ltr'>post</span> <span class='ocrx_word' id='word_1_434' title='bbox 1749 3249 1908 3317; x_wconf 85' lang='lat' dir='ltr'>ipsius</span> <span class='ocrx_word' id='word_1_435' title='bbox 1948 3255 2163 3302; x_wconf 88' lang='lat' dir='ltr'>mortem</span> 
     </span>
     <span class='ocr_line' id='line_1_87' title="bbox 1170 3320 2156 3391; baseline 0.003 -20"><span class='ocrx_word' id='word_1_436' title='bbox 1170 3320 1361 3373; x_wconf 89' lang='lat' dir='ltr'>obsessi</span> <span class='ocrx_word' id='word_1_437' title='bbox 1389 3337 1486 3375; x_wconf 89' lang='lat' dir='ltr'>non</span> <span class='ocrx_word' id='word_1_438' title='bbox 1502 3322 1722 3391; x_wconf 89' lang='lat' dir='ltr'>amplius</span> <span class='ocrx_word' id='word_1_439' title='bbox 1743 3322 1900 3376; x_wconf 82' lang='lat' dir='ltr'>tuturi</span> <span class='ocrx_word' id='word_1_440' title='bbox 1921 3322 2156 3376; x_wconf 75' lang='lat' dir='ltr'>fuissent</span> 
     </span>
    </p>
   </div>
   <div class='ocr_carea' id='block_1_11' title="bbox 1211 3494 2116 3544">
    <p class='ocr_par' dir='ltr' id='par_1_11' title="bbox 1211 3494 2116 3544">
     <span class='ocr_line' id='line_1_88' title="bbox 1211 3494 2116 3544; baseline 0.002 -14"><span class='ocrx_word' id='word_1_441' title='bbox 1211 3494 1267 3541; x_wconf 68' lang='lat'>(3¹</span> <span class='ocrx_word' id='word_1_442' title='bbox 1287 3496 1338 3531; x_wconf 79' lang='lat' dir='ltr'>lb.</span> <span class='ocrx_word' id='word_1_443' title='bbox 1354 3505 1445 3534; x_wconf 84' lang='lat' dir='ltr'>vers.</span> <span class='ocrx_word' id='word_1_444' title='bbox 1471 3495 1526 3542; x_wconf 73' lang='lat'>24,</span> <span class='ocrx_word' id='word_1_445' title='bbox 1550 3497 1604 3535; x_wconf 71' lang='lat'>28.</span> <span class='ocrx_word' id='word_1_446' title='bbox 1801 3499 1855 3544; x_wconf 76' lang='lat' dir='ltr'>(t)</span> <span class='ocrx_word' id='word_1_447' title='bbox 1881 3501 1955 3535; x_wconf 73' lang='lat' dir='ltr'>Act.</span> <span class='ocrx_word' id='word_1_448' title='bbox 1981 3498 2037 3544; x_wconf 76' lang='lat'>¹4,</span> <span class='ocrx_word' id='word_1_449' title='bbox 2059 3498 2116 3536; x_wconf 75' lang='lat'>21.</span> 
     </span>
    </p>
   </div>
  </div>
 </body>
</html>
