2332 3860
0 188 553 301 ξ’ἴρηρηῗςωπωπιίαηι
590 225 755 270 autem
794 219 1040 273 verosimi-

0 294 254 361 ;·;22'n‘oremi.
278 301 323 346 et
361 294 490 345 inter
523 290 779 345 catholicos
807 293 1040 362 theoloqos

6 379 13 382 ’
42 364 421 442 ’ξωηωυηίονευι
460 365 767 435 comprobare
794 375 999 438 oportet.

54 467 97 508 ,υ
203 469 209 488 ⁷

130 547 132 549 >
220 544 224 546 ’
440 539 478 598 g
498 539 644 586 iso.

48 633 71 677 ἕ
100 617 121 642 '¹
180 636 209 675 1.
233 637 414 672 maneae
440 636 643 671 sententiae
666 634 901 672 refelluntur.

47 686 81 724 ,Γ
717 720 721 723 ι

46 751 73 787 2.
123 734 175 790 l.
219 733 441 791 Matltias
493 733 718 787 Flacct'us
767 734 1036 804 Illyricas,

0 836 3 837 ⁷
52 809 311 878 theologus
335 808 640 861 lutheranus
660 810 900 869 asseruit,
927 825 1040 877 pec-

43 891 216 941 eatum
257 882 506 958 originale
549 898 649 936 non
687 899 798 935 esse
837 883 1038 953 aliquod

49 959 282 1025 accidens
322 957 550 1011 animam
602 957 908 1025 deturpanS,
953 959 1040 1010 sed

44 1026 159 1094 fesse
198 1034 360 1102 ipsam
401 1033 594 1084 animae
631 1032 968 1093 substantiam,
1013 1049 1042 1085 a

52 1109 169 1166 bona
198 1107 250 1160 in
277 1106 462 1160 malum
488 1107 806 1159 eso-entialiter
831 1122 1041 1159 commet-

36 1184 217 1245 ''totam,
262 1180 514 1250 quomodo
542 1181 816 1250 aliquando
844 1183 1042 1234 contin-

46 1258 158 1327 git,
205 1257 380 1308 vinum
439 1256 688 1323 optimum
732 1257 780 1307 in
837 1263 1042 1309 acetum

46 1330 436 1386 acerbissimum
450 1331 698 1383 converti.
711 1328 926 1383 Difficile
943 1347 1041 1383 non

49 1412 145 1467 est,
189 1406 435 1458 absonam
466 1405 597 1457 hanc
625 1408 937 1459 sententiam
966 1423 1043 1458 re·

48 1481 231 1534 futare.
275 1478 435 1533 Nam:
479 1478 529 1551 a)
571 1479 759 1534 Omnes
806 1481 1044 1534 substan-

49 1556 151 1610 tiae
203 1570 234 1606 a
277 1554 379 1607 Deo
420 1560 623 1607 creatae
663 1563 816 1608 sunt:
869 1554 1043 1608 Omnia

42 1644 134 1700 per
160 1628 322 1696 ipsum
362 1629 492 1695 sacta
536 1637 668 1687 sant,
718 1637 762 1681 et
814 1630 916 1682 sine
945 1631 1045 1699 ipso

52 1705 230 1756 factum
246 1711 312 1754 est
334 1702 480 1763 nihil,
507 1703 635 1770 quod
653 1704 836 1771 factum
863 1713 928 1755 est
954 1704 1043 1775 (l).

47 1776 180 1845 Ergo
221 1777 376 1830 etiam
415 1777 618 1830 animae
669 1785 871 1830 creator
911 1776 1047 1831 Deus

49 1858 144 1905 est:
189 1852 323 1919 quod
365 1851 407 1903 si
434 1851 722 1904 substantia
761 1853 966 1923 animae
994 1854 1044 1906 in

50 1941 105 1979 se
145 1926 301 1987 mala,
346 1941 437 1977 seu
467 1934 735 1994 peccatum
778 1934 875 1989 est,
908 1925 1045 1979 Deus

41 2000 156 2069 ‚ipse
196 2000 280 2069 qui
330 2016 443 2053 eam
485 2007 665 2063 creat,
709 2008 888 2054 auctor
930 2018 1046 2071 pec-

12 2075 145 2128 ·oati
186 2075 535 2128 constituitur.
581 2075 716 2128 Talis
756 2082 930 2129 autem
967 2094 1047 2129 as-

39 2149 200 2202 *sertio
261 2155 369 2202 tum
410 2157 549 2203 recto
611 2150 671 2202 de
719 2146 824 2204 Deo
873 2167 1049 2204 conce·

49 2223 179 2294 ptui,
225 2228 336 2276 tum
362 2222 414 2276 S.
448 2222 744 2292 Scripturae
772 2234 949 2294 aperte
973 2243 1049 2278 re-

22 2304 280 2368 pugnat,
343 2313 473 2367 quae
516 2298 667 2352 dicit:
713 2299 880 2352 Omnis
919 2317 1050 2353 creu-

50 2381 164 2425 tura
197 2371 286 2423 Dei
333 2371 453 2424 bona
500 2380 566 2425 est
609 2372 705 2444 (Ξ).
751 2373 796 2444 b)
838 2374 890 2427 Si
948 2390 1046 2427 non

49 2447 157 2515 ipse
197 2445 334 2499 Deus
384 2454 564 2502 auctor
618 2449 812 2515 peccati
865 2451 1050 2501 consti·

32 2521 234 2582 'tuitur‚
279 2527 562 2574 ronovatur
602 2538 744 2575 error
783 2522 1050 2575 Marcioni-

58 2601 227 2649 tarum
267 2602 318 2648 ot
353 2594 774 2651 Manichaeorum
814 2613 1049 2650 asseren-

52 2669 221 2728 tium,
269 2670 458 2723 malam
499 2686 611 2723 esse
662 2672 1005 2729 substantiam
1033 2713 1045 2734 ‚

52 2759 206 2812 quam
246 2743 384 2796 Deus
426 2760 526 2796 non
567 2744 707 2804 fecit,
752 2753 803 2798 et
842 2747 1050 2815 quaein

52 2817 260 2870 homine
321 2825 398 2870 est
439 2818 550 2870 fons
590 2819 817 2872 omnium
872 2836 1052 2889 pecca-

20 2893 247 2944 'torum.
293 2887 338 2963 c)
379 2890 572 2944 Eadem
600 2893 855 2945 sententia
897 2895 1050 2946 etiam

59 2971 230 3019 rectae
272 2966 457 3018 rationi
517 2967 860 3029 adversatur,
922 2983 1051 3036 quae

57 3039 318 3106 cognoscit
346 3040 685 3093 substantiam
708 3042 909 3094 animae
933 3043 1053 3095 sim-

59 3112 282 3181 plicem,
326 3121 377 3167 ct
436 3114 548 3168 ideo
615 3115 1054 3184 incorruptibilem

61 3202 192 3240 esse.
235 3185 408 3256 Neque
439 3188 698 3242 ullatenus
725 3191 921 3259 concipi
946 3199 1053 3259 pot—

61 3265 177 3322 est,
236 3262 487 3330 quomodo
547 3271 813 3332 peccatum
851 3265 1054 3318 actuale

60 3332 204 3387 Adae
241 3336 554 3392 substantias
593 3339 884 3392 animarum
934 3354 1056 3392 non-

44 3405 185 3460 'dum
223 3410 580 3476 existentium.
611 3428 941 3481 corrumpere
970 3431 1056 3482 po-

100 3506 153 3554 (ι)
177 3508 272 3546 ιαι.
713 3511 765 3560 (a)
788 3515 803 3549 ι
827 3514 967 3552 mimi..
991 3515 1044 3551 21.

549 136 551 138 ·
620 159 622 163 ψ
658 136 776 175 uas
813 138 867 176 11.
904 137 1076 177 ,seo-no
1111 138 1151 177 1.
1193 136 1346 177 cAPu'r
1383 122 1450 176 iv.

1152 58 1177 81 b

1909 124 2019 178 561>

1102 220 1277 274 tuerit.
1319 217 1372 291 d)
1410 217 1643 289 Denique
1669 216 1855 275 Goncil.
1891 221 2092 276 Triden-

1103 295 1259 347 tinum
1297 292 1561 346 doctrinae
1608 291 1662 346 S.
1707 292 2004 363 Scripturae
2041 302 2093 351 et

1104 367 1389 422 traditionis
1426 358 1670 421 insistens
1709 365 1786 439 (5)
1839 368 2089 434 definivit,

1104 459 1194 511 per
1231 442 1544 511 baptismum
1606 440 1716 494 tolli
1769 441 1819 495 id
1885 449 2089 508 totum,
2154 450 2158 454 '

1103 516 1236 585 quod
1277 516 1524 569 rationem
1550 515 1706 568 habet
1734 517 1951 585 peccati3
1992 533 2093 571 non

1106 591 1300 644 tollitur
1337 596 1510 643 autem
1551 590 1755 643 animae
1805 591 2091 645 substantia

1105 681 1193 733 per
1231 665 1539 734 baptismum
1562 682 1579 729 ;
1622 665 1672 716 in
1714 664 1811 718 hac
1861 681 1984 734 ergo
2023 681 2098 719 es·

1103 739 1267 792 sentia
1307 740 1502 807 peccati
1531 739 1797 807 originalis
1818 740 2097 795 consistere

1106 814 1299 882 nequit.

1176 888 1228 940 2.
1272 886 1517 940 Nonnulli
1580 888 1897 958 antiquiores
1936 887 2098 942 scola-

1103 963 1214 1015 stici
1256 976 1374 1015 cum
1417 960 1654 1031 Greyorio
1681 964 1990 1017 Ariminensi
2016 979 2097 1016 es·

1104 1038 1320 1090 sentiam
1383 1038 1579 1105 peceati
1636 1037 1898 1107 originalis
1954 1054 2099 1106 repo-

1104 1119 1320 1164 suerunt
1377 1113 1426 1163 in
1489 1111 1720 1180 qualitate
1768 1112 1988 1165 morbida
2035 1113 2098 1166 ab

1106 1186 1302 1238 Adamo
1342 1187 1391 1237 in
1420 1192 1650 1254 posteros
1673 1187 1953 1239 transfusa:
1997 1187 2099 1240 imo

1106 1260 1362 1328 duplicem
1417 1261 1500 1312 isti
1559 1260 1842 1314 morbidam
1883 1260 2100 1331 qualita-

1110 1341 1209 1386 tem
1251 1334 1635 1396 distinxerunt,
1679 1336 1835 1388 aliam
1892 1335 2098 1404 quidem

1107 1410 1295 1471 carniS,
1326 1411 1530 1462 animae
1570 1409 1745 1474 aliam3
1790 1418 1840 1463 et
1881 1411 2100 1476 priorem

1110 1484 1404 1553 posterioris
1442 1499 1652 1536 causam
1682 1500 1792 1537 esse
1834 1484 2097 1548 dixerunt,

1107 1566 1361 1627 quatenus
1411 1574 1531 1611 caro
1572 1575 1661 1627 per
1719 1565 1987 1628 peccatum
2032 1560 2100 1612 vi-

1111 1634 1232 1685 tiata
1272 1634 1501 1695 animae,
1546 1634 1627 1685 cui
1668 1635 1876 1696 unitur,
1920 1634 2101 1687 vitium

1109 1723 1258 1760 suum
1299 1708 1663 1761 communicat.
1685 1738 1756 1747 —
1779 1708 1971 1763 Verum
2002 1725 2100 1762 non

1111 1789 1272 1849 potest
1289 1782 1554 1850 explicari,
1565 1783 1816 1851 quomodo
1830 1783 1958 1836 haec
1973 1799 2099 1837 mor·

1112 1856 1226 1908 bida
1269 1857 1487 1924 qualitas
1527 1863 1756 1910 transeat
1807 1875 1837 1910 a
1890 1874 2102 1927 corpore

1110 1931 1159 1982 in
1202 1931 1462 1993 animam,
1506 1937 1557 1984 et
1596 1931 1731 1985 hanc
1771 1932 1953 1985 reddat
1993 1948 2105 2002 pec-

1110 2005 1377 2070 catricem3
1422 2021 1505 2058 res
1545 2006 1680 2060 enim
1730 2021 1974 2075 corporea
2017 2023 2107 2076 per

1108 2095 1162 2131 se
1204 2095 1304 2133 non
1347 2080 1417 2133 ita
1459 2095 1612 2152 agere
1664 2087 1832 2149 potest
1872 2082 1930 2135 in>
1963 2083 2107 2151 spiri·

1109 2161 1240 2216 tum,
1286 2161 1341 2206 ut
1370 2155 1415 2207 ei
1446 2162 1714 2223 peccatum
1743 2157 2021 2224 imprimat.

1184 2229 1235 2281 5.
1281 2228 1358 2282 Ex
1387 2229 1528 2282 libris
1554 2228 1606 2282 S.
1638 2228 1862 2283 Ansetmi
1900 2231 1963 2283 de
1990 2247 2107 2284 con·

1110 2310 1245 2371 cept.
1290 2302 1434 2371 Virg.
1479 2311 1530 2356 et
1569 2305 1697 2371 orig.
1754 2320 1866 2373 pec.
1915 2303 1991 2376 (lt)
2033 2305 2106 2357 di-

1110 2379 1332 2438 scimuS‚
1375 2378 1532 2429 fuisse
1591 2378 1788 2446 aliquos
1827 2379 2105 2441 docenteS‚

1115 2458 1383 2520 peccatum
1403 2452 1650 2519 originale
1672 2452 1798 2504 nihil
1818 2469 1930 2506 esse
1949 2452 2108 2519 aliud,

1111 2542 1265 2594 quam
1298 2527 1671 2594 protoparentis
1710 2527 2109 2580 inobedientiam

1112 2601 1351 2653 omnibus
1390 2601 1501 2652 eius
1542 2602 1757 2669 posteris
1781 2602 2108 2669 imputatam.

1112 2673 1257 2727 Hanc
1296 2676 1604 2728 sententiam
1628 2690 1765 2727 saec.
1801 2675 1895 2727 16⁰
1935 2683 2110 2730 tenue-

1114 2755 1233 2801 runt
1270 2746 1495 2802 Albertus
1524 2745 1725 2818 Piqhius
1750 2756 1800 2801 et
1823 2746 2110 2804 Ambrosius

1113 2821 1419 2875 Catharinus
1472 2823 1881 2887 contendentes,
1941 2824 2106 2878 labem

1114 2897 1417 2964 originalem
1457 2914 1570 2950 esse
1609 2899 1767 2967 ipsum
1809 2899 1999 2952 actuale
2042 2897 2111 2952 Α-

1114 2972 1247 3024 dami
1267 2981 1535 3042 peccatum,
1558 2973 1774 3040 posteris
1799 2988 1899 3025 non
1930 2973 2111 3026 intrin-

1114 3060 1229 3098 sece
1298 3047 1613 3108 inhaerens,
1671 3046 1759 3100 sed
1819 3049 2110 3107 extrinsece

1117 3125 1317 3172 tantum
1371 3136 1456 3173 eos
1497 3120 1832 3174 denominans
1878 3128 2110 3191 peccato-

1117 3207 1216 3246 reS.
1280 3193 1382 3247 Sed
1421 3194 1549 3248 haec
1607 3196 1904 3258 sententia,
1955 3210 2110 3265 quam

1119 3268 1353 3321 nonnulli
1408 3269 1470 3321 de
1531 3268 1901 3339 pelagianismo
1963 3285 2111 3322 accu-

1116 3342 1299 3396 sabant
1324 3382 1337 3403 ,
1405 3344 1608 3411 penitus
1671 3351 1749 3397 est
1808 3342 2104 3398 reiicienda.

1117 3414 1277 3469 Nam:
1319 3414 1371 3487 a)
1413 3417 1562 3472 Rom.
1605 3417 1688 3482 V,
1733 3418 1834 3479 ta,
1879 3417 2107 3470 dicitur:

1163 3516 1218 3564 (a)
1238 3517 1331 3556 sess.
1344 3517 1381 3561 5,
1403 3518 1434 3554 a.
1759 3517 1812 3564 (4)
1835 3516 1939 3554 ca&
