<?xml version="1.0" encoding="UTF-8"?>
<!DOCTYPE html PUBLIC "-//W3C//DTD XHTML 1.0 Transitional//EN"
    "http://www.w3.org/TR/xhtml1/DTD/xhtml1-transitional.dtd">
<html xmlns="http://www.w3.org/1999/xhtml" xml:lang="en" lang="en">
 <head>
  <title>
</title>
<meta http-equiv="Content-Type" content="text/html;charset=utf-8" />
  <meta name='ocr-system' content='tesseract 3.04.00' />
  <meta name='ocr-capabilities' content='ocr_page ocr_carea ocr_par ocr_line ocrx_word'/>
</head>
<body>
  <div class='ocr_page' id='page_1' title='image "./theologiae00knoluoft_0521.png"; bbox 0 0 2332 3860; ppageno 0'>
   <div class='ocr_carea' id='block_1_1' title="bbox 0 0 162 204">
    <p class='ocr_par' dir='ltr' id='par_1_1' title="bbox 0 0 162 204">
     <span class='ocr_line' id='line_1_1' title="bbox 0 0 162 204; baseline 0 3656"><span class='ocrx_word' id='word_1_1' title='bbox 0 0 162 204; x_wconf 95' lang='lat' dir='ltr'> </span> 
     </span>
    </p>
   </div>
   <div class='ocr_carea' id='block_1_2' title="bbox 698 171 927 210">
    <p class='ocr_par' dir='ltr' id='par_1_2' title="bbox 698 171 927 210">
     <span class='ocr_line' id='line_1_2' title="bbox 698 171 927 210; baseline 0 0"><span class='ocrx_word' id='word_1_2' title='bbox 698 171 818 210; x_wconf 67' lang='lat' dir='ltr'>uns</span> <span class='ocrx_word' id='word_1_3' title='bbox 854 172 927 210; x_wconf 75' lang='grc'><strong>111.</strong></span> 
     </span>
    </p>
   </div>
   <div class='ocr_carea' id='block_1_3' title="bbox 22 253 1098 3445">
    <p class='ocr_par' dir='ltr' id='par_1_3' title="bbox 20 241 1098 3445">
     <span class='ocr_line' id='line_1_3' title="bbox 68 253 1065 330; baseline -0.013 -9.643"><span class='ocrx_word' id='word_1_4' title='bbox 20 265 365 330; x_wconf 70' lang='lat' dir='ltr'>,mortuumg</span> <span class='ocrx_word' id='word_1_5' title='bbox 408 270 508 310; x_wconf 90' lang='lat' dir='ltr'>non</span> <span class='ocrx_word' id='word_1_6' title='bbox 549 259 720 308; x_wconf 87' lang='lat' dir='ltr'>autem</span> <span class='ocrx_word' id='word_1_7' title='bbox 763 253 814 305; x_wconf 88' lang='lat' dir='ltr'>in</span> <span class='ocrx_word' id='word_1_8' title='bbox 880 259 1065 307; x_wconf 86' lang='lat' dir='ltr'>natura</span> 
     </span>
     <span class='ocr_line' id='line_1_4' title="bbox 67 328 1067 401; baseline -0.013 -10"><span class='ocrx_word' id='word_1_9' title='bbox 67 336 277 401; x_wconf 69' lang='lat' dir='ltr'>·‚divina,&#39;</span> <span class='ocrx_word' id='word_1_10' title='bbox 315 346 446 401; x_wconf 88' lang='lat' dir='ltr'>quae</span> <span class='ocrx_word' id='word_1_11' title='bbox 486 335 693 382; x_wconf 83' lang='lat' dir='ltr'>aeterna</span> <span class='ocrx_word' id='word_1_12' title='bbox 732 333 810 381; x_wconf 90' lang='lat' dir='ltr'>est</span> <span class='ocrx_word' id='word_1_13' title='bbox 859 333 910 381; x_wconf 90' lang='lat' dir='ltr'>et</span> <span class='ocrx_word' id='word_1_14' title='bbox 973 328 1067 379; x_wconf 89' lang='lat' dir='ltr'>im-</span> 
     </span>
     <span class='ocr_line' id='line_1_5' title="bbox 32 402 1066 468; baseline -0.01 -4"><span class='ocrx_word' id='word_1_15' title='bbox 32 427 41 441; x_wconf 57' lang='lat'>·=</span> <span class='ocrx_word' id='word_1_16' title='bbox 72 404 358 467; x_wconf 66' lang='lat' dir='ltr'>,mutabilis</span> <span class='ocrx_word' id='word_1_17' title='bbox 424 403 763 468; x_wconf 84' lang='lat' dir='ltr'>Quamobrem</span> <span class='ocrx_word' id='word_1_18' title='bbox 828 402 1066 454; x_wconf 88' lang='lat' dir='ltr'>observat</span> 
     </span>
     <span class='ocr_line' id='line_1_6' title="bbox 82 475 1068 549; baseline -0.012 -11"><span class='ocrx_word' id='word_1_19' title='bbox 82 484 135 549; x_wconf 74' lang='lat' dir='ltr'>S.</span> <span class='ocrx_word' id='word_1_20' title='bbox 175 479 477 548; x_wconf 64' lang='lat' dir='ltr'>Augustinus</span> <span class='ocrx_word' id='word_1_21' title='bbox 515 475 613 547; x_wconf 76' lang='lat' dir='ltr'>(l):</span> <span class='ocrx_word' id='word_1_22' title='bbox 660 475 957 544; x_wconf 80' lang='lat' dir='ltr'><strong>Apostolum</strong></span> <span class='ocrx_word' id='word_1_23' title='bbox 994 475 1068 527; x_wconf 91' lang='lat' dir='ltr'>di-</span> 
     </span>
     <span class='ocr_line' id='line_1_7' title="bbox 50 549 1063 619; baseline -0.011 -8"><span class='ocrx_word' id='word_1_24' title='bbox 50 549 217 613; x_wconf 67' lang='lat' dir='ltr'>³.xisse</span> <span class='ocrx_word' id='word_1_25' title='bbox 255 555 317 606; x_wconf 89' lang='lat' dir='ltr'>de</span> <span class='ocrx_word' id='word_1_26' title='bbox 359 551 628 618; x_wconf 81' lang='lat' dir='ltr'>Unigenito</span> <span class='ocrx_word' id='word_1_27' title='bbox 666 550 770 602; x_wconf 89' lang='lat' dir='ltr'>filio</span> <span class='ocrx_word' id='word_1_28' title='bbox 792 549 900 617; x_wconf 89' lang='lat' dir='ltr'>Dei,</span> <span class='ocrx_word' id='word_1_29' title='bbox 932 550 1063 619; x_wconf 93' lang='lat' dir='ltr'>quod</span> 
     </span>
     <span class='ocr_line' id='line_1_8' title="bbox 22 620 1062 694; baseline -0.012 -9"><span class='ocrx_word' id='word_1_30' title='bbox 22 629 247 685; x_wconf 59' lang='lat' dir='ltr'>‘&#39;habitu</span> <span class='ocrx_word' id='word_1_31' title='bbox 308 628 372 680; x_wconf 87' lang='lat' dir='ltr'>sit</span> <span class='ocrx_word' id='word_1_32' title='bbox 420 624 643 678; x_wconf 71' lang='lat' dir='ltr'>iuvemus</span> <span class='ocrx_word' id='word_1_33' title='bbox 688 631 740 676; x_wconf 77' lang='lat' dir='ltr'>ut</span> <span class='ocrx_word' id='word_1_34' title='bbox 780 624 918 675; x_wconf 82' lang='lat' dir='ltr'>homo</span> <span class='ocrx_word' id='word_1_35' title='bbox 965 620 1062 694; x_wconf 65' lang='lat'>(2),</span> 
     </span>
     <span class='ocr_line' id='line_1_9' title="bbox 83 701 1063 768; baseline -0.008 -10"><span class='ocrx_word' id='word_1_36' title='bbox 83 712 138 758; x_wconf 90' lang='lat' dir='ltr'>ut</span> <span class='ocrx_word' id='word_1_37' title='bbox 176 701 599 768; x_wconf 82' lang='lat' dir='ltr'>intelligeremuS,</span> <span class='ocrx_word' id='word_1_38' title='bbox 646 714 742 751; x_wconf 90' lang='lat' dir='ltr'>non</span> <span class='ocrx_word' id='word_1_39' title='bbox 808 704 1063 750; x_wconf 86' lang='lat' dir='ltr'>mutat-um</span> 
     </span>
     <span class='ocr_line' id='line_1_10' title="bbox 51 771 1061 842; baseline -0.009 -10"><span class='ocrx_word' id='word_1_40' title='bbox 51 814 53 819; x_wconf 65' lang='grc'><strong><em>«</em></strong></span> <span class='ocrx_word' id='word_1_41' title='bbox 81 792 191 832; x_wconf 83' lang='lat' dir='ltr'>esse</span> <span class='ocrx_word' id='word_1_42' title='bbox 231 774 454 829; x_wconf 78' lang='lat' dir='ltr'>Verbum</span> <span class='ocrx_word' id='word_1_43' title='bbox 481 773 802 842; x_wconf 81' lang='lat' dir='ltr'>susceptione</span> <span class='ocrx_word' id='word_1_44' title='bbox 823 771 1061 831; x_wconf 79' lang='lat' dir='ltr'>hominiS,</span> 
     </span>
     <span class='ocr_line' id='line_1_11' title="bbox 81 845 1063 906; baseline -0.007 -1"><span class='ocrx_word' id='word_1_45' title='bbox 81 850 229 906; x_wconf 87' lang='lat' dir='ltr'>sicuti</span> <span class='ocrx_word' id='word_1_46' title='bbox 269 865 365 902; x_wconf 91' lang='lat' dir='ltr'>nec</span> <span class='ocrx_word' id='word_1_47' title='bbox 404 848 632 901; x_wconf 90' lang='lat' dir='ltr'>membra</span> <span class='ocrx_word' id='word_1_48' title='bbox 680 853 822 899; x_wconf 89' lang='lat' dir='ltr'>veste</span> <span class='ocrx_word' id='word_1_49' title='bbox 887 845 1063 898; x_wconf 88' lang='lat' dir='ltr'>induta</span> 
     </span>
     <span class='ocr_line' id='line_1_12' title="bbox 83 920 1060 984; baseline -0.007 -6"><span class='ocrx_word' id='word_1_50' title='bbox 83 930 363 981; x_wconf 84' lang='lat' dir='ltr'>mutantur.</span> <span class='ocrx_word' id='word_1_51' title='bbox 408 921 535 984; x_wconf 85' lang='lat' dir='ltr'>Ast,</span> <span class='ocrx_word' id='word_1_52' title='bbox 578 923 722 974; x_wconf 91' lang='lat' dir='ltr'>aiunt</span> <span class='ocrx_word' id='word_1_53' title='bbox 761 920 1060 979; x_wconf 84' lang='lat' dir='ltr'>adversarii,</span> 
     </span>
     <span class='ocr_line' id='line_1_13' title="bbox 78 995 1064 1055; baseline -0.009 -1"><span class='ocrx_word' id='word_1_54' title='bbox 78 999 260 1055; x_wconf 88' lang='lat' dir='ltr'>saltem</span> <span class='ocrx_word' id='word_1_55' title='bbox 301 1013 433 1050; x_wconf 90' lang='lat' dir='ltr'>nova</span> <span class='ocrx_word' id='word_1_56' title='bbox 474 996 652 1049; x_wconf 92' lang='lat' dir='ltr'>relatio</span> <span class='ocrx_word' id='word_1_57' title='bbox 690 995 752 1047; x_wconf 90' lang='lat' dir='ltr'>ad</span> <span class='ocrx_word' id='word_1_58' title='bbox 782 995 1064 1047; x_wconf 86' lang='lat' dir='ltr'>humanam</span> 
     </span>
     <span class='ocr_line' id='line_1_14' title="bbox 80 1070 1061 1130; baseline -0.009 -2"><span class='ocrx_word' id='word_1_59' title='bbox 80 1081 317 1128; x_wconf 90' lang='lat' dir='ltr'>naturam</span> <span class='ocrx_word' id='word_1_60' title='bbox 358 1070 527 1125; x_wconf 90' lang='lat' dir='ltr'>Verbo</span> <span class='ocrx_word' id='word_1_61' title='bbox 565 1070 800 1130; x_wconf 88' lang='lat' dir='ltr'>accessit,</span> <span class='ocrx_word' id='word_1_62' title='bbox 845 1077 896 1123; x_wconf 91' lang='lat' dir='ltr'>et</span> <span class='ocrx_word' id='word_1_63' title='bbox 947 1084 1061 1120; x_wconf 88' lang='lat' dir='ltr'>cum</span> 
     </span>
     <span class='ocr_line' id='line_1_15' title="bbox 80 1148 1061 1214; baseline -0.006 -13"><span class='ocrx_word' id='word_1_64' title='bbox 80 1148 166 1202; x_wconf 89' lang='lat' dir='ltr'>illa</span> <span class='ocrx_word' id='word_1_65' title='bbox 206 1148 257 1199; x_wconf 91' lang='lat' dir='ltr'>in</span> <span class='ocrx_word' id='word_1_66' title='bbox 288 1154 514 1214; x_wconf 89' lang='lat' dir='ltr'>tempore</span> <span class='ocrx_word' id='word_1_67' title='bbox 536 1150 905 1203; x_wconf 81' lang='lat' dir='ltr'>assumeretur,</span> <span class='ocrx_word' id='word_1_68' title='bbox 932 1159 1061 1195; x_wconf 88' lang='lat' dir='ltr'>nova</span> 
     </span>
     <span class='ocr_line' id='line_1_16' title="bbox 41 1217 1067 1287; baseline -0.004 -14"><span class='ocrx_word' id='word_1_69' title='bbox 41 1270 46 1273; x_wconf 85' lang='lat'>.</span> <span class='ocrx_word' id='word_1_70' title='bbox 79 1223 211 1276; x_wconf 87' lang='lat' dir='ltr'>actio</span> <span class='ocrx_word' id='word_1_71' title='bbox 249 1237 279 1274; x_wconf 93' lang='lat' dir='ltr'>a</span> <span class='ocrx_word' id='word_1_72' title='bbox 317 1220 487 1276; x_wconf 84' lang='lat' dir='ltr'>Verbo</span> <span class='ocrx_word' id='word_1_73' title='bbox 528 1220 687 1287; x_wconf 91' lang='lat' dir='ltr'>posita</span> <span class='ocrx_word' id='word_1_74' title='bbox 731 1219 849 1278; x_wconf 79' lang='lat' dir='ltr'>suit,</span> <span class='ocrx_word' id='word_1_75' title='bbox 921 1217 1067 1270; x_wconf 84' lang='lat' dir='ltr'>adeo-</span> 
     </span>
     <span class='ocr_line' id='line_1_17' title="bbox 79 1293 1066 1366; baseline -0.007 -18"><span class='ocrx_word' id='word_1_76' title='bbox 79 1312 177 1366; x_wconf 89' lang='lat' dir='ltr'>que</span> <span class='ocrx_word' id='word_1_77' title='bbox 217 1296 267 1348; x_wconf 93' lang='lat' dir='ltr'>in</span> <span class='ocrx_word' id='word_1_78' title='bbox 308 1297 404 1348; x_wconf 91' lang='lat' dir='ltr'>isto</span> <span class='ocrx_word' id='word_1_79' title='bbox 445 1294 656 1346; x_wconf 88' lang='lat' dir='ltr'>mutatio</span> <span class='ocrx_word' id='word_1_80' title='bbox 708 1293 938 1359; x_wconf 76' lang='lat' dir='ltr'>contigit.</span> <span class='ocrx_word' id='word_1_81' title='bbox 994 1322 1066 1329; x_wconf 84' lang='lat'>—-</span> 
     </span>
     <span class='ocr_line' id='line_1_18' title="bbox 76 1368 1098 1438; baseline -0.006 -15"><span class='ocrx_word' id='word_1_82' title='bbox 76 1370 298 1431; x_wconf 71' lang='lat' dir='ltr'>Verum,</span> <span class='ocrx_word' id='word_1_83' title='bbox 366 1370 451 1438; x_wconf 89' lang='lat' dir='ltr'>qui</span> <span class='ocrx_word' id='word_1_84' title='bbox 515 1368 582 1419; x_wconf 91' lang='lat' dir='ltr'>ita</span> <span class='ocrx_word' id='word_1_85' title='bbox 649 1368 1018 1419; x_wconf 77' lang='lat' dir='ltr'>ratiocinantur</span> <span class='ocrx_word' id='word_1_86' title='bbox 1045 1370 1098 1432; x_wconf 61' lang='grc' dir='ltr'>,ξ</span> 
     </span>
     <span class='ocr_line' id='line_1_19' title="bbox 78 1434 1097 1511; baseline -0.007 -13"><span class='ocrx_word' id='word_1_87' title='bbox 78 1444 241 1499; x_wconf 89' lang='lat' dir='ltr'>Deum</span> <span class='ocrx_word' id='word_1_88' title='bbox 308 1444 525 1511; x_wconf 77' lang='lat' dir='ltr'>turpiter</span> <span class='ocrx_word' id='word_1_89' title='bbox 591 1458 708 1493; x_wconf 91' lang='lat' dir='ltr'>cum</span> <span class='ocrx_word' id='word_1_90' title='bbox 776 1434 1097 1493; x_wconf 78' lang='lat' dir='ltr'>liominibus&#39;</span> 
     </span>
     <span class='ocr_line' id='line_1_20' title="bbox 80 1516 1062 1585; baseline -0.006 -13"><span class='ocrx_word' id='word_1_91' title='bbox 80 1517 419 1576; x_wconf 84' lang='lat' dir='ltr'>confundunt,</span> <span class='ocrx_word' id='word_1_92' title='bbox 465 1518 547 1585; x_wconf 89' lang='lat' dir='ltr'>qui</span> <span class='ocrx_word' id='word_1_93' title='bbox 591 1516 805 1584; x_wconf 86' lang='lat' dir='ltr'>tempori</span> <span class='ocrx_word' id='word_1_94' title='bbox 851 1516 1062 1568; x_wconf 90' lang='lat' dir='ltr'>subiecti</span> 
     </span>
     <span class='ocr_line' id='line_1_21' title="bbox 81 1592 1067 1658; baseline -0.005 -12"><span class='ocrx_word' id='word_1_95' title='bbox 81 1601 200 1646; x_wconf 91' lang='lat' dir='ltr'>sunt</span> <span class='ocrx_word' id='word_1_96' title='bbox 227 1634 239 1653; x_wconf 88' lang='lat'>,</span> <span class='ocrx_word' id='word_1_97' title='bbox 284 1600 333 1644; x_wconf 88' lang='lat' dir='ltr'>et</span> <span class='ocrx_word' id='word_1_98' title='bbox 374 1592 543 1643; x_wconf 91' lang='lat' dir='ltr'>omnia</span> <span class='ocrx_word' id='word_1_99' title='bbox 582 1592 631 1643; x_wconf 87' lang='lat' dir='ltr'>in</span> <span class='ocrx_word' id='word_1_100' title='bbox 676 1598 902 1658; x_wconf 88' lang='lat' dir='ltr'>tempore</span> <span class='ocrx_word' id='word_1_101' title='bbox 959 1606 1067 1658; x_wconf 59' lang='lat' dir='ltr'>perm</span> 
     </span>
     <span class='ocr_line' id='line_1_22' title="bbox 79 1665 1062 1734; baseline -0.005 -14"><span class='ocrx_word' id='word_1_102' title='bbox 79 1668 294 1730; x_wconf 86' lang='lat' dir='ltr'>ficiunt,</span> <span class='ocrx_word' id='word_1_103' title='bbox 349 1674 501 1734; x_wconf 89' lang='lat' dir='ltr'>atque</span> <span class='ocrx_word' id='word_1_104' title='bbox 553 1666 666 1716; x_wconf 84' lang='lat' dir='ltr'>ideo</span> <span class='ocrx_word' id='word_1_105' title='bbox 707 1666 766 1716; x_wconf 80' lang='lat' dir='ltr'>(le</span> <span class='ocrx_word' id='word_1_106' title='bbox 825 1670 941 1716; x_wconf 85' lang='lat' dir='ltr'>actu</span> <span class='ocrx_word' id='word_1_107' title='bbox 1001 1665 1062 1716; x_wconf 87' lang='lat' dir='ltr'>ad</span> 
     </span>
     <span class='ocr_line' id='line_1_23' title="bbox 79 1739 1064 1796; baseline -0.006 -1"><span class='ocrx_word' id='word_1_108' title='bbox 79 1748 250 1796; x_wconf 91' lang='lat' dir='ltr'>actum</span> <span class='ocrx_word' id='word_1_109' title='bbox 293 1746 579 1794; x_wconf 85' lang='lat' dir='ltr'>transeunt.</span> <span class='ocrx_word' id='word_1_110' title='bbox 623 1739 759 1792; x_wconf 90' lang='lat' dir='ltr'>Deus</span> <span class='ocrx_word' id='word_1_111' title='bbox 784 1746 954 1791; x_wconf 90' lang='lat' dir='ltr'>autem</span> <span class='ocrx_word' id='word_1_112' title='bbox 983 1754 1064 1789; x_wconf 88' lang='lat' dir='ltr'>ae-</span> 
     </span>
     <span class='ocr_line' id='line_1_24' title="bbox 80 1814 1066 1882; baseline -0.006 -13"><span class='ocrx_word' id='word_1_113' title='bbox 80 1825 278 1876; x_wconf 82' lang='lat' dir='ltr'>ternuS,</span> <span class='ocrx_word' id='word_1_114' title='bbox 321 1823 371 1867; x_wconf 88' lang='lat' dir='ltr'>et</span> <span class='ocrx_word' id='word_1_115' title='bbox 420 1815 487 1866; x_wconf 86' lang='lat' dir='ltr'>ita</span> <span class='ocrx_word' id='word_1_116' title='bbox 531 1815 741 1882; x_wconf 87' lang='lat' dir='ltr'>tempori</span> <span class='ocrx_word' id='word_1_117' title='bbox 808 1814 1066 1864; x_wconf 89' lang='lat' dir='ltr'>subiectus</span> 
     </span>
     <span class='ocr_line' id='line_1_25' title="bbox 80 1887 1067 1957; baseline -0.006 -14"><span class='ocrx_word' id='word_1_118' title='bbox 80 1907 180 1943; x_wconf 89' lang='lat' dir='ltr'>non</span> <span class='ocrx_word' id='word_1_119' title='bbox 222 1896 317 1950; x_wconf 85' lang='lat' dir='ltr'>est,</span> <span class='ocrx_word' id='word_1_120' title='bbox 361 1895 418 1941; x_wconf 92' lang='lat' dir='ltr'>ut</span> <span class='ocrx_word' id='word_1_121' title='bbox 457 1905 519 1940; x_wconf 90' lang='lat' dir='ltr'>ne</span> <span class='ocrx_word' id='word_1_122' title='bbox 561 1889 661 1941; x_wconf 90' lang='lat' dir='ltr'>duo</span> <span class='ocrx_word' id='word_1_123' title='bbox 703 1887 905 1957; x_wconf 91' lang='lat' dir='ltr'>quidem</span> <span class='ocrx_word' id='word_1_124' title='bbox 967 1903 1067 1939; x_wconf 89' lang='lat' dir='ltr'>mo·</span> 
     </span>
     <span class='ocr_line' id='line_1_26' title="bbox 80 1961 1065 2031; baseline -0.005 -13"><span class='ocrx_word' id='word_1_125' title='bbox 80 1971 252 2019; x_wconf 87' lang='lat' dir='ltr'>menta</span> <span class='ocrx_word' id='word_1_126' title='bbox 291 1964 339 2016; x_wconf 89' lang='lat' dir='ltr'>in</span> <span class='ocrx_word' id='word_1_127' title='bbox 382 1963 488 2031; x_wconf 88' lang='lat' dir='ltr'>ipso</span> <span class='ocrx_word' id='word_1_128' title='bbox 528 1962 925 2030; x_wconf 82' lang='lat' dir='ltr'>distinguantur.</span> <span class='ocrx_word' id='word_1_129' title='bbox 969 1961 1065 2013; x_wconf 91' lang='lat' dir='ltr'>lm-</span> 
     </span>
     <span class='ocr_line' id='line_1_27' title="bbox 81 2036 1065 2108; baseline -0.004 -17"><span class='ocrx_word' id='word_1_130' title='bbox 81 2042 279 2108; x_wconf 88' lang='lat' dir='ltr'>proprie</span> <span class='ocrx_word' id='word_1_131' title='bbox 319 2044 520 2091; x_wconf 89' lang='lat' dir='ltr'>tantum</span> <span class='ocrx_word' id='word_1_132' title='bbox 560 2044 612 2090; x_wconf 88' lang='lat' dir='ltr'>et</span> <span class='ocrx_word' id='word_1_133' title='bbox 637 2039 701 2090; x_wconf 90' lang='lat' dir='ltr'>ad</span> <span class='ocrx_word' id='word_1_134' title='bbox 739 2044 944 2106; x_wconf 80' lang='lat' dir='ltr'>captum</span> <span class='ocrx_word' id='word_1_135' title='bbox 976 2036 1065 2087; x_wconf 77' lang='lat' dir='ltr'>liu-</span> 
     </span>
     <span class='ocr_line' id='line_1_28' title="bbox 82 2111 1066 2180; baseline -0.004 -14"><span class='ocrx_word' id='word_1_136' title='bbox 82 2129 290 2166; x_wconf 90' lang='lat' dir='ltr'>manum</span> <span class='ocrx_word' id='word_1_137' title='bbox 336 2113 606 2180; x_wconf 90' lang='lat' dir='ltr'>loquimur,</span> <span class='ocrx_word' id='word_1_138' title='bbox 669 2128 784 2164; x_wconf 90' lang='lat' dir='ltr'>cum</span> <span class='ocrx_word' id='word_1_139' title='bbox 851 2111 1066 2163; x_wconf 85' lang='lat' dir='ltr'>dicimus</span> 
     </span>
     <span class='ocr_line' id='line_1_29' title="bbox 83 2186 1068 2254; baseline -0.003 -14"><span class='ocrx_word' id='word_1_140' title='bbox 83 2187 247 2241; x_wconf 82' lang='lat' dir='ltr'>Deum</span> <span class='ocrx_word' id='word_1_141' title='bbox 287 2187 477 2254; x_wconf 92' lang='lat' dir='ltr'>aliquid</span> <span class='ocrx_word' id='word_1_142' title='bbox 519 2186 666 2239; x_wconf 92' lang='lat' dir='ltr'>modo</span> <span class='ocrx_word' id='word_1_143' title='bbox 705 2186 838 2238; x_wconf 92' lang='lat' dir='ltr'>velle</span> <span class='ocrx_word' id='word_1_144' title='bbox 878 2193 966 2238; x_wconf 92' lang='lat' dir='ltr'>aut</span> <span class='ocrx_word' id='word_1_145' title='bbox 1001 2186 1068 2237; x_wconf 86' lang='lat' dir='ltr'>fa-</span> 
     </span>
     <span class='ocr_line' id='line_1_30' title="bbox 84 2260 1064 2329; baseline -0.003 -15"><span class='ocrx_word' id='word_1_146' title='bbox 84 2278 220 2324; x_wconf 89' lang='lat' dir='ltr'>cere,</span> <span class='ocrx_word' id='word_1_147' title='bbox 264 2260 397 2329; x_wconf 90' lang='lat' dir='ltr'>quod</span> <span class='ocrx_word' id='word_1_148' title='bbox 437 2268 587 2313; x_wconf 87' lang='lat' dir='ltr'>antea</span> <span class='ocrx_word' id='word_1_149' title='bbox 628 2261 790 2313; x_wconf 90' lang='lat' dir='ltr'>noluit</span> <span class='ocrx_word' id='word_1_150' title='bbox 854 2265 904 2312; x_wconf 85' lang='lat' dir='ltr'>et</span> <span class='ocrx_word' id='word_1_151' title='bbox 967 2276 1064 2312; x_wconf 91' lang='lat' dir='ltr'>non</span> 
     </span>
     <span class='ocr_line' id='line_1_31' title="bbox 84 2335 1065 2402; baseline -0.004 -13"><span class='ocrx_word' id='word_1_152' title='bbox 84 2337 222 2390; x_wconf 89' lang='lat' dir='ltr'>fecit.</span> <span class='ocrx_word' id='word_1_153' title='bbox 267 2335 472 2402; x_wconf 87' lang='lat' dir='ltr'>Proprie</span> <span class='ocrx_word' id='word_1_154' title='bbox 513 2336 646 2387; x_wconf 90' lang='lat' dir='ltr'>enim</span> <span class='ocrx_word' id='word_1_155' title='bbox 697 2335 834 2387; x_wconf 92' lang='lat' dir='ltr'>Deus</span> <span class='ocrx_word' id='word_1_156' title='bbox 899 2335 1065 2386; x_wconf 89' lang='lat' dir='ltr'>omnia</span> 
     </span>
     <span class='ocr_line' id='line_1_32' title="bbox 82 2408 1068 2477; baseline -0.004 -14"><span class='ocrx_word' id='word_1_157' title='bbox 82 2426 186 2463; x_wconf 91' lang='lat' dir='ltr'>uno</span> <span class='ocrx_word' id='word_1_158' title='bbox 224 2408 595 2477; x_wconf 89' lang='lat' dir='ltr'>simplicissimo</span> <span class='ocrx_word' id='word_1_159' title='bbox 652 2415 703 2461; x_wconf 90' lang='lat' dir='ltr'>et</span> <span class='ocrx_word' id='word_1_160' title='bbox 766 2410 1068 2461; x_wconf 83' lang='lat' dir='ltr'>simultaneo</span> 
     </span>
     <span class='ocr_line' id='line_1_33' title="bbox 85 2480 1070 2551; baseline -0.004 -14"><span class='ocrx_word' id='word_1_161' title='bbox 85 2491 200 2538; x_wconf 88' lang='lat' dir='ltr'>actu</span> <span class='ocrx_word' id='word_1_162' title='bbox 241 2484 469 2536; x_wconf 90' lang='lat' dir='ltr'>decernit</span> <span class='ocrx_word' id='word_1_163' title='bbox 508 2491 559 2536; x_wconf 90' lang='lat' dir='ltr'>et</span> <span class='ocrx_word' id='word_1_164' title='bbox 598 2480 766 2537; x_wconf 81' lang='lat' dir='ltr'>efficit.</span> <span class='ocrx_word' id='word_1_165' title='bbox 811 2483 909 2551; x_wconf 91' lang='lat' dir='ltr'>lpsi</span> <span class='ocrx_word' id='word_1_166' title='bbox 962 2482 1070 2550; x_wconf 90' lang='lat' dir='ltr'>phi-</span> 
     </span>
     <span class='ocr_line' id='line_1_34' title="bbox 89 2557 1070 2627; baseline -0.003 -16"><span class='ocrx_word' id='word_1_167' title='bbox 89 2558 281 2627; x_wconf 91' lang='lat' dir='ltr'>losophi</span> <span class='ocrx_word' id='word_1_168' title='bbox 323 2565 461 2610; x_wconf 90' lang='lat' dir='ltr'>recte</span> <span class='ocrx_word' id='word_1_169' title='bbox 500 2557 562 2610; x_wconf 92' lang='lat' dir='ltr'>de</span> <span class='ocrx_word' id='word_1_170' title='bbox 627 2557 731 2611; x_wconf 92' lang='lat' dir='ltr'>Deo</span> <span class='ocrx_word' id='word_1_171' title='bbox 794 2558 1070 2609; x_wconf 84' lang='lat' dir='ltr'>sentientes</span> 
     </span>
     <span class='ocr_line' id='line_1_35' title="bbox 87 2632 1072 2701; baseline -0.003 -16"><span class='ocrx_word' id='word_1_172' title='bbox 87 2633 184 2685; x_wconf 91' lang='lat' dir='ltr'>hoc</span> <span class='ocrx_word' id='word_1_173' title='bbox 223 2632 469 2701; x_wconf 90' lang='lat' dir='ltr'>principio</span> <span class='ocrx_word' id='word_1_174' title='bbox 507 2638 744 2689; x_wconf 83' lang='lat' dir='ltr'>utuntur,</span> <span class='ocrx_word' id='word_1_175' title='bbox 789 2638 844 2684; x_wconf 90' lang='lat' dir='ltr'>ut</span> <span class='ocrx_word' id='word_1_176' title='bbox 907 2637 1072 2683; x_wconf 89' lang='lat' dir='ltr'>osten-</span> 
     </span>
     <span class='ocr_line' id='line_1_36' title="bbox 86 2706 1066 2760; baseline -0.002 -1"><span class='ocrx_word' id='word_1_177' title='bbox 86 2707 209 2760; x_wconf 91' lang='lat' dir='ltr'>dant</span> <span class='ocrx_word' id='word_1_178' title='bbox 246 2706 410 2759; x_wconf 93' lang='lat' dir='ltr'>Deum</span> <span class='ocrx_word' id='word_1_179' title='bbox 451 2721 545 2758; x_wconf 89' lang='lat' dir='ltr'>nec</span> <span class='ocrx_word' id='word_1_180' title='bbox 584 2706 632 2758; x_wconf 93' lang='lat' dir='ltr'>in</span> <span class='ocrx_word' id='word_1_181' title='bbox 674 2707 929 2759; x_wconf 88' lang='lat' dir='ltr'>creatione</span> <span class='ocrx_word' id='word_1_182' title='bbox 958 2721 1066 2757; x_wconf 88' lang='lat' dir='ltr'>mu-</span> 
     </span>
     <span class='ocr_line' id='line_1_37' title="bbox 89 2781 1068 2849; baseline -0.003 -15"><span class='ocrx_word' id='word_1_183' title='bbox 89 2786 249 2834; x_wconf 89' lang='lat' dir='ltr'>tatum</span> <span class='ocrx_word' id='word_1_184' title='bbox 289 2796 421 2842; x_wconf 89' lang='lat' dir='ltr'>esse,</span> <span class='ocrx_word' id='word_1_185' title='bbox 472 2781 706 2849; x_wconf 90' lang='lat' dir='ltr'>quamvis</span> <span class='ocrx_word' id='word_1_186' title='bbox 770 2781 914 2832; x_wconf 85' lang='lat' dir='ltr'>iuxta</span> <span class='ocrx_word' id='word_1_187' title='bbox 980 2796 1068 2832; x_wconf 92' lang='lat' dir='ltr'>no-</span> 
     </span>
     <span class='ocr_line' id='line_1_38' title="bbox 86 2854 1073 2923; baseline 0 -16"><span class='ocrx_word' id='word_1_188' title='bbox 86 2861 248 2908; x_wconf 90' lang='lat' dir='ltr'>strum</span> <span class='ocrx_word' id='word_1_189' title='bbox 276 2854 590 2923; x_wconf 90' lang='lat' dir='ltr'>concipiendi</span> <span class='ocrx_word' id='word_1_190' title='bbox 633 2854 838 2907; x_wconf 89' lang='lat' dir='ltr'>modum</span> <span class='ocrx_word' id='word_1_191' title='bbox 878 2855 970 2922; x_wconf 91' lang='lat' dir='ltr'>ipsi</span> <span class='ocrx_word' id='word_1_192' title='bbox 999 2871 1073 2907; x_wconf 89' lang='lat' dir='ltr'>re-</span> 
     </span>
     <span class='ocr_line' id='line_1_39' title="bbox 88 2928 1067 2993; baseline -0.001 -12"><span class='ocrx_word' id='word_1_193' title='bbox 88 2928 209 2982; x_wconf 89' lang='lat' dir='ltr'>latio</span> <span class='ocrx_word' id='word_1_194' title='bbox 247 2929 311 2982; x_wconf 91' lang='lat' dir='ltr'>ad</span> <span class='ocrx_word' id='word_1_195' title='bbox 362 2944 445 2981; x_wconf 86' lang='lat' dir='ltr'>res</span> <span class='ocrx_word' id='word_1_196' title='bbox 507 2935 705 2981; x_wconf 90' lang='lat' dir='ltr'>creatas</span> <span class='ocrx_word' id='word_1_197' title='bbox 768 2929 1067 2993; x_wconf 84' lang='lat' dir='ltr'>accesserit3</span> 
     </span>
     <span class='ocr_line' id='line_1_40' title="bbox 88 3003 1074 3072; baseline -0.002 -16"><span class='ocrx_word' id='word_1_198' title='bbox 88 3019 186 3056; x_wconf 90' lang='lat' dir='ltr'>nec</span> <span class='ocrx_word' id='word_1_199' title='bbox 226 3018 315 3072; x_wconf 88' lang='lat' dir='ltr'>per</span> <span class='ocrx_word' id='word_1_200' title='bbox 377 3003 819 3055; x_wconf 89' lang='lat' dir='ltr'>conservationem</span> <span class='ocrx_word' id='word_1_201' title='bbox 875 3010 926 3056; x_wconf 91' lang='lat' dir='ltr'>et</span> <span class='ocrx_word' id='word_1_202' title='bbox 981 3019 1074 3070; x_wconf 85' lang='lat' dir='ltr'>gu-</span> 
     </span>
     <span class='ocr_line' id='line_1_41' title="bbox 87 3076 1074 3147; baseline -0.004 -15"><span class='ocrx_word' id='word_1_203' title='bbox 87 3077 438 3133; x_wconf 81' lang='lat' dir='ltr'>bernationem</span> <span class='ocrx_word' id='word_1_204' title='bbox 464 3076 640 3129; x_wconf 93' lang='lat' dir='ltr'>mundi</span> <span class='ocrx_word' id='word_1_205' title='bbox 665 3078 871 3138; x_wconf 88' lang='lat' dir='ltr'>mutari,</span> <span class='ocrx_word' id='word_1_206' title='bbox 897 3093 1074 3147; x_wconf 92' lang='lat' dir='ltr'>quam-</span> 
     </span>
     <span class='ocr_line' id='line_1_42' title="bbox 89 3152 1074 3219; baseline 0.001 -16"><span class='ocrx_word' id='word_1_207' title='bbox 89 3152 169 3204; x_wconf 86' lang='lat' dir='ltr'>vis</span> <span class='ocrx_word' id='word_1_208' title='bbox 208 3168 298 3205; x_wconf 91' lang='lat' dir='ltr'>nos</span> <span class='ocrx_word' id='word_1_209' title='bbox 337 3152 505 3204; x_wconf 87' lang='lat' dir='ltr'>varias</span> <span class='ocrx_word' id='word_1_210' title='bbox 569 3152 888 3219; x_wconf 91' lang='lat' dir='ltr'>operationes</span> <span class='ocrx_word' id='word_1_211' title='bbox 949 3153 1074 3204; x_wconf 84' lang='lat' dir='ltr'>divi·</span> 
     </span>
     <span class='ocr_line' id='line_1_43' title="bbox 91 3225 1074 3295; baseline 0.002 -16"><span class='ocrx_word' id='word_1_212' title='bbox 91 3241 184 3279; x_wconf 89' lang='lat' dir='ltr'>nas</span> <span class='ocrx_word' id='word_1_213' title='bbox 203 3226 297 3280; x_wconf 88' lang='lat' dir='ltr'>sibi</span> <span class='ocrx_word' id='word_1_214' title='bbox 324 3225 659 3278; x_wconf 89' lang='lat' dir='ltr'>succedentes</span> <span class='ocrx_word' id='word_1_215' title='bbox 684 3225 1074 3295; x_wconf 77' lang='lat' dir='ltr'>distinguamus,</span> 
     </span>
     <span class='ocr_line' id='line_1_44' title="bbox 94 3298 1072 3368; baseline 0.005 -18"><span class='ocrx_word' id='word_1_216' title='bbox 94 3298 209 3368; x_wconf 87' lang='lat' dir='ltr'>quia</span> <span class='ocrx_word' id='word_1_217' title='bbox 271 3300 436 3353; x_wconf 90' lang='lat' dir='ltr'>omnis</span> <span class='ocrx_word' id='word_1_218' title='bbox 500 3299 714 3353; x_wconf 90' lang='lat' dir='ltr'>mutatio</span> <span class='ocrx_word' id='word_1_219' title='bbox 777 3300 942 3354; x_wconf 87' lang='lat' dir='ltr'>solum</span> <span class='ocrx_word' id='word_1_220' title='bbox 1010 3318 1072 3355; x_wconf 86' lang='lat' dir='ltr'>ex</span> 
     </span>
     <span class='ocr_line' id='line_1_45' title="bbox 92 3375 1075 3445; baseline 0.003 -18"><span class='ocrx_word' id='word_1_221' title='bbox 92 3378 237 3442; x_wconf 10' lang='lat' dir='ltr'>quarte</span> <span class='ocrx_word' id='word_1_222' title='bbox 273 3379 627 3428; x_wconf 85' lang='lat' dir='ltr'>creaturarum</span> <span class='ocrx_word' id='word_1_223' title='bbox 675 3375 942 3445; x_wconf 89' lang='lat' dir='ltr'>contingit.</span> <span class='ocrx_word' id='word_1_224' title='bbox 1000 3376 1075 3430; x_wconf 89' lang='lat' dir='ltr'>lta</span> 
     </span>
    </p>
   </div>
   <div class='ocr_carea' id='block_1_4' title="bbox 137 3546 1030 3688">
    <p class='ocr_par' dir='ltr' id='par_1_4' title="bbox 137 3546 1030 3688">
     <span class='ocr_line' id='line_1_46' title="bbox 137 3546 1030 3596; baseline 0.006 -14"><span class='ocrx_word' id='word_1_225' title='bbox 137 3546 189 3593; x_wconf 75' lang='grc' dir='ltr'>(ι)</span> <span class='ocrx_word' id='word_1_226' title='bbox 211 3547 250 3583; x_wconf 80' lang='lat' dir='ltr'>L.</span> <span class='ocrx_word' id='word_1_227' title='bbox 273 3546 317 3583; x_wconf 71' lang='lat' dir='ltr'>aa</span> <span class='ocrx_word' id='word_1_228' title='bbox 336 3557 395 3594; x_wconf 82' lang='lat' dir='ltr'>qq.</span> <span class='ocrx_word' id='word_1_229' title='bbox 420 3558 456 3594; x_wconf 81' lang='lat' dir='ltr'>q.</span> <span class='ocrx_word' id='word_1_230' title='bbox 480 3549 536 3586; x_wconf 71' lang='lat'>7³.</span> <span class='ocrx_word' id='word_1_231' title='bbox 754 3550 804 3596; x_wconf 75' lang='lat'>(2)</span> <span class='ocrx_word' id='word_1_232' title='bbox 824 3551 913 3586; x_wconf 80' lang='lat' dir='ltr'>Phil.</span> <span class='ocrx_word' id='word_1_233' title='bbox 938 3552 975 3595; x_wconf 67' lang='grc' dir='ltr'>ς,</span> <span class='ocrx_word' id='word_1_234' title='bbox 996 3552 1030 3588; x_wconf 81' lang='lat'>⁷.</span> 
     </span>
     <span class='ocr_line' id='line_1_47' title="bbox 235 3627 1004 3688; baseline 0.007 -13"><span class='ocrx_word' id='word_1_235' title='bbox 235 3633 378 3683; x_wconf 74' lang='grc' dir='ltr'><em>Κηοίί,</em></span> <span class='ocrx_word' id='word_1_236' title='bbox 398 3631 530 3679; x_wconf 76' lang='lat' dir='ltr'>Tkool</span> <span class='ocrx_word' id='word_1_237' title='bbox 582 3636 737 3688; x_wconf 75' lang='lat' dir='ltr'>Doqm.</span> <span class='ocrx_word' id='word_1_238' title='bbox 770 3627 815 3669; x_wconf 63' lang='lat'>&gt;--</span> <span class='ocrx_word' id='word_1_239' title='bbox 847 3636 939 3680; x_wconf 78' lang='lat' dir='ltr'>Vol.</span> <span class='ocrx_word' id='word_1_240' title='bbox 963 3636 1004 3681; x_wconf 86' lang='lat'>1.</span> 
     </span>
    </p>
   </div>
   <div class='ocr_carea' id='block_1_5' title="bbox 970 170 1492 210">
    <p class='ocr_par' dir='ltr' id='par_1_5' title="bbox 970 170 1492 210">
     <span class='ocr_line' id='line_1_48' title="bbox 970 170 1492 210; baseline 0 -2"><span class='ocrx_word' id='word_1_241' title='bbox 970 170 1135 210; x_wconf 75' lang='lat' dir='ltr'>SECTIO</span> <span class='ocrx_word' id='word_1_242' title='bbox 1169 172 1206 208; x_wconf 76' lang='grc' dir='ltr'>Υ.</span> <span class='ocrx_word' id='word_1_243' title='bbox 1251 170 1402 208; x_wconf 66' lang='lat' dir='ltr'>carm·</span> <span class='ocrx_word' id='word_1_244' title='bbox 1443 171 1492 208; x_wconf 74' lang='lat' dir='ltr'>V.</span> 
     </span>
    </p>
   </div>
   <div class='ocr_carea' id='block_1_6' title="bbox 1940 154 2048 209">
    <p class='ocr_par' dir='ltr' id='par_1_6' title="bbox 1940 154 2048 209">
     <span class='ocr_line' id='line_1_49' title="bbox 1940 154 2048 209; baseline 0.009 -1"><span class='ocrx_word' id='word_1_245' title='bbox 1940 154 2048 209; x_wconf 65' lang='lat'>5³13</span> 
     </span>
    </p>
   </div>
   <div class='ocr_carea' id='block_1_7' title="bbox 1128 250 2156 3462">
    <p class='ocr_par' dir='ltr' id='par_1_7' title="bbox 1128 250 2156 842">
     <span class='ocr_line' id='line_1_50' title="bbox 1130 250 2121 322; baseline 0.002 -16"><span class='ocrx_word' id='word_1_246' title='bbox 1130 253 1339 322; x_wconf 87' lang='lat' dir='ltr'>pariter,</span> <span class='ocrx_word' id='word_1_247' title='bbox 1376 250 1499 304; x_wconf 91' lang='lat' dir='ltr'>dum</span> <span class='ocrx_word' id='word_1_248' title='bbox 1526 251 1589 306; x_wconf 91' lang='lat' dir='ltr'>de</span> <span class='ocrx_word' id='word_1_249' title='bbox 1617 250 1971 307; x_wconf 71' lang='lat' dir='ltr'>local-natione</span> <span class='ocrx_word' id='word_1_250' title='bbox 2017 268 2121 308; x_wconf 88' lang='lat' dir='ltr'>ser-</span> 
     </span>
     <span class='ocr_line' id='line_1_51' title="bbox 1128 326 2146 396; baseline 0.002 -16"><span class='ocrx_word' id='word_1_251' title='bbox 1128 342 1212 380; x_wconf 91' lang='lat' dir='ltr'>mo</span> <span class='ocrx_word' id='word_1_252' title='bbox 1250 332 1348 389; x_wconf 87' lang='lat' dir='ltr'>est,</span> <span class='ocrx_word' id='word_1_253' title='bbox 1391 326 1556 379; x_wconf 87' lang='lat' dir='ltr'>omnis</span> <span class='ocrx_word' id='word_1_254' title='bbox 1593 326 1810 380; x_wconf 85' lang='lat' dir='ltr'>mutatio</span> <span class='ocrx_word' id='word_1_255' title='bbox 1849 343 1916 380; x_wconf 81' lang='lat' dir='ltr'>ex</span> <span class='ocrx_word' id='word_1_256' title='bbox 1974 334 2146 396; x_wconf 75' lang='lat' dir='ltr'>parte·</span> 
     </span>
     <span class='ocr_line' id='line_1_52' title="bbox 1130 397 2115 472; baseline 0.002 -18"><span class='ocrx_word' id='word_1_257' title='bbox 1130 406 1345 454; x_wconf 87' lang='lat' dir='ltr'>naturae</span> <span class='ocrx_word' id='word_1_258' title='bbox 1383 397 1643 462; x_wconf 79' lang='lat' dir='ltr'>humanae</span> <span class='ocrx_word' id='word_1_259' title='bbox 1682 401 1952 468; x_wconf 85' lang='lat' dir='ltr'>contingit,</span> <span class='ocrx_word' id='word_1_260' title='bbox 1983 418 2115 472; x_wconf 87' lang='lat' dir='ltr'>quae</span> 
     </span>
     <span class='ocr_line' id='line_1_53' title="bbox 1128 475 2156 542; baseline 0.001 -15"><span class='ocrx_word' id='word_1_261' title='bbox 1128 477 1178 527; x_wconf 89' lang='lat' dir='ltr'>in</span> <span class='ocrx_word' id='word_1_262' title='bbox 1221 481 1447 542; x_wconf 90' lang='lat' dir='ltr'>tempore</span> <span class='ocrx_word' id='word_1_263' title='bbox 1486 475 1697 542; x_wconf 84' lang='lat' dir='ltr'>incepit,</span> <span class='ocrx_word' id='word_1_264' title='bbox 1741 481 1793 527; x_wconf 89' lang='lat' dir='ltr'>et</span> <span class='ocrx_word' id='word_1_265' title='bbox 1830 476 1986 527; x_wconf 89' lang='lat' dir='ltr'>variis</span> <span class='ocrx_word' id='word_1_266' title='bbox 2043 478 2118 528; x_wconf 85' lang='lat' dir='ltr'>vi·</span> <span class='ocrx_word' id='word_1_267' title='bbox 2153 491 2156 494; x_wconf 53' lang='lat'><em>⁴</em></span> 
     </span>
     <span class='ocr_line' id='line_1_54' title="bbox 1128 548 2116 604; baseline 0.001 -3"><span class='ocrx_word' id='word_1_268' title='bbox 1128 548 1509 603; x_wconf 89' lang='lat' dir='ltr'>cissitudinibus</span> <span class='ocrx_word' id='word_1_269' title='bbox 1546 549 1777 601; x_wconf 87' lang='lat' dir='ltr'>subiecta</span> <span class='ocrx_word' id='word_1_270' title='bbox 1839 554 1935 602; x_wconf 91' lang='lat' dir='ltr'>est.</span> <span class='ocrx_word' id='word_1_271' title='bbox 1991 548 2116 604; x_wconf 85' lang='lat' dir='ltr'>Ver-</span> 
     </span>
     <span class='ocr_line' id='line_1_55' title="bbox 1129 622 2117 677; baseline 0.002 -2"><span class='ocrx_word' id='word_1_272' title='bbox 1129 624 1249 676; x_wconf 91' lang='lat' dir='ltr'>bum</span> <span class='ocrx_word' id='word_1_273' title='bbox 1288 629 1464 676; x_wconf 88' lang='lat' dir='ltr'>autem</span> <span class='ocrx_word' id='word_1_274' title='bbox 1500 629 1770 676; x_wconf 78' lang='lat' dir='ltr'>aeternum</span> <span class='ocrx_word' id='word_1_275' title='bbox 1812 622 1941 676; x_wconf 91' lang='lat' dir='ltr'>nulli</span> <span class='ocrx_word' id='word_1_276' title='bbox 1991 630 2117 677; x_wconf 91' lang='lat' dir='ltr'>tem-</span> 
     </span>
     <span class='ocr_line' id='line_1_56' title="bbox 1131 696 2118 766; baseline 0.001 -16"><span class='ocrx_word' id='word_1_277' title='bbox 1131 698 1235 766; x_wconf 89' lang='lat' dir='ltr'>pori</span> <span class='ocrx_word' id='word_1_278' title='bbox 1273 698 1560 750; x_wconf 89' lang='lat' dir='ltr'>subiectum</span> <span class='ocrx_word' id='word_1_279' title='bbox 1617 703 1668 749; x_wconf 91' lang='lat' dir='ltr'>et</span> <span class='ocrx_word' id='word_1_280' title='bbox 1732 696 1844 749; x_wconf 91' lang='lat' dir='ltr'>ideo</span> <span class='ocrx_word' id='word_1_281' title='bbox 1911 713 2118 765; x_wconf 88' lang='lat' dir='ltr'>prorsus</span> 
     </span>
     <span class='ocr_line' id='line_1_57' title="bbox 1129 769 1892 842; baseline 0.001 -19"><span class='ocrx_word' id='word_1_282' title='bbox 1129 770 1448 824; x_wconf 86' lang='lat' dir='ltr'>immutabile</span> <span class='ocrx_word' id='word_1_283' title='bbox 1489 771 1768 838; x_wconf 84' lang='lat' dir='ltr'>permansit</span> <span class='ocrx_word' id='word_1_284' title='bbox 1796 769 1892 842; x_wconf 83' lang='lat'>(5).</span> 
     </span>
    </p>

    <p class='ocr_par' dir='ltr' id='par_1_8' title="bbox 1128 844 2122 1867">
     <span class='ocr_line' id='line_1_58' title="bbox 1201 844 2119 914; baseline 0.001 -16"><span class='ocrx_word' id='word_1_285' title='bbox 1201 845 1307 899; x_wconf 78' lang='lat' dir='ltr'>obi.</span> <span class='ocrx_word' id='word_1_286' title='bbox 1354 845 1438 897; x_wconf 80' lang='lat'>5.·</span> <span class='ocrx_word' id='word_1_287' title='bbox 1478 844 1529 898; x_wconf 91' lang='lat' dir='ltr'>Si</span> <span class='ocrx_word' id='word_1_288' title='bbox 1572 846 1708 898; x_wconf 92' lang='lat' dir='ltr'>Deus</span> <span class='ocrx_word' id='word_1_289' title='bbox 1737 846 1978 899; x_wconf 87' lang='lat' dir='ltr'>universa</span> <span class='ocrx_word' id='word_1_290' title='bbox 2006 862 2119 914; x_wconf 79' lang='lat' dir='ltr'>pro-</span> 
     </span>
     <span class='ocr_line' id='line_1_59' title="bbox 1130 919 2118 988; baseline 0.002 -16"><span class='ocrx_word' id='word_1_291' title='bbox 1130 927 1240 988; x_wconf 90' lang='lat' dir='ltr'>pter</span> <span class='ocrx_word' id='word_1_292' title='bbox 1278 919 1493 988; x_wconf 85' lang='lat' dir='ltr'>gloriam</span> <span class='ocrx_word' id='word_1_293' title='bbox 1533 936 1678 974; x_wconf 90' lang='lat' dir='ltr'>suam</span> <span class='ocrx_word' id='word_1_294' title='bbox 1708 926 1971 988; x_wconf 88' lang='lat' dir='ltr'>operatur,</span> <span class='ocrx_word' id='word_1_295' title='bbox 2018 937 2118 975; x_wconf 92' lang='lat' dir='ltr'>non</span> 
     </span>
     <span class='ocr_line' id='line_1_60' title="bbox 1128 994 2116 1063; baseline 0.003 -17"><span class='ocrx_word' id='word_1_296' title='bbox 1128 995 1290 1063; x_wconf 91' lang='lat' dir='ltr'>potuit</span> <span class='ocrx_word' id='word_1_297' title='bbox 1330 995 1624 1062; x_wconf 89' lang='lat' dir='ltr'>permittere</span> <span class='ocrx_word' id='word_1_298' title='bbox 1681 994 2116 1058; x_wconf 85' lang='lat' dir='ltr'>Incarnationem,</span> 
     </span>
     <span class='ocr_line' id='line_1_61' title="bbox 1131 1068 2120 1138; baseline 0.002 -18"><span class='ocrx_word' id='word_1_299' title='bbox 1131 1085 1216 1136; x_wconf 92' lang='lat' dir='ltr'>per</span> <span class='ocrx_word' id='word_1_300' title='bbox 1255 1085 1409 1137; x_wconf 91' lang='lat' dir='ltr'>quam</span> <span class='ocrx_word' id='word_1_301' title='bbox 1448 1071 1558 1121; x_wconf 91' lang='lat' dir='ltr'>eius</span> <span class='ocrx_word' id='word_1_302' title='bbox 1614 1068 1776 1136; x_wconf 85' lang='lat' dir='ltr'>gloria</span> <span class='ocrx_word' id='word_1_303' title='bbox 1843 1085 1942 1122; x_wconf 92' lang='lat' dir='ltr'>non</span> <span class='ocrx_word' id='word_1_304' title='bbox 2005 1087 2120 1138; x_wconf 87' lang='lat' dir='ltr'>pro-</span> 
     </span>
     <span class='ocr_line' id='line_1_62' title="bbox 1130 1143 2119 1205; baseline 0.003 -10"><span class='ocrx_word' id='word_1_305' title='bbox 1130 1150 1382 1205; x_wconf 89' lang='lat' dir='ltr'>movetur,</span> <span class='ocrx_word' id='word_1_306' title='bbox 1452 1144 1541 1196; x_wconf 89' lang='lat' dir='ltr'>sed</span> <span class='ocrx_word' id='word_1_307' title='bbox 1605 1144 1921 1197; x_wconf 84' lang='lat' dir='ltr'>obfuscatur.</span> <span class='ocrx_word' id='word_1_308' title='bbox 1990 1143 2119 1198; x_wconf 91' lang='lat' dir='ltr'>Nam</span> 
     </span>
     <span class='ocr_line' id='line_1_63' title="bbox 1130 1218 2122 1287; baseline 0.003 -17"><span class='ocrx_word' id='word_1_309' title='bbox 1130 1219 1392 1270; x_wconf 90' lang='lat' dir='ltr'>maiestate</span> <span class='ocrx_word' id='word_1_310' title='bbox 1420 1218 1592 1270; x_wconf 91' lang='lat' dir='ltr'>divina</span> <span class='ocrx_word' id='word_1_311' title='bbox 1625 1234 1831 1287; x_wconf 89' lang='lat' dir='ltr'>prorsus</span> <span class='ocrx_word' id='word_1_312' title='bbox 1851 1218 2122 1286; x_wconf 83' lang='lat' dir='ltr'>indignum</span> 
     </span>
     <span class='ocr_line' id='line_1_64' title="bbox 1128 1292 2115 1361; baseline 0.001 -16"><span class='ocrx_word' id='word_1_313' title='bbox 1128 1299 1205 1345; x_wconf 90' lang='lat' dir='ltr'>est</span> <span class='ocrx_word' id='word_1_314' title='bbox 1262 1292 1493 1361; x_wconf 92' lang='lat' dir='ltr'>concipi,</span> <span class='ocrx_word' id='word_1_315' title='bbox 1563 1293 1612 1344; x_wconf 93' lang='lat' dir='ltr'>in</span> <span class='ocrx_word' id='word_1_316' title='bbox 1679 1300 1824 1346; x_wconf 90' lang='lat' dir='ltr'>utero</span> <span class='ocrx_word' id='word_1_317' title='bbox 1889 1295 2115 1360; x_wconf 86' lang='lat' dir='ltr'>gestari,</span> 
     </span>
     <span class='ocr_line' id='line_1_65' title="bbox 1130 1367 2120 1435; baseline 0.003 -17"><span class='ocrx_word' id='word_1_318' title='bbox 1130 1383 1404 1435; x_wconf 84' lang='lat' dir='ltr'>pauperem</span> <span class='ocrx_word' id='word_1_319' title='bbox 1446 1382 1577 1426; x_wconf 91' lang='lat' dir='ltr'>esse,</span> <span class='ocrx_word' id='word_1_320' title='bbox 1611 1367 1828 1428; x_wconf 84' lang='lat' dir='ltr'>iniuriiS‚</span> <span class='ocrx_word' id='word_1_321' title='bbox 1861 1367 2120 1421; x_wconf 88' lang='lat' dir='ltr'>doloribus</span> 
     </span>
     <span class='ocr_line' id='line_1_66' title="bbox 1128 1441 2121 1512; baseline 0.002 -19"><span class='ocrx_word' id='word_1_322' title='bbox 1128 1449 1177 1493; x_wconf 91' lang='lat' dir='ltr'>et</span> <span class='ocrx_word' id='word_1_323' title='bbox 1199 1442 1337 1509; x_wconf 86' lang='lat' dir='ltr'>ipsae</span> <span class='ocrx_word' id='word_1_324' title='bbox 1361 1443 1507 1493; x_wconf 90' lang='lat' dir='ltr'>morti</span> <span class='ocrx_word' id='word_1_325' title='bbox 1531 1442 1730 1494; x_wconf 91' lang='lat' dir='ltr'>subiici.</span> <span class='ocrx_word' id='word_1_326' title='bbox 1757 1441 2121 1512; x_wconf 87' lang='lat' dir='ltr'>Quaecumque</span> 
     </span>
     <span class='ocr_line' id='line_1_67' title="bbox 1128 1515 2122 1578; baseline 0.002 -10"><span class='ocrx_word' id='word_1_327' title='bbox 1128 1523 1299 1568; x_wconf 87' lang='lat' dir='ltr'>autem</span> <span class='ocrx_word' id='word_1_328' title='bbox 1341 1515 1502 1568; x_wconf 90' lang='lat' dir='ltr'>Deum</span> <span class='ocrx_word' id='word_1_329' title='bbox 1554 1516 1823 1578; x_wconf 90' lang='lat' dir='ltr'>dedecent,</span> <span class='ocrx_word' id='word_1_330' title='bbox 1892 1532 1922 1569; x_wconf 90' lang='lat' dir='ltr'>a</span> <span class='ocrx_word' id='word_1_331' title='bbox 1980 1526 2122 1571; x_wconf 89' lang='lat' dir='ltr'>recta</span> 
     </span>
     <span class='ocr_line' id='line_1_68' title="bbox 1131 1591 2120 1660; baseline 0.002 -18"><span class='ocrx_word' id='word_1_332' title='bbox 1131 1591 1324 1642; x_wconf 89' lang='lat' dir='ltr'>ratione</span> <span class='ocrx_word' id='word_1_333' title='bbox 1365 1591 1561 1642; x_wconf 88' lang='lat' dir='ltr'>admitti</span> <span class='ocrx_word' id='word_1_334' title='bbox 1606 1598 1888 1660; x_wconf 88' lang='lat' dir='ltr'>nequeunt,</span> <span class='ocrx_word' id='word_1_335' title='bbox 1933 1598 1983 1643; x_wconf 92' lang='lat' dir='ltr'>et</span> <span class='ocrx_word' id='word_1_336' title='bbox 2007 1591 2120 1644; x_wconf 90' lang='lat' dir='ltr'>ideo</span> 
     </span>
     <span class='ocr_line' id='line_1_69' title="bbox 1129 1664 2122 1719; baseline 0.003 -3"><span class='ocrx_word' id='word_1_337' title='bbox 1129 1666 1281 1716; x_wconf 88' lang='lat' dir='ltr'>etiam</span> <span class='ocrx_word' id='word_1_338' title='bbox 1322 1664 1611 1718; x_wconf 81' lang='lat' dir='ltr'>incarnatio</span> <span class='ocrx_word' id='word_1_339' title='bbox 1654 1682 1751 1718; x_wconf 90' lang='lat' dir='ltr'>non</span> <span class='ocrx_word' id='word_1_340' title='bbox 1802 1673 1879 1718; x_wconf 91' lang='lat' dir='ltr'>est</span> <span class='ocrx_word' id='word_1_341' title='bbox 1935 1666 2122 1719; x_wconf 87' lang='lat' dir='ltr'>admit-</span> 
     </span>
     <span class='ocr_line' id='line_1_70' title="bbox 1132 1740 2121 1809; baseline 0.005 -19"><span class='ocrx_word' id='word_1_342' title='bbox 1132 1740 1302 1799; x_wconf 88' lang='lat' dir='ltr'>tenda,</span> <span class='ocrx_word' id='word_1_343' title='bbox 1346 1740 1432 1792; x_wconf 90' lang='lat' dir='ltr'>sed</span> <span class='ocrx_word' id='word_1_344' title='bbox 1476 1747 1710 1809; x_wconf 89' lang='lat' dir='ltr'>respectu</span> <span class='ocrx_word' id='word_1_345' title='bbox 1750 1741 1841 1794; x_wconf 92' lang='lat' dir='ltr'>Dei</span> <span class='ocrx_word' id='word_1_346' title='bbox 1890 1740 2121 1809; x_wconf 89' lang='lat' dir='ltr'>impossi-</span> 
     </span>
     <span class='ocr_line' id='line_1_71' title="bbox 1129 1814 1513 1867; baseline 0 -1"><span class='ocrx_word' id='word_1_347' title='bbox 1129 1815 1240 1866; x_wconf 85' lang='lat' dir='ltr'>bilis</span> <span class='ocrx_word' id='word_1_348' title='bbox 1280 1814 1513 1867; x_wconf 88' lang='lat' dir='ltr'>dicenda.</span> 
     </span>
    </p>

    <p class='ocr_par' dir='ltr' id='par_1_9' title="bbox 1128 1887 2125 3372">
     <span class='ocr_line' id='line_1_72' title="bbox 1203 1887 2121 1957; baseline 0.003 -18"><span class='ocrx_word' id='word_1_349' title='bbox 1203 1887 1339 1957; x_wconf 81' lang='lat' dir='ltr'>Hesp.</span> <span class='ocrx_word' id='word_1_350' title='bbox 1385 1889 1512 1951; x_wconf 86' lang='lat' dir='ltr'>Quid</span> <span class='ocrx_word' id='word_1_351' title='bbox 1560 1888 1722 1941; x_wconf 92' lang='lat' dir='ltr'>Deum</span> <span class='ocrx_word' id='word_1_352' title='bbox 1790 1889 1967 1942; x_wconf 88' lang='lat' dir='ltr'>deceat</span> <span class='ocrx_word' id='word_1_353' title='bbox 2030 1896 2121 1942; x_wconf 87' lang='lat' dir='ltr'>aut</span> 
     </span>
     <span class='ocr_line' id='line_1_73' title="bbox 1128 1962 2123 2023; baseline 0.001 -9"><span class='ocrx_word' id='word_1_354' title='bbox 1128 1962 1389 2023; x_wconf 89' lang='lat' dir='ltr'>dedeceat,</span> <span class='ocrx_word' id='word_1_355' title='bbox 1438 1979 1536 2015; x_wconf 92' lang='lat' dir='ltr'>non</span> <span class='ocrx_word' id='word_1_356' title='bbox 1578 1970 1655 2015; x_wconf 89' lang='lat' dir='ltr'>est</span> <span class='ocrx_word' id='word_1_357' title='bbox 1706 1963 1969 2015; x_wconf 90' lang='lat' dir='ltr'>hominum</span> <span class='ocrx_word' id='word_1_358' title='bbox 2035 1964 2123 2016; x_wconf 91' lang='lat' dir='ltr'>de-</span> 
     </span>
     <span class='ocr_line' id='line_1_74' title="bbox 1129 2037 2119 2091; baseline 0.002 -2"><span class='ocrx_word' id='word_1_359' title='bbox 1129 2054 1356 2091; x_wconf 87' lang='lat' dir='ltr'>cernere.</span> <span class='ocrx_word' id='word_1_360' title='bbox 1405 2037 1458 2089; x_wconf 89' lang='lat' dir='ltr'>ln</span> <span class='ocrx_word' id='word_1_361' title='bbox 1503 2037 1589 2090; x_wconf 92' lang='lat' dir='ltr'>tali</span> <span class='ocrx_word' id='word_1_362' title='bbox 1634 2038 1815 2090; x_wconf 92' lang='lat' dir='ltr'>iudicio</span> <span class='ocrx_word' id='word_1_363' title='bbox 1880 2038 2119 2091; x_wconf 79' lang='lat' dir='ltr'>facillime</span> 
     </span>
     <span class='ocr_line' id='line_1_75' title="bbox 1131 2112 2120 2165; baseline 0.001 -1"><span class='ocrx_word' id='word_1_364' title='bbox 1131 2112 1320 2164; x_wconf 81' lang='lat' dir='ltr'>fallitur</span> <span class='ocrx_word' id='word_1_365' title='bbox 1362 2129 1505 2165; x_wconf 90' lang='lat' dir='ltr'>mens</span> <span class='ocrx_word' id='word_1_366' title='bbox 1548 2112 1779 2164; x_wconf 87' lang='lat' dir='ltr'>limitata.</span> <span class='ocrx_word' id='word_1_367' title='bbox 1851 2112 1996 2165; x_wconf 91' lang='lat' dir='ltr'>Unde</span> <span class='ocrx_word' id='word_1_368' title='bbox 2060 2112 2120 2165; x_wconf 78' lang='lat' dir='ltr'>A·</span> 
     </span>
     <span class='ocr_line' id='line_1_76' title="bbox 1132 2186 2119 2255; baseline 0.001 -17"><span class='ocrx_word' id='word_1_369' title='bbox 1132 2187 1355 2255; x_wconf 90' lang='lat' dir='ltr'>postolus</span> <span class='ocrx_word' id='word_1_370' title='bbox 1396 2187 1456 2239; x_wconf 91' lang='lat' dir='ltr'>de</span> <span class='ocrx_word' id='word_1_371' title='bbox 1491 2186 1690 2239; x_wconf 87' lang='lat' dir='ltr'>Christo</span> <span class='ocrx_word' id='word_1_372' title='bbox 1737 2186 1982 2239; x_wconf 83' lang='lat' dir='ltr'>crucifixo</span> <span class='ocrx_word' id='word_1_373' title='bbox 2048 2186 2119 2239; x_wconf 91' lang='lat' dir='ltr'>lo-</span> 
     </span>
     <span class='ocr_line' id='line_1_77' title="bbox 1130 2259 2117 2330; baseline 0.001 -18"><span class='ocrx_word' id='word_1_374' title='bbox 1130 2277 1289 2330; x_wconf 89' lang='lat' dir='ltr'>quens</span> <span class='ocrx_word' id='word_1_375' title='bbox 1328 2262 1436 2314; x_wconf 89' lang='lat' dir='ltr'>ait:</span> <span class='ocrx_word' id='word_1_376' title='bbox 1483 2260 1618 2325; x_wconf 77' lang='lat' dir='ltr'>Quod</span> <span class='ocrx_word' id='word_1_377' title='bbox 1643 2260 1844 2312; x_wconf 80' lang='lat' dir='ltr'>stultum</span> <span class='ocrx_word' id='word_1_378' title='bbox 1883 2269 1949 2312; x_wconf 84' lang='lat' dir='ltr'>est</span> <span class='ocrx_word' id='word_1_379' title='bbox 2005 2259 2117 2323; x_wconf 79' lang='lat' dir='ltr'>Dei,</span> 
     </span>
     <span class='ocr_line' id='line_1_78' title="bbox 1129 2332 2118 2405; baseline 0 -19"><span class='ocrx_word' id='word_1_380' title='bbox 1129 2336 1391 2404; x_wconf 77' lang='lat' dir='ltr'>sapientius</span> <span class='ocrx_word' id='word_1_381' title='bbox 1449 2344 1515 2387; x_wconf 82' lang='lat' dir='ltr'>est</span> <span class='ocrx_word' id='word_1_382' title='bbox 1579 2332 2118 2405; x_wconf 71' lang='lat' dir='ltr'>hominibus(l1).ln-</span> 
     </span>
     <span class='ocr_line' id='line_1_79' title="bbox 1131 2408 2120 2478; baseline 0.002 -18"><span class='ocrx_word' id='word_1_383' title='bbox 1131 2411 1342 2478; x_wconf 79' lang='lat' dir='ltr'>‹lignum</span> <span class='ocrx_word' id='word_1_384' title='bbox 1381 2426 1502 2462; x_wconf 88' lang='lat' dir='ltr'>sane</span> <span class='ocrx_word' id='word_1_385' title='bbox 1542 2426 1642 2462; x_wconf 90' lang='lat' dir='ltr'>non</span> <span class='ocrx_word' id='word_1_386' title='bbox 1701 2415 1778 2461; x_wconf 88' lang='lat' dir='ltr'>est</span> <span class='ocrx_word' id='word_1_387' title='bbox 1840 2408 1944 2461; x_wconf 91' lang='lat' dir='ltr'>Deo</span> <span class='ocrx_word' id='word_1_388' title='bbox 2007 2409 2120 2462; x_wconf 90' lang='lat' dir='ltr'>aliis</span> 
     </span>
     <span class='ocr_line' id='line_1_80' title="bbox 1133 2482 2119 2544; baseline 0 -8"><span class='ocrx_word' id='word_1_389' title='bbox 1133 2484 1450 2544; x_wconf 84' lang='lat' dir='ltr'>benefacere,</span> <span class='ocrx_word' id='word_1_390' title='bbox 1494 2485 1593 2536; x_wconf 90' lang='lat' dir='ltr'>imo</span> <span class='ocrx_word' id='word_1_391' title='bbox 1635 2483 1729 2536; x_wconf 90' lang='lat' dir='ltr'>hoc</span> <span class='ocrx_word' id='word_1_392' title='bbox 1768 2482 1995 2536; x_wconf 89' lang='lat' dir='ltr'>infinitae</span> <span class='ocrx_word' id='word_1_393' title='bbox 2036 2483 2119 2536; x_wconf 84' lang='lat' dir='ltr'>bo-</span> 
     </span>
     <span class='ocr_line' id='line_1_81' title="bbox 1135 2550 2121 2626; baseline 0 -16"><span class='ocrx_word' id='word_1_394' title='bbox 1135 2559 1277 2610; x_wconf 90' lang='lat' dir='ltr'>nitati</span> <span class='ocrx_word' id='word_1_395' title='bbox 1320 2560 1542 2611; x_wconf 82' lang='lat' dir='ltr'>maxime</span> <span class='ocrx_word' id='word_1_396' title='bbox 1582 2558 1837 2625; x_wconf 85' lang='lat' dir='ltr'>congruit.</span> <span class='ocrx_word' id='word_1_397' title='bbox 1882 2556 1975 2610; x_wconf 83' lang='lat' dir='ltr'>Ast</span> <span class='ocrx_word' id='word_1_398' title='bbox 2029 2550 2121 2626; x_wconf 69' lang='lat' dir='ltr'>per&#39;·</span> 
     </span>
     <span class='ocr_line' id='line_1_82' title="bbox 1132 2632 2120 2685; baseline 0 0"><span class='ocrx_word' id='word_1_399' title='bbox 1132 2633 1544 2685; x_wconf 90' lang='lat' dir='ltr'>Incarnationem</span> <span class='ocrx_word' id='word_1_400' title='bbox 1597 2634 1879 2684; x_wconf 85' lang='lat' dir='ltr'>maximum</span> <span class='ocrx_word' id='word_1_401' title='bbox 1932 2632 2120 2685; x_wconf 84' lang='lat' dir='ltr'>benefi-</span> 
     </span>
     <span class='ocr_line' id='line_1_83' title="bbox 1133 2707 2115 2776; baseline 0 -16"><span class='ocrx_word' id='word_1_402' title='bbox 1133 2709 1268 2760; x_wconf 90' lang='lat' dir='ltr'>cium</span> <span class='ocrx_word' id='word_1_403' title='bbox 1310 2710 1609 2776; x_wconf 88' lang='lat' dir='ltr'>praestitum</span> <span class='ocrx_word' id='word_1_404' title='bbox 1669 2713 1746 2759; x_wconf 88' lang='lat' dir='ltr'>est</span> <span class='ocrx_word' id='word_1_405' title='bbox 1805 2707 2115 2769; x_wconf 76' lang='lat' dir='ltr'>liominibuS,</span> 
     </span>
     <span class='ocr_line' id='line_1_84' title="bbox 1133 2781 2120 2852; baseline 0.001 -18"><span class='ocrx_word' id='word_1_406' title='bbox 1133 2784 1217 2852; x_wconf 93' lang='lat' dir='ltr'>qui</span> <span class='ocrx_word' id='word_1_407' title='bbox 1260 2799 1348 2851; x_wconf 90' lang='lat' dir='ltr'>per</span> <span class='ocrx_word' id='word_1_408' title='bbox 1387 2782 1527 2835; x_wconf 89' lang='lat' dir='ltr'>illam</span> <span class='ocrx_word' id='word_1_409' title='bbox 1568 2799 1598 2834; x_wconf 91' lang='lat' dir='ltr'>a</span> <span class='ocrx_word' id='word_1_410' title='bbox 1640 2781 1863 2833; x_wconf 82' lang='lat' dir='ltr'>maxima</span> <span class='ocrx_word' id='word_1_411' title='bbox 1916 2781 2120 2835; x_wconf 89' lang='lat' dir='ltr'>miseria</span> 
     </span>
     <span class='ocr_line' id='line_1_85' title="bbox 1138 2854 2125 2924; baseline 0.002 -16"><span class='ocrx_word' id='word_1_412' title='bbox 1138 2858 1354 2917; x_wconf 90' lang='lat' dir='ltr'>liberati,</span> <span class='ocrx_word' id='word_1_413' title='bbox 1399 2863 1449 2909; x_wconf 86' lang='lat' dir='ltr'>et</span> <span class='ocrx_word' id='word_1_414' title='bbox 1488 2864 1728 2909; x_wconf 86' lang='lat' dir='ltr'>aeternae</span> <span class='ocrx_word' id='word_1_415' title='bbox 1769 2855 1948 2908; x_wconf 90' lang='lat' dir='ltr'>salutis</span> <span class='ocrx_word' id='word_1_416' title='bbox 2001 2854 2125 2924; x_wconf 65' lang='lat' dir='ltr'>par-&#39;¹</span> 
     </span>
     <span class='ocr_line' id='line_1_86' title="bbox 1136 2928 2121 3000; baseline -0.001 -17"><span class='ocrx_word' id='word_1_417' title='bbox 1136 2930 1310 3000; x_wconf 89' lang='lat' dir='ltr'>ticipes</span> <span class='ocrx_word' id='word_1_418' title='bbox 1350 2931 1528 2984; x_wconf 88' lang='lat' dir='ltr'>redditi</span> <span class='ocrx_word' id='word_1_419' title='bbox 1570 2938 1706 2983; x_wconf 91' lang='lat' dir='ltr'>sunt.</span> <span class='ocrx_word' id='word_1_420' title='bbox 1754 2930 1885 2996; x_wconf 82' lang='lat' dir='ltr'>Ergo</span> <span class='ocrx_word' id='word_1_421' title='bbox 1951 2928 2121 2982; x_wconf 87' lang='lat' dir='ltr'>Incar-</span> 
     </span>
     <span class='ocr_line' id='line_1_87' title="bbox 1138 3003 2121 3073; baseline 0 -15"><span class='ocrx_word' id='word_1_422' title='bbox 1138 3008 1271 3058; x_wconf 87' lang='lat' dir='ltr'>natio</span> <span class='ocrx_word' id='word_1_423' title='bbox 1311 3006 1416 3058; x_wconf 93' lang='lat' dir='ltr'>Deo</span> <span class='ocrx_word' id='word_1_424' title='bbox 1457 3021 1555 3058; x_wconf 92' lang='lat' dir='ltr'>non</span> <span class='ocrx_word' id='word_1_425' title='bbox 1599 3006 1691 3058; x_wconf 85' lang='lat' dir='ltr'>fuit</span> <span class='ocrx_word' id='word_1_426' title='bbox 1737 3003 1965 3073; x_wconf 85' lang='lat' dir='ltr'>indigna.</span> <span class='ocrx_word' id='word_1_427' title='bbox 2021 3003 2121 3058; x_wconf 91' lang='lat' dir='ltr'>Ne-</span> 
     </span>
     <span class='ocr_line' id='line_1_88' title="bbox 1136 3078 2123 3149; baseline -0.001 -16"><span class='ocrx_word' id='word_1_428' title='bbox 1136 3096 1233 3149; x_wconf 87' lang='lat' dir='ltr'>que</span> <span class='ocrx_word' id='word_1_429' title='bbox 1274 3096 1362 3148; x_wconf 89' lang='lat' dir='ltr'>per</span> <span class='ocrx_word' id='word_1_430' title='bbox 1402 3081 1551 3132; x_wconf 90' lang='lat' dir='ltr'>istam</span> <span class='ocrx_word' id='word_1_431' title='bbox 1591 3079 1831 3132; x_wconf 91' lang='lat' dir='ltr'>maiestas</span> <span class='ocrx_word' id='word_1_432' title='bbox 1879 3078 1969 3131; x_wconf 87' lang='lat' dir='ltr'>Dei</span> <span class='ocrx_word' id='word_1_433' title='bbox 2035 3079 2123 3132; x_wconf 87' lang='lat' dir='ltr'>ob-</span> 
     </span>
     <span class='ocr_line' id='line_1_89' title="bbox 1138 3153 2121 3215; baseline -0.002 -8"><span class='ocrx_word' id='word_1_434' title='bbox 1138 3155 1350 3215; x_wconf 86' lang='lat' dir='ltr'>fuscata,</span> <span class='ocrx_word' id='word_1_435' title='bbox 1394 3161 1483 3206; x_wconf 91' lang='lat' dir='ltr'>aut</span> <span class='ocrx_word' id='word_1_436' title='bbox 1522 3153 1780 3207; x_wconf 91' lang='lat' dir='ltr'>beatitudo</span> <span class='ocrx_word' id='word_1_437' title='bbox 1845 3154 1954 3205; x_wconf 91' lang='lat' dir='ltr'>eius</span> <span class='ocrx_word' id='word_1_438' title='bbox 2012 3159 2121 3205; x_wconf 86' lang='lat' dir='ltr'>tur-</span> 
     </span>
     <span class='ocr_line' id='line_1_90' title="bbox 1138 3226 2121 3282; baseline -0.001 -2"><span class='ocrx_word' id='word_1_439' title='bbox 1138 3230 1251 3280; x_wconf 91' lang='lat' dir='ltr'>bata</span> <span class='ocrx_word' id='word_1_440' title='bbox 1270 3228 1379 3280; x_wconf 83' lang='lat' dir='ltr'>fuit.</span> <span class='ocrx_word' id='word_1_441' title='bbox 1397 3227 1526 3280; x_wconf 92' lang='lat' dir='ltr'>Nam</span> <span class='ocrx_word' id='word_1_442' title='bbox 1545 3228 1676 3281; x_wconf 89' lang='lat' dir='ltr'>sicut</span> <span class='ocrx_word' id='word_1_443' title='bbox 1693 3227 1766 3280; x_wconf 91' lang='lat' dir='ltr'>sol</span> <span class='ocrx_word' id='word_1_444' title='bbox 1785 3226 2121 3282; x_wconf 89' lang='lat' dir='ltr'>illuminando</span> 
     </span>
     <span class='ocr_line' id='line_1_91' title="bbox 1139 3301 2122 3372; baseline 0 -18"><span class='ocrx_word' id='word_1_445' title='bbox 1139 3303 1304 3356; x_wconf 89' lang='lat' dir='ltr'>lutum</span> <span class='ocrx_word' id='word_1_446' title='bbox 1342 3301 1412 3354; x_wconf 90' lang='lat' dir='ltr'>nil</span> <span class='ocrx_word' id='word_1_447' title='bbox 1451 3302 1568 3355; x_wconf 92' lang='lat' dir='ltr'>inde</span> <span class='ocrx_word' id='word_1_448' title='bbox 1607 3301 1793 3356; x_wconf 89' lang='lat' dir='ltr'>sordidi</span> <span class='ocrx_word' id='word_1_449' title='bbox 1820 3303 2018 3372; x_wconf 88' lang='lat' dir='ltr'>recipit,</span> <span class='ocrx_word' id='word_1_450' title='bbox 2051 3301 2122 3354; x_wconf 90' lang='lat' dir='ltr'>ita</span> 
     </span>
    </p>

    <p class='ocr_par' dir='ltr' id='par_1_10' title="bbox 1181 3415 2117 3462">
     <span class='ocr_line' id='line_1_92' title="bbox 1181 3415 2117 3462; baseline -0.005 -8"><span class='ocrx_word' id='word_1_451' title='bbox 1181 3417 1231 3462; x_wconf 81' lang='grc'>(3)</span> <span class='ocrx_word' id='word_1_452' title='bbox 1255 3418 1307 3454; x_wconf 72' lang='lat' dir='ltr'>Cr.</span> <span class='ocrx_word' id='word_1_453' title='bbox 1331 3418 1514 3462; x_wconf 32' lang='lat' dir='ltr'>Toursnely</span> <span class='ocrx_word' id='word_1_454' title='bbox 1537 3419 1581 3453; x_wconf 84' lang='lat' dir='ltr'>de</span> <span class='ocrx_word' id='word_1_455' title='bbox 1603 3420 1745 3454; x_wconf 85' lang='lat' dir='ltr'>lucam.</span> <span class='ocrx_word' id='word_1_456' title='bbox 1770 3427 1802 3462; x_wconf 85' lang='lat' dir='ltr'>q.</span> <span class='ocrx_word' id='word_1_457' title='bbox 1815 3418 1850 3460; x_wconf 75' lang='lat'>2,</span> <span class='ocrx_word' id='word_1_458' title='bbox 1874 3423 1940 3453; x_wconf 79' lang='lat' dir='ltr'>art.</span> <span class='ocrx_word' id='word_1_459' title='bbox 1979 3416 2012 3459; x_wconf 92' lang='lat'>1,</span> <span class='ocrx_word' id='word_1_460' title='bbox 2037 3415 2117 3450; x_wconf 84' lang='lat' dir='ltr'>obi.</span> 
     </span>
    </p>
   </div>
   <div class='ocr_carea' id='block_1_8' title="bbox 1135 3459 2117 3551">
    <p class='ocr_par' dir='ltr' id='par_1_11' title="bbox 1135 3459 2117 3551">
     <span class='ocr_line' id='line_1_93' title="bbox 1135 3459 2117 3541; baseline -0.003 -43"><span class='ocrx_word' id='word_1_461' title='bbox 1135 3473 1182 3498; x_wconf 83' lang='lat' dir='ltr'>ex</span> <span class='ocrx_word' id='word_1_462' title='bbox 1204 3468 1306 3541; x_wconf 66' lang='lat' dir='ltr'>pa2rte</span> <span class='ocrx_word' id='word_1_463' title='bbox 1329 3463 1449 3498; x_wconf 86' lang='lat' dir='ltr'>Verbi.</span> <span class='ocrx_word' id='word_1_464' title='bbox 1474 3464 1671 3507; x_wconf 78' lang='lat' dir='ltr'>Gazzaniga</span> <span class='ocrx_word' id='word_1_465' title='bbox 1693 3464 1738 3500; x_wconf 83' lang='lat' dir='ltr'>de</span> <span class='ocrx_word' id='word_1_466' title='bbox 1775 3465 1919 3500; x_wconf 76' lang='lat' dir='ltr'>lucam.</span> <span class='ocrx_word' id='word_1_467' title='bbox 1953 3462 2044 3497; x_wconf 83' lang='lat' dir='ltr'>sect.</span> <span class='ocrx_word' id='word_1_468' title='bbox 2081 3459 2117 3496; x_wconf 71' lang='grc'>1.,</span> 
     </span>
     <span class='ocr_line' id='line_1_94' title="bbox 1135 3518 1269 3551; baseline -0.007 -8"><span class='ocrx_word' id='word_1_469' title='bbox 1135 3518 1211 3551; x_wconf 87' lang='lat' dir='ltr'>cap.</span> <span class='ocrx_word' id='word_1_470' title='bbox 1259 3531 1269 3542; x_wconf 92' lang='lat'>.</span> 
     </span>
    </p>
   </div>
   <div class='ocr_carea' id='block_1_9' title="bbox 1112 3550 1537 3595">
    <p class='ocr_par' dir='ltr' id='par_1_12' title="bbox 1112 3550 1537 3595">
     <span class='ocr_line' id='line_1_95' title="bbox 1112 3550 1537 3595; baseline 0.005 -9"><span class='ocrx_word' id='word_1_471' title='bbox 1112 3588 1115 3590; x_wconf 76' lang='grc'>,</span> <span class='ocrx_word' id='word_1_472' title='bbox 1182 3551 1233 3586; x_wconf 71' lang='lat'>14)</span> <span class='ocrx_word' id='word_1_473' title='bbox 1255 3553 1286 3586; x_wconf 88' lang='lat'>1.</span> <span class='ocrx_word' id='word_1_474' title='bbox 1315 3552 1396 3588; x_wconf 73' lang='lat' dir='ltr'>Cor,</span> <span class='ocrx_word' id='word_1_475' title='bbox 1421 3551 1458 3595; x_wconf 77' lang='lat'>1,</span> <span class='ocrx_word' id='word_1_476' title='bbox 1481 3550 1537 3588; x_wconf 70' lang='lat'>25.</span> 
     </span>
    </p>
   </div>
   <div class='ocr_carea' id='block_1_10' title="bbox 1890 3628 1947 3675">
    <p class='ocr_par' dir='ltr' id='par_1_13' title="bbox 1890 3628 1947 3675">
     <span class='ocr_line' id='line_1_96' title="bbox 1890 3628 1947 3675; baseline -0.018 0"><span class='ocrx_word' id='word_1_477' title='bbox 1890 3628 1947 3675; x_wconf 81' lang='lat'>33</span> 
     </span>
    </p>
   </div>
  </div>
 </body>
</html>
