2332 3860
408 79 651 170 ’,(,Ν
659 115 867 177 clasii.

18 320 30 342 Ι,
141 244 390 340 dictat
420 269 547 324 illud
578 287 679 324 non
719 288 867 340 posse
903 288 1025 327 con-

0 347 37 386 f·
70 346 261 423 fauere
288 346 562 400 essentiam
615 347 848 414 peceati,
893 346 1024 416 quod

36 479 38 481 .
119 439 148 481 e
184 414 391 492 peccato
418 411 652 472 homini
641 437 808 473 inesse
838 428 1021 489 potest.

79 492 137 567 ’(1
163 494 351 560 eadem
378 494 506 547 ratio
534 493 702 556 docet,
747 495 1025 563 hominem,

74 568 124 640 ui
155 585 214 637 ,se
253 567 587 621 vehementer
645 569 707 621 ad
755 568 931 622 illicita
971 569 1028 621 il-

119 650 227 699 tum
263 643 450 704 sentit,
501 642 590 695 sed
631 659 697 695 ex
736 644 1024 696 reverentia

79 719 162 788 gis
200 717 319 771 huic
344 716 552 770 stimulo
588 724 846 786 repugnat
885 734 1028 770 eum-

0 790 132 872 aque
171 792 361 852 vincit,
407 807 507 844 non
547 791 717 845 solum
757 798 1026 861 peccatum

5 867 138 955 ‘gon
195 865 553 929 committere,
624 866 714 919 sed
780 866 1023 919 virtutem

38 955 298 1015 exercere.
367 939 501 1009 Ergo
565 941 1022 1008 concupiscentia,

38 1026 165 1090 quae
202 1016 314 1068 sine
343 1021 550 1083 peccato
579 1031 692 1071 esse
721 1022 904 1083 potest,
938 1015 1028 1067 hu-

37 1091 59 1162 j·
90 1106 114 1145 s
151 1091 426 1143 essentiam
468 1091 780 1142 constituere
831 1091 1024 1159 nequit.

35 1106 303 1237 ἕτθθιθτεῡ.
359 1165 399 1215 si
456 1166 868 1232 concupiscentia
918 1181 1029 1233 pec-

35 1239 134 1308 eati
190 1237 454 1306 originalis
511 1239 786 1291 essentiam
840 1240 1027 1292 consti·

37 1313 152 1381 tuit,
197 1313 324 1366 haec
375 1319 453 1365 est
492 1312 575 1366 vel
614 1314 1027 1383 concupiscentia

34 1371 278 1452 actualis,
321 1388 467 1440 cuius
521 1388 714 1440 stimuli
753 1396 873 1442 actu
913 1405 1025 1441 sen-

27 1461 254 1524 tiuntur,
299 1461 379 1514 vel
419 1461 716 1524 habitualis,
759 1464 907 1516 euius
946 1464 1030 1515 sti-

35 1536 162 1592 muli
215 1552 314 1589 non
355 1537 676 1589 sentiuntur:
721 1539 859 1607 atqui
911 1553 1030 1590 neu-

35 1616 173 1664 trum
204 1610 299 1663 dici
324 1617 508 1680 potest:
529 1626 626 1663 non
653 1612 893 1681 primum3
911 1629 1027 1665 nam

36 1685 89 1746 in
131 1684 358 1754 parvulis
398 1691 475 1738 est
516 1701 635 1738 vere
677 1694 946 1754 peccatum
981 1704 1031 1740 o·

38 1759 292 1827 riginale‚
337 1760 573 1828 quamvis
622 1776 716 1813 nec
774 1763 871 1823 sit,
936 1778 1030 1815 nec

37 1849 150 1888 esse
211 1834 366 1903 possit
419 1835 468 1886 in
510 1835 570 1886 iis
616 1837 1029 1904 concupiscentia

38 1907 276 1963 actualis:
308 1924 408 1961 non
436 1908 740 1966 secundum,
772 1911 1029 1979 quoniam,

37 1985 79 2048 si
123 1982 241 2036 mali
284 1983 476 2036 stimuli
538 2000 635 2036 non
696 1986 1026 2047 sentiuntur,

39 2059 236 2122 ratione
276 2058 722 2127 concupiscentiae
763 2076 927 2129 neque
966 2078 1030 2112 ex

39 2138 184 2203 parte
226 2133 489 2201 corpori5‚
552 2150 717 2203 neque
775 2151 841 2186 ex
889 2142 1031 2204 parte

38 2208 242 2267 animae
269 2207 577 2260 inordinatio
607 2210 887 2262 invenitur:
912 2210 1030 2279 quid

41 2297 163 2351 ergo
202 2282 477 2334 essentiam
519 2285 710 2350 peccati
744 2283 1032 2337 constituit?

39 2354 140 2428 (l).
173 2355 333 2419 Quam
361 2357 551 2409 absona
578 2364 751 2410 autem
779 2359 845 2410 sit
870 2375 1032 2411 asser-

36 2430 113 2484 ‘iio
165 2429 565 2483 protestantium
615 2433 1033 2486 contendentium

41 2504 96 2560 in
124 2506 315 2558 renatis
341 2521 606 2558 remanere
636 2514 921 2574 peccatum,
947 2508 1032 2560 sed

46 2595 147 2633 non
195 2580 466 2648 imputari,
520 2581 818 2634 ostendetur
875 2582 1035 2636 fusius

44 2654 96 2708 in
128 2659 348 2720 tractatu
389 2654 450 2707 de
488 2655 867 2709 iustificatione.

117 2727 273 2781 Nola.
306 2728 654 2783 Protestantes
682 2746 771 2799 pro
799 2747 892 2784 sua
919 2747 1034 2785 sen-

49 2803 207 2855 tentia
258 2802 523 2871 proferunt
580 2804 711 2857 inter
760 2805 901 2867 alia,
957 2823 1035 2860 se-

42 2877 272 2947 quentia:

44 2988 46 2993 ·
120 2950 227 3004 Obi.
263 2951 344 3003 1.·
373 2949 425 3004 S.
459 2949 649 3006 Paulus
677 2954 1038 3022 concupiscen-

40 3025 169 3085 ..tiam
201 3031 349 3078 vocat
367 3033 633 3095 peccatum.
678 3027 752 3079 De
788 3028 874 3080 illa
902 3030 1034 3081 enim

24 3097 381 3161 lamentatur,
426 3116 544 3152 cum
576 3101 716 3154 dicit:
750 3102 850 3171 qu
875 3111 1037 3155 autem

50 3174 261 3227 carnalis
297 3190 426 3236 sum,
470 3177 786 3228 venumdatus
823 3177 910 3229 sub
935 3194 1036 3247 pec-

52 3254 171 3300 cata.
244 3248 406 3301 ‚Iam
443 3265 539 3302 non
578 3265 659 3318 eqo
706 3266 915 3320 operor,
958 3253 1038 3305 sed

45 3320 182 3390 quod
243 3319 422 3377 habitat
461 3325 515 3375 in
540 3340 633 3376 mc
676 3333 989 3394 peccalum..

62 3392 214 3450 Video
232 3403 401 3450 melem
426 3397 580 3451 aliam
619 3398 765 3467 leycm
803 3401 856 3453 in
890 3417 1036 3454 mem-

49 3491 152 3541 (1)
174 3494 222 3532 V.
218 3495 412 3544 Toumety
433 3499 479 3536 de
498 3508 595 3545 pecc.
610 3501 648 3537 P.
671 3500 705 3538 2.
730 3509 763 3539 c.
789 3500 824 3548 1,
842 3506 913 3540 art.
938 3502 972 3542 3.

912 116 1080 157 sec-rio
1117 118 1153 157 1.
1195 91 1349 159 metir
1383 118 1474 158 iv.
1492 124 1516 149 τ
1604 129 1610 137 ’

251 197 454 283 gentum
478 195 760 264 originale.
805 195 852 269 b)
892 196 1024 262 Sana
1086 198 1203 253 bris
1235 199 1356 266 meis
1391 203 1739 268 repuqnamcm
1778 198 1897 288 lcqi
1893 201 2080 259 mamis

1897 105 2006 161 565

1086 288 1260 335 macc,
1294 281 1343 327 ct
1387 274 1704 342 captivantem
1749 289 1828 329 me
1873 275 1926 328 in
1977 277 2076 346 1090

1083 348 1281 417 pcccati,
1305 363 1430 417 quac
1444 354 1512 400 est
1528 347 1592 400 ivr
1599 346 1827 405 membris
1839 349 1960 402 meis
1978 348 2076 434 (Ξ).

1159 421 1300 491 Resp.
1360 419 1551 474 Paulus
1605 422 2079 490 concupiscentiam

1091 503 1360 580 peccatum
1388 495 1638 558 nominat,
1670 512 1770 548 non
1800 496 2080 551 formaliter

1089 576 1139 622 et
1179 571 1378 639 proprie
1417 569 1632 631 dictum,
1675 569 1765 623 sed
1803 571 2082 625 materiali-

1091 651 1166 697 ter
1197 652 1248 698 et
1287 645 1560 713 improprie
1597 651 1888 712 acceptum;
1931 646 2082 706 nimi-

1088 735 1201 771 rum
1243 726 1499 788 quatenus
1526 724 1604 772 est
1629 719 1843 772 effectus
1883 722 2078 788 peccati

1088 793 1372 861 originalis,
1415 800 1467 846 et
1493 809 1649 846 causa
1680 794 1874 862 peccati
1902 801 2080 848 actua-

1091 867 1169 926 lis,
1214 868 1348 937 quod
1389 883 1506 920 cum
1539 867 1621 922 Se.
1652 867 1889 923 Patribus
1929 866 2077 922 Conc.

1092 941 1133 993 T
1130 941 1432 995 ridentinum
1460 943 1537 995 his
1565 942 1736 996 verbis
1776 942 2078 997 declaravit:

1086 1015 1232 1069 Hanc
1281 1018 1711 1086 concupiscentiam
1737 1058 1749 1080 ,
1805 1033 1954 1087 quam
1992 1018 2084 1072 ali-

1089 1091 1281 1158 quando
1309 1090 1562 1160 Apostolus
1582 1100 1833 1161 peccatum
1861 1093 2084 1163 appellat,

1087 1165 1262 1218 Sancta
1304 1166 1529 1235 ‚Sy-nodus
1556 1166 1788 1228 declarat,
1821 1167 2086 1220 Ecclesiam

1091 1238 1387 1294 Catholicam
1445 1257 1697 1309 nunquam
1754 1242 2083 1304 intellexisse,

1090 1315 1216 1382 quod
1255 1331 1359 1370 vere
1398 1323 1440 1368 et
1461 1318 1664 1385 proprie
1692 1317 1746 1368 in
1771 1320 1958 1369 renatis
1975 1331 2087 1387 pcc-

1090 1397 1251 1442 catum
1287 1390 1371 1452 sit,
1413 1391 1493 1443 scd
1531 1392 1649 1458 quia
1689 1408 1751 1444 βω
1789 1398 1981 1460 peccalo
2016 1399 2086 1446 est

1089 1471 1131 1515 et
1158 1465 1221 1516 acl
1239 1474 1490 1533 peccatum
1512 1465 1715 1518 inclinat
1744 1465 1842 1537 (3).
1878 1466 1943 1520 Et
1972 1466 2086 1536 quis

1093 1540 1287 1606 nesci-t,
1349 1540 1683 1608 improprium
1740 1541 1953 1611 modum
2016 1540 2087 1594 lo-

1091 1613 1278 1682 quendi
1329 1614 1381 1666 in
1425 1613 1479 1666 S.
1532 1614 1797 1684 Scriptura
1851 1616 2089 1686 frequen-

1095 1690 1345 1741 tissimum
1386 1689 1536 1742 esse?
1576 1718 1646 1729 --
1687 1690 1852 1743 Etiam
1899 1706 2086 1744 nomen
2127 1688 2132 1689 ⁷

1091 1764 1272 1829 pcccati
1312 1779 1465 1832 saepe
1498 1764 1549 1816 in
1573 1763 1742 1817 latiori
1770 1781 1860 1818 seu
1901 1766 2088 1834 impro-

1095 1838 1200 1902 prio
1240 1854 1392 1891 sensu
1445 1846 1743 1907 usurpatur.
1804 1839 1888 1892 Sic
1926 1840 2083 1894 Dent.

1092 1910 1183 1973 IX,
1228 1913 1319 1974 21,
1352 1912 1545 1965 vitulus
1585 1914 1648 1965 ab
1689 1913 1932 1967 Israelitis
1971 1914 2088 1968 ado-

1093 1992 1234 2039 ratus
1275 1987 1461 2039 dicitur
1497 1994 1761 2056 peccatum,
1794 1990 1911 2057 quia
1933 2005 2088 2043 causa

1095 2060 1298 2114 illorum
1324 2062 1639 2116 idololatriae
1659 2071 1788 2116 erat.
1810 2063 1959 2117 Rom.
1979 2063 2090 2131 Vll,

1094 2135 1146 2195 7,
1190 2136 1463 2204 Apostolus
1503 2137 1737 2206 quaerit:
1795 2138 1926 2202 Quid
1964 2139 2089 2192 dice-

1093 2210 1229 2262 mus?
1263 2211 1340 2263 lcoe
1371 2220 1622 2280 peccalum
1653 2212 1748 2265 cst?
1786 2229 1991 2282 nempe:
2022 2230 2088 2267 an

1097 2284 1177 2337 lex
1221 2302 1376 2338 eausa
1417 2288 1614 2353 peccati
1654 2285 1761 2339 est?
1800 2287 1906 2339 lmo
1946 2288 2091 2342 Chri-

1095 2366 1204 2411 stus
1243 2361 1350 2428 ipse
1389 2359 1468 2420 11,
1513 2360 1628 2413 Cor.
1674 2360 1739 2421 V,
1785 2378 1835 2414 V.
1880 2361 1974 2414 ult.
2021 2363 2092 2415 di·

1096 2435 1247 2486 eitur:
1295 2435 1399 2486 Pro
1433 2434 1567 2487 viabis
1588 2443 1835 2504 peccatam
1872 2436 2005 2504 fecit,
2036 2445 2092 2490 ut

1095 2525 1181 2559 nos
1212 2510 1514 2578 efficeremur
1541 2510 1734 2562 iustitia
1773 2510 1863 2562 Dei
1891 2513 1945 2562 in
1971 2511 2090 2579 ipsc.

1096 2585 1239 2635 Sicut
1266 2600 1387 2652 ergo
1411 2585 1495 2637 lex
1523 2591 1573 2637 et
1600 2584 1833 2637 Christus
1859 2584 1910 2636 in
1934 2601 2090 2639 sensu

1097 2665 1300 2710 tantum
1339 2659 1615 2728 improprio
1650 2666 1920 2726 peccatum
1961 2676 2091 2714 nun·

1097 2740 1336 2801 cupatur,
1379 2735 1450 2786 ita
1478 2740 1529 2786 et
1567 2733 2001 2801 concupiscentia.
2036 2734 2088 2787 ld

1098 2808 1241 2860 iuxta
1282 2815 1580 2876 perpetuam
1619 2807 1962 2877 Traditionem
2001 2809 2092 2863 Ec-

1097 2882 1250 2934 clesia
1266 2883 1515 2943 definivit,
1542 2884 1686 2934 cuius
1704 2882 1890 2936 iudicio
1901 2891 2090 2952 sptem,

1098 2957 1254 3009 verba
1296 2956 1437 3009 Pauli
1480 2956 1630 3008 valde
1665 2957 1882 3010 obscura
1922 2965 1973 3012 et
1999 2959 2092 3027 dif-

1096 3031 1244 3100 ficilia
1263 3031 1501 3083 intellectu
1528 3031 1716 3099 exponi
1737 3048 1837 3085 non
1859 3041 2088 3101 possunt.

1171 3103 1278 3156 obi.
1311 3105 1849 3174 2.⁸‚(]oncupiscentia
1878 3123 1979 3161 non
2015 3114 2091 3160 est

1098 3194 1126 3230 a
1167 3178 1292 3243 De03
1335 3180 1506 3232 omnia
1543 3187 1716 3253 autem
1757 3187 1878 3234 sunt
1916 3198 1946 3234 a
1985 3181 2090 3234 Deo

1101 3259 1302 3320 praeter
1349 3260 1638 3321 peccatum.
1680 3254 1788 3309 Imo
1847 3256 2089 3324 concupi-

1098 3328 1292 3379 scentia
1331 3328 1445 3381 odio
1483 3328 1702 3389 habetur
1729 3330 1927 3395 aDe03
1954 3330 2090 3383 Deus

1098 3407 1270 3454 autem
1313 3401 1440 3455 nihil
1476 3403 1608 3469 odit,
1652 3405 1748 3458 nisi
1799 3410 2085 3472 peccatum.

1144 3502 1195 3545 12)
1218 3502 1320 3540 Rom.
1346 3501 1380 3542 7.
1403 3502 1455 3540 u.
1686 3542 1692 3548 ,
1719 3504 1770 3551 (3)
1793 3504 1928 3549 sessa,
1952 3513 1985 3541 c.
2010 3502 2044 3541 Β.
