2332 3860
5 0 108 68 “aff

29 57 49 68 ιζ
103 56 130 76 ff:
143 53 149 58 “

39 67 98 106 ,33

682 156 801 196 mas
837 158 892 196 ιι.
936 156 1101 196 scorto
1139 157 1176 197 ι.
1219 156 1373 196 carm
1411 155 1484 194 ιιι.
1523 138 1539 203 ζ

83 238 405 305 accusanturv
434 241 587 295 etiam
626 237 954 293 Samaritani.
988 238 1068 291 ln-

90 332 168 382 tei·
189 318 500 383 Chnistianos
526 314 703 368 nullus
728 314 790 365 ad
821 315 1070 366 recentio-

85 413 140 450 ra
175 408 331 461 usque
360 397 589 456 tempora
616 389 943 440 existentiam
968 390 1070 440 An-

83 468 312 538 gelorum
376 478 593 530 negasse
646 461 1075 529 deprehenditur?

85 538 382 596 Novissimis
435 552 557 588 vero
615 537 949 602 temporibuS,
1014 543 1069 587 ut

84 621 222 669 recte
259 614 498 664 observat
550 608 627 662 Cl.
688 610 1071 678 Staudenmayr

85 687 182 761 (1),
226 701 471 738 numerus
511 699 687 736 eorum
730 685 814 751 qui
845 683 1070 751 Angelos

86 767 315 829 negant,
362 759 584 811 maxime
637 765 821 809 auctus
860 765 938 809 est
983 773 1072 826 per

86 834 540 894 materialismum,
586 831 967 900 pantheismum
1022 839 1073 884 et

86 908 490 964 rationalismum
532 906 896 974 theologicum.

157 982 263 1035 obi.
311 982 392 1034 4ss
433 982 485 1032 Si
525 979 709 1047 Angeli
763 981 1068 1040 existerent,

85 1057 285 1125 Moyses
325 1055 468 1107 initio
507 1055 710 1120 genesis
762 1070 860 1106 non
930 1070 1075 1122 prae-

85 1131 387 1183 termisisset
410 1144 586 1181 eorum
606 1129 916 1180 creationem
940 1144 1075 1180 com-

86 1219 392 1263 memorare,
449 1218 566 1255 cum
627 1204 846 1270 primum
906 1202 1075 1254 locum

85 1278 349 1331 obtineant
387 1278 521 1330 inter
569 1292 720 1343 opera
774 1276 887 1335 Dei,
944 1293 1076 1345 quae

87 1367 151 1405 ex
193 1351 418 1419 professo
459 1357 510 1402 et
547 1351 809 1418 speciatim
865 1350 931 1402 ibi
991 1352 1076 1403 de·

87 1426 302 1479 scribit:
343 1425 483 1493 atqui
528 1431 698 1476 tamen
740 1440 802 1476 ne
860 1425 1073 1477 verbum

35 1547 38 1551 .
86 1515 247 1552 unum
288 1499 349 1551 de
389 1497 600 1565 Angelis
628 1498 845 1550 habetur
874 1499 981 1551 loco
1008 1500 1078 1551 ci·

87 1580 224 1627 tato:
271 1589 392 1640 ergo
423 1579 559 1624 recte
581 1573 820 1634 infertur,
852 1572 1079 1640 Angelos

91 1648 389 1702 nullatenus
453 1647 700 1714 speciales
766 1648 1080 1699 substantias

90 1738 202 1775 esse
230 1763 242 1782 ‚
304 1737 334 1772 a
375 1721 582 1788 reliquis
623 1723 904 1782 creaturiS,
950 1737 1080 1790 quae

90 1797 156 1850 ibi
202 1802 598 1855 enumerantur,
643 1795 928 1846 distinctas

164 1869 303 1939 Resp.
351 1868 731 1936 Argumentum
759 1868 853 1920 hoe
875 1875 951 1921 est
978 1884 1080 1920 me.-

93 1960 148 1997 re
188 1944 508 2009 negativum,
553 1943 685 2012 quod
728 1944 942 2011 positiva
1002 1959 1081 1995 ar-

29 2084 33 2085 ?
92 2026 339 2086 gumenta
403 2018 503 2069 iam
581 2017 738 2069 allata
804 2018 1082 2084 infringere

93 2109 193 2145 non
238 2091 394 2143 valet.
439 2090 551 2159 lpse
610 2090 813 2160 Moyses
869 2099 976 2143 tum
1033 2092 1081 2142 in

95 2166 302 2226 Genesi,
334 2172 445 2217 tum
485 2167 533 2216 in
575 2165 687 2216 aliis
730 2166 869 2217 libris
898 2166 960 2217 de
984 2164 1086 2218 An—

95 2241 224 2306 gelis
245 2238 489 2308 loquitur,
518 2239 649 2306 ipsos
671 2245 726 2290 ut
748 2240 1086 2307 obsequentes

97 2314 185 2366 Dei
228 2314 484 2365 ministros
517 2313 725 2365 exhibet
751 2355 762 2373 ,
805 2315 1087 2383 iisdemque

97 2389 324 2440 actiones
363 2387 658 2455 personales
714 2388 975 2448 adscribit,
1038 2394 1089 2439 et

97 2462 212 2515 ideo
251 2461 315 2513 de
344 2461 547 2512 illorum
578 2462 851 2513 existentia.
881 2463 1088 2514 minime

100 2535 374 2588 dubitavit.
418 2534 523 2587 Cur
562 2542 734 2587 autem
797 2536 860 2587 de
911 2552 1087 2589 eorum

101 2610 357 2662 creatione
415 2608 633 2670 siluerit,
696 2616 927 2663 nostrum
987 2627 1087 2662 non

103 2690 179 2735 est
225 2683 522 2751 inquirere:
566 2683 773 2736 forsitan
815 2685 932 2753 quia
973 2685 1022 2736 id
1061 2701 1091 2736 a

102 2773 194 2809 suo
233 2772 384 2823 scopo
424 2755 648 2809 alienum
690 2764 820 2820 erat,
866 2775 965 2828 quo
1004 2775 1091 2825 ge·

104 2830 244 2883 neris
284 2829 494 2881 humani
537 2832 806 2898 originem,
837 2839 888 2884 et
914 2848 1091 2884 eorum

35 2907 38 2911 ’
103 2920 235 2972 quae
289 2919 407 2955 cum
466 2904 731 2956 hominum
789 2912 924 2958 statu
973 2922 1092 2959 con-

39 2982 78 3030 }
105 2978 300 3039 iuncta,
325 2977 579 3030 ethorum
607 2980 837 3047 aspectui
864 2980 1092 3033 subiecta

105 3058 273 3113 erant,
336 3053 646 3105 creationem
706 3053 1095 3106 describendam

31 3128 62 3190 ς
107 3132 437 3195 susceperat:
491 3132 582 3179 aut
638 3128 791 3180 etiam
852 3143 970 3180 cum
1033 3126 1090 3181 S.

34 3234 38 3239 -
112 3195 290 3252 Thema
319 3198 427 3270 (9)-;
475 3219 502 3248 «
544 3201 662 3269 quia
720 3202 923 3270 Moyses
981 3203 1093 3255 rudi

16 3333 23 3338 ,
108 3273 294 3342 populo
355 3274 679 3342 loquebatur,
733 3276 819 3345 qui
870 3276 1094 3328 nondum

111 3355 534 3414 capere-poterat
569 3349 922 3417 incorpoream
953 3357 1098 3402 natu·

112 3422 456 3494 rama-etsi
503 3422 578 3475 eis
636 3420 813 3494 (initio
860 3422 1098 3494 genesis)

31 3594 58 3629 ,·’.

26 3643 54 3662 ζ)

0 3664 77 3702 :·'‚·

0 3761 8 3766 ,
101 3759 114 3782 a

0 3716 83 3860 ἐ

0 3846 7 3860 Ι

157 3518 209 3564 (1)
235 3518 260 3565 S
282 3520 337 3557 57.
362 3531 400 3560 n.
420 3522 456 3561 4.
504 3571 507 3573 Α
634 3524 685 3570 (2)
709 3526 739 3569 1,
762 3533 798 3568 q.
823 3524 880 3570 61,
904 3533 925 3560 a
948 3523 967 3560 1
991 3525 1036 3560 ad
1058 3524 1090 3559 ι.

1941 139 2050 196 2119

1130 239 1309 293 fuisset
1348 251 1649 307 expressum
1671 235 1870 306 aliquas
1902 254 1986 292 res
2011 254 2125 293 esse

1130 329 1286 381 super
1305 327 1511 366 omnem
1536 316 1774 374 naturam
1800 326 2121 380 corpoream,

1132 388 1310 439 fuisset
1348 386 1422 438 eis
1462 385 1662 438 occasio
1689 384 2029 445 idololatriae,
2059 388 2124 447 ad

1132 477 1283 530 quam
1328 461 1470 528 proni
1512 466 1680 521 erant,
1712 466 1763 511 et
1802 475 1830 511 a
1857 474 1958 527 qua
1986 459 2126 528 Moy·

1131 552 1211 587 ses
1251 551 1337 587 eos
1377 534 1650 603 praecipue
1676 548 1938 586 ‘revocare
1966 533 2128 586 inten-

1134 610 1302 661 debat.
1341 627 1367 658 ))

1206 681 1311 735 obi.
1365 682 1450 733 9.·
1491 680 1630 744 Quae
1670 680 1722 732 in
1764 679 1906 733 libris
1968 681 2128 734 saeris

1133 756 1196 808 de
1235 755 1554 823 Angelorum
1595 755 2000 824 apparitionibus
2054 754 2128 808 le·

1133 837 1326 898 guntur
1365 828 1581 898 intelligi
1623 830 1812 881 debent
1852 829 1934 882 vel
1964 829 2027 882 de
2054 836 2130 882 at-

1136 905 1338 958 tributis
1378 904 1562 955 divinis
1626 904 1935 972 operativis,
1997 919 2130 973 quae

1136 980 1280 1031 iuxta
1322 994 1514 1030 morem
1545 977 1882 1031 Orientalium
1912 977 2008 1031 sub
2035 978 2133 1031 for-

1137 1069 1218 1105 ma
1261 1067 1596 1120 personarum
1635 1052 1979 1116 exhibentur3
2044 1052 2127 1105 vel

1137 1128 1198 1179 de
1240 1127 1551 1187 hominibuS,
1584 1142 1710 1195 quos
1740 1127 1859 1180 hinc
1886 1126 2005 1179 inde
2027 1124 2130 1179 An·

1137 1201 1277 1270 gelos
1318 1203 1367 1252 in
1409 1200 1463 1253 S.
1517 1200 1782 1269 Scriptura
1843 1201 2131 1270 nuncupari

1138 1282 1457 1342 compertum
1497 1282 1593 1327 est.
2075 1341 2077 1343 ι

1211 1349 1348 1418 Resp.
1422 1348 1786 1402 Rationalistae
1858 1347 2084 1418 Angelos
2115 1391 2129 1413 ‚

1138 1440 1264 1493 quos
1296 1424 1532 1476 sensibus
1572 1440 1671 1476 non
1700 1424 2012 1485 adtrectant,
2042 1422 2136 1476 ad·
2163 1419 2170 1426 ⁴

1141 1500 1345 1550 mittere
1383 1505 1645 1559 recusant,
1690 1505 1742 1550 et.
1773 1499 1887 1550 ideo
1913 1498 2135 1550 clarissi-

1142 1589 1223 1624 ma
1263 1571 1317 1623 S.
1361 1571 1657 1639 Scripturae
1703 1574 1995 1625 testimonia
2043 1572 2136 1624 mi-

1141 1662 1253 1699 sere
1277 1653 1633 1714 contorquent.
1659 1646 1787 1709 Quid
1819 1649 1956 1699 enim
1973 1645 2138 1713 magis

1143 1722 1395 1772 insulsum
1420 1762 1432 1782 ,
1482 1736 1636 1788 quam
1693 1721 1862 1773 dicere
1904 1737 1993 1790 per
2033 1720 2139 1773 An-

1143 1795 1285 1862 gelos
1324 1796 1526 1847 nonnisi
1568 1795 1816 1847 attributa
1847 1795 2020 1847 divina
2051 1794 2138 1847 de-

1144 1869 1372 1936 signari?
1425 1868 1563 1920 Deus
1629 1885 1753 1920 sane
1808 1870 1872 1921 ab
1925 1868 2140 1938 Angelis

1144 1943 1333 2010 optime
1375 1944 1709 2011 distinguitur
1749 1942 1830 2013 Ps.
1874 1942 1984 1995 XC.
2047 1943 2135 2004 tt,

1148 2017 1212 2068 ls.
1258 2016 1346 2077 Vl,
1372 2017 1426 2078 5,
1452 2016 1610 2069 Hebr.
1638 2016 1677 2077 l,
1705 2016 1737 2068 lt
1778 2024 1829 2068 et
1868 2017 2025 2071 alibi:
2088 2023 2140 2070 et

1147 2090 1399 2160 quomodo
1458 2091 1520 2142 de
1572 2091 1855 2152 attributiS‚
1899 2091 1981 2143 vel
2023 2107 2141 2159 ope-

1149 2166 1432 2217 rationibus
1471 2165 1658 2217 divinis
1698 2165 1950 2217 declarari
1976 2172 2144 2231 potest

1148 2240 1194 2291 id
1239 2240 1371 2308 quod
1413 2239 1534 2290 dicit
1576 2240 1660 2291 lob
1701 2237 1789 2299 lv,
1819 2239 1919 2290 18:
1963 2238 2145 2290 ΙηΑη-

1148 2314 1265 2381 qelis
1305 2314 1414 2364 suis
1441 2313 1622 2381 reperit
1673 2314 1967 2381 pravitatem
2020 2312 2145 2382 (3)?

1155 2389 1315 2439 Etiam
1358 2388 1422 2439 ab
1475 2387 1768 2439 hominibus
1822 2387 2146 2454 apertissime

1151 2462 1538 2529 distinguuntur
1579 2460 1762 2526 Angeli
1805 2459 1886 2512 Ps.
1919 2459 2053 2520 Vm,
2087 2460 2141 2525 63

1154 2552 1318 2604 neque
1372 2535 1612 2602 exempla
1675 2535 1725 2586 in
1787 2535 1947 2586 sacris
2007 2534 2147 2587 libris

1154 2616 1405 2679 prostant,
1450 2610 1636 2678 quibus
1677 2607 1941 2676 probetur,
1984 2607 2146 2661 homi-

1155 2701 1245 2736 nes
1266 2700 1326 2736 ex
1355 2700 1415 2736 eo
1435 2683 1570 2752 quod
1592 2683 1704 2734 aliis
1732 2682 1979 2734 beneficia
2003 2698 2148 2750 prae·

1154 2759 1399 2819 stiterint,
1444 2757 1670 2826 Angelos
1711 2757 1897 2808 vocari.
1929 2756 1984 2808 S.
2014 2755 2151 2809 Scri·

1155 2840 1307 2902 ptura
1348 2832 1516 2900 potius
1556 2838 1705 2883 caute
1746 2830 2014 2898 distinguit
2061 2831 2150 2883 be·

1158 2906 1358 2967 neficia,
1403 2921 1534 2975 quae
1574 2904 1780 2972 Angeli,
1825 2911 1878 2959 et
1915 2919 1977 2958 ea
2015 2918 2149 2974 quae

1157 2981 1388 3034 homines
1426 2979 1780 3033 contulerunt.

1558 3101 1596 3159 ς
1622 3100 1755 3146 flas.

1354 3191 1417 3226 111,
1442 3191 1494 3225 De
1517 3190 1703 3226 creatione
1727 3190 1964 3234 Angelorum.
2035 3180 2041 3185 ’

1235 3273 1480 3326 Dubitare
1520 3289 1621 3325 non
1664 3272 1803 3333 licet,
1855 3271 2082 3340 Angelos
2122 3286 2152 3324 a

1159 3349 1264 3401 Deo
1304 3354 1504 3400 creatos
1543 3362 1684 3410 esse3
1718 3347 1855 3401 Deus
1883 3347 2020 3400 enim
2048 3361 2152 3398 om-

1162 3424 1242 3474 nia
1285 3421 1481 3475 creavit
1525 3418 1578 3491 (S
1631 3420 1785 3492 119),
1824 3420 1943 3473 ldeo
1995 3419 2152 3489 etiam

1206 3521 1265 3579 aa),
1282 3521 1335 3559 ct.
1360 3521 1383 3558 2
1405 3521 1499 3559 petr.
1525 3520 1560 3567 ει,
1583 3520 1617 3557 ι.
