2332 3860
962 159 1116 211 carui
1164 172 1238 211 m.

1 266 3 269 ’
75 272 288 318 sensum,
316 269 461 324 quem
489 254 641 309 tenuit
666 261 712 308 et
736 261 859 307 tenet
883 252 1060 307 Sancta

78 341 234 385 niater
253 329 482 391 Ecclesia,
506 328 648 382 cuius
673 337 740 381 est
759 328 978 382 iudicare
1006 328 1062 380 de

80 421 186 460 vero
221 419 365 456 sensu
410 411 454 456 et
491 402 886 471 interpretatione
923 402 1064 456 Seri-

76 487 339 549 pturarum
384 475 681 531 Sanctarum
706 517 718 538 ‚
779 483 865 528 aut
916 476 1062 529 etiam

78 562 247 606 eorztra
283 552 572 604 unanimem
596 591 598 595 v
625 565 910 604 consensum
966 551 1062 602 Pa·

80 635 212 680 tram
248 629 405 695 ipsam
433 627 745 695 scripturam
770 640 962 676 sacram
988 624 1064 676 in·

80 703 337 769 terpretari
373 701 566 752 audeat.
591 698 682 753 His
721 700 892 751 verbis
921 715 1064 766 prae·

78 776 338 835 scribitur,
378 774 434 828 S.
476 773 795 842 Scripturam
823 774 966 825 iuxta
1010 772 1064 824 li-

80 864 228 901 neam
268 848 576 901 Traditionis
615 855 667 900 et
705 863 914 899 sensum
971 846 1066 898 Ec-

80 922 662 990 clesiae‚exponendani
689 938 823 985 esse3
849 921 985 972 unde
1015 923 1062 973 in

80 997 196 1049 fidei
239 998 548 1064 professione
610 1012 638 1047 a
683 996 766 1047 Pio
827 995 894 1047 VI
929 995 1064 1046 edita

81 1072 356 1124 dicendum
407 1077 513 1123 est:
570 1090 596 1118 «
639 1069 692 1122 S.
744 1069 1063 1137 Scripturam

81 1147 223 1198 iuxta
268 1161 385 1198 eum
425 1160 666 1204 sens-um,
709 1157 864 1212 quem
904 1144 1068 1195 tenuit

79 1226 132 1271 ct
169 1227 310 1273 tenet
355 1225 535 1272 sancta
582 1225 745 1271 mater
793 1216 1024 1270 Ecclesia
1051 1258 1063 1278 ,

82 1294 228 1346 cuius
267 1300 344 1346 ost
380 1293 607 1353 iudicare
635 1292 699 1344 de
745 1308 867 1344 vero
914 1307 1064 1343 sensu

79 1374 131 1421 et
167 1368 591 1436 interpretatione
635 1366 725 1419 SS.
776 1365 1066 1433 Scriptura-

80 1458 227 1504 rum‚
272 1443 505 1506 admitt03
552 1458 644 1493 nec
685 1457 799 1493 eam
841 1455 1067 1508 unquam

82 1517 174 1569 nisi
223 1517 368 1570 iuxta
412 1517 713 1569 unanimem
759 1529 1067 1567 consensum

83 1591 288 1643 Patrum
333 1592 611 1658 accipiam,
662 1597 715 1642 et
763 1590 1069 1656 interpreta-

81 1666 189 1718 bor.
217 1685 239 1713 »
283 1665 561 1717 Decretum
595 1663 805 1716 Concilii
835 1662 1071 1731 equidem

64 1755 179 1790 uon
204 1739 435 1806 impedit,
454 1739 726 1806 quominus
745 1739 794 1788 in
812 1752 1075 1803 exponen-

79 1813 155 1865 dis
172 1813 440 1880 scripturis
465 1813 620 1865 etiam
639 1810 849 1876 regulae
876 1810 1074 1861 herme-

81 1887 318 1939 neuticae
343 1928 353 1948 ,
398 1887 607 1939 notitiae
630 1884 1068 1949 archaeologicae,

81 1968 132 2014 ct
151 1952 862 2029 pliilologicaeadhibeantur3
889 1965 966 2009 ast
983 1974 1074 2025 per

81 2035 208 2088 haec
243 2037 468 2088 subsidia
515 2034 701 2087 biblica
737 2033 930 2101 privata
966 2038 1074 2084 tan-

83 2117 192 2162 tum
221 2110 527 2169 doctrinalis,
562 2123 651 2161 seu
680 2107 940 2176 scientifica
994 2107 1072 2157 in-

84 2185 381 2252 terpretatio
435 2184 694 2246 habetur3
756 2197 910 2250 quam
965 2180 1071 2232 falli

84 2273 252 2326 posse,
279 2274 340 2311 ex
371 2259 434 2310 iis
471 2258 592 2326 ipsis
621 2262 779 2323 patet,
811 2257 894 2323 qui
926 2270 1072 2322 prae-

84 2333 200 2384 fatis
218 2333 457 2385 subsidiis
487 2331 667 2384 muniti
697 2332 746 2382 in
767 2329 1071 2397 exponenda

83 2406 347 2474 Scriptura
367 2407 666 2473 saepissime
690 2405 1021 2457 dissentiunt.

121 2503 131 2507 ·
156 2479 515 2550 Interpretatio
537 2479 835 2539 authentica,
855 2494 946 2530 seu
963 2478 1072 2542 doq-

84 2555 279 2618 matica,
297 2562 348 2608 et
367 2555 570 2625 quidem
592 2553 888 2618 infallibilis,
908 2552 1072 2620 qualis

85 2630 134 2681 in
174 2645 229 2682 re
278 2634 406 2684 tanti
457 2629 699 2681 momenti
760 2628 1067 2696 requiritur,

83 2703 249 2755 solum
287 2720 353 2756 ex
385 2703 660 2756 traditione
698 2701 871 2753 divina
900 2707 951 2752 et
978 2700 1072 2751 Ec·

83 2776 268 2829 clesiae
281 2778 626 2830 declaratione
650 2777 918 2844 repetitur.
938 2775 1070 2827 Huic

81 2851 132 2903 in
155 2850 429 2919 Theologia
450 2851 736 2917 dogmatica
756 2849 974 2901 firmiter
994 2850 1070 2901 in-

82 2925 387 2986 sistendum,
430 2931 482 2977 et
508 2925 674 2975 omnis
712 2923 1069 2990 interpretatio

34 3031 68 3059 s
82 3000 174 3067 ipsi
196 2999 451 3052 contraria
473 3005 529 3051 ut
550 3013 762 3051 erronea
791 2997 1070 3050 reiicienda

83 3071 279 3144 est(i).

2 3152 4 3154 ’
156 3147 308 3201 Nota.
331 3145 438 3199 Iam
463 3146 515 3198 in
542 3145 815 3213 Theologia
843 3146 1070 3213 generali

0 3202 16 3272 'J'
85 3228 257 3274 actum
285 3227 363 3273 est
384 3227 493 3273 tum
522 3220 584 3273 de
616 3220 885 3273 authentia
918 3219 1071 3273 libro·

0 3307 18 3348 {a
84 3310 200 3349 rum
225 3309 488 3349 sacrorum
517 3291 613 3365 (ἒ),
656 3301 765 3347 tum
795 3294 858 3348 de
885 3310 1072 3348 eorun-

0 3382 28 3455 ζ’
86 3369 201 3422 dem
238 3369 572 3437 inspiratione
600 3375 700 3422 etc.
734 3366 834 3439 (5).

131 3495 183 3540 (ι)
205 3464 252 3531 ²573
276 3490 345 3533 rh.
369 3473 453 3540 gen.
474 3497 499 3544 5
521 3498 583 3536 191
609 3504 707 3542 etc.,
733 3497 757 3545 g
781 3498 860 3536 221.

0 3516 51 3860 ἰ
80 3554 90 3559 ·
127 3539 173 3587 <a
206 3541 245 3578 P.
267 3538 428 3585 umet.
450 3543 483 3577 1-

1551 184 1553 188 ¹
1971 166 2043 220 23

1535 255 1574 314 g
1603 257 1697 304 m.

1409 331 1460 365 De
1481 331 1619 366 sanctis
1638 330 1815 368 Patribus.

1203 404 1252 457 l.
1295 403 1492 473 Scripta
1520 404 1614 460 SS.
1645 407 1856 462 Patrum
1895 410 1946 462 in
1986 427 2110 481 qua·

1129 477 1250 530 libet
1269 478 1537 547 disciplina
1551 481 1837 550 theologica
1858 499 2114 539 commen·

1128 552 1236 604 dari
1278 561 1573 620 merentur,
1627 558 1897 624 praecipue
1943 566 2114 612 autem

1132 642 1218 693 pro
1257 626 1533 695 Tlieologia
1578 629 1860 683 theoretica
1908 635 2114 685 maximi

1133 701 1374 752 momenti
1419 709 1560 754 sunt.
1604 703 1732 756 Nam
1774 705 2013 771 dogmata
2052 723 2117 760 ex

1128 773 1215 826 SS.
1260 774 1538 843 Scripturis
1565 785 1616 828 ct
1654 777 1948 832 Traditione
1978 780 2118 834 colli-

1129 864 1250 915 gere
1290 855 1512 916 oportet.
1555 850 1644 903 SS.
1709 853 1888 905 Patres
1944 861 2117 907 autem

1134 931 1238 974 tum
1261 922 1311 975 S.
1340 923 1658 991 Scripturam
1678 928 2119 993 praestantissimo

1133 997 1279 1048 modo
1320 998 1744 1066 interpretantur,
1789 1007 1897 1053 tum
1937 1017 1997 1054 ea
2024 1002 2120 1055 Re-

1134 1071 1403 1123 velationis
1430 1073 1636 1126 divinae
1675 1075 1865 1142 capita,
1895 1089 2027 1144 quae
2054 1076 2120 1129 A·

1135 1145 1312 1210 postoli
1330 1152 1571 1198 oretenus
1591 1155 1790 1201 tantum
1806 1149 2115 1212 docuerunt,

1132 1219 1315 1271 litteris
1362 1222 1767 1286 consignarunt:
1811 1231 2121 1291 quapropter

1133 1309 1249 1345 cum
1274 1293 1345 1344 illi
1374 1293 1680 1347 Traditionis
1707 1295 1914 1350 divinae
1936 1304 1985 1350 et
2005 1298 2120 1350 her-

1135 1367 1455 1419 meneuticae
1482 1377 1533 1420 et
1561 1371 1924 1423 constitutivae
1964 1378 2120 1425 testes

1134 1442 1237 1493 sint
1264 1482 1281 1499 ,
1325 1444 1551 1495 maxima
1592 1451 1670 1496 est
1726 1443 2008 1497 eorundem
2066 1446 2118 1498 in

1134 1515 1408 1580 Theologia
1428 1517 1718 1584 dogmatica
1731 1520 2009 1572 auctoritas
2025 1520 2116 1590 (li).

1209 1590 1261 1641 ἒ.
1305 1589 1397 1642 SS.
1430 1590 1624 1653 PatreS,
1668 1593 1818 1645 sicuti
1849 1609 2020 1646 rerum
2048 1594 2123 1646 di-

1139 1665 1374 1715 vinarum
1413 1666 1628 1718 scientia
1669 1674 1720 1718 et
1759 1668 1950 1735 pietate
1999 1668 2123 1720 emi·

1139 1745 1382 1798 nuerunt‚
1425 1739 1496 1790 ita
1535 1740 1689 1791 etiam
1730 1740 1970 1807 dogmata
2010 1757 2124 1794 coe-

1139 1811 1283 1862 lestia
1324 1813 1462 1862 clare
1501 1819 1552 1864 et
1591 1814 1858 1880 perspicue
1899 1815 2124 1882 explica-

1139 1885 1468 1946 runt,solidis
1483 1888 1804 1953 argumentis
1829 1889 2124 1954 probarunt,

1139 1965 1317 2011 contra
1355 1960 1681 2013 adversarios
1720 1962 1911 2013 invicte
1952 1962 2125 2015 defen-

1139 2033 1346 2094 derunt,
1389 2039 1544 2102 atque
1572 2050 1638 2086 ex
1669 2035 1910 2087 revelatis
1939 2043 2125 2089 verita-

1142 2107 1274 2159 tibus
1302 2107 1417 2160 fidei
1448 2110 1655 2175 egregia
1683 2109 1992 2162 documenta
2020 2126 2126 2162 mo-

1139 2181 1264 2234 ralia
1305 2182 1650 2235 deduxerunt.
1695 2182 1769 2236 Ita
1819 2199 1908 2252 per
1947 2199 2125 2237 eorum

1137 2257 1326 2323 scripta
1366 2256 1641 2325 Theologia
1670 2257 2126 2326 dogmatico-pole-

1138 2331 1268 2382 mica
1309 2331 1358 2381 in
1389 2329 1567 2383 officiis
1606 2338 1657 2384 et
1686 2332 1986 2384 muneribus
2020 2333 2125 2383 suis

1138 2404 1233 2456 rite
1285 2404 1628 2474 adimplendis
1692 2406 1918 2458 maxime
1981 2405 2125 2457 adiu-

1139 2485 1308 2530 vatur.

1210 2552 1263 2604 5.
1291 2551 1431 2604 Inter
1451 2550 1542 2604 SS.
1572 2552 1747 2605 Patres
1770 2552 1999 2604 eminent
2028 2552 2123 2604 viri

1136 2626 1208 2678 illi
1249 2626 1526 2678 doctissimi
1555 2633 1606 2678 et
1645 2627 1976 2688 sanctissimi,
2000 2641 2125 2695 quo-

1137 2715 1251 2752 rum
1292 2700 1523 2753 doctrina
1562 2701 1625 2752 ab
1672 2700 1903 2752 Ecclesia
1943 2716 2124 2769 appro-

1137 2776 1254 2826 bata
1276 2781 1372 2835 est,
1416 2781 1468 2826 et
1505 2775 1588 2842 qui
1631 2789 1721 2841 per
1760 2773 2122 2827 excellentiam

1135 2848 1374 2901 Ecclesiae
1414 2848 1639 2901 Doctores
1667 2855 1935 2901 vocantur.

1209 2922 1276 2975 Ut
1317 2923 1445 2975 tales
1466 2937 1668 2989 semper
1699 2923 1749 2974 in
1779 2923 2007 2975 maximo
2036 2920 2124 2974 lio-

1135 3012 1258 3048 nore
1301 2997 1478 3057 babiti,
1522 3002 1574 3048 et
1613 2994 1912 3049 solemniter
1960 3013 1989 3047 a
2031 2995 2125 3048 Bo-

1135 3070 1316 3138 nisaeio
1362 3070 1485 3122 VIII
1518 3069 1765 3123 declarati
1817 3071 1960 3122 fuero
2000 3085 2124 3138 qua-

1136 3150 1253 3196 tuor
1277 3144 1478 3196 Graeci:
1494 3142 1545 3195 S.
1564 3140 1867 3196 Athanasius
1885 3142 1949 3215 (†
1971 3142 2120 3212 575),

1134 3217 1187 3270 S.
1231 3217 1450 3270 Basilius
1488 3217 1564 3271 M.
1610 3214 1675 3286 Η·
1713 3216 1864 3287 579),
1906 3217 1959 3270 S.
2004 3215 2125 3269 Gre-

1135 3292 1304 3361 9orias
1340 3291 1476 3343 Naz.
1505 3289 1569 3361 (ψ
1597 3290 1762 3362 582⁵),v
1785 3294 1834 3343 S.
1866 3291 1940 3343 In.
1970 3289 2126 3359 Chry-

1136 3372 1370 3419 sostomas
1396 3363 1453 3434 (†
1482 3365 1604 3435 1207)
1633 3372 1921 3435 etquatuor
1938 3363 2122 3418 Latini:

1200 3496 1236 3534 3)
1262 3497 1300 3530 Ρ.
1326 3497 1389 3538 111,
1416 3501 1502 3532 sect.
1529 3497 1557 3536 1,
1582 3505 1657 3538 cap.
1685 3498 1714 3533 1.

1184 3496 1237 3588 εί)
1264 3541 1305 3578 V.
1329 3541 1395 3577 Th.
1422 3549 1504 3584 gen.
1531 3539 1561 3586 5
1582 3540 1660 3577 198,
