2332 3860
241 137 349 192 518

168 250 292 288 vum
331 249 443 288 esse
482 233 653 298 debet,
695 251 795 304 quo
840 235 906 290 ab
967 235 1157 289 illicitis

167 308 335 363 carnis
364 309 800 378 ,concupiscentiis
836 310 1050 378 aliisque
1081 310 1155 362 vi-

167 383 250 436 tiis
299 390 585 438 avertatur.
647 383 726 436 Ex
783 383 870 439 illo
935 399 1156 452 namque

165 458 429 526 mysterio·
450 457 709 511 humanae
749 465 964 511 naturae
990 457 1156 526 digni-

165 536 242 584 tas
280 531 573 594 innotescit,
604 547 756 601 quam
779 532 1011 585 sordibus
1042 547 1154 598 pec-

163 612 393 659 catorum
435 607 703 675 inquinare
742 606 972 659 dedecet.
1025 605 1154 658 Hinc

156 678 214 733 S.
247 678 556 749 Auqustinus
585 679 661 751 (i)
692 680 846 733 dicit:
882 699 908 728 «
939 679 1154 732 Demon-

161 756 346 820 stravit
386 755 529 807 nobis
569 754 725 815 Deu5‚
769 770 923 823 quam
987 755 1154 806 excel-

161 843 274 886 sum
316 828 489 882 locum
517 830 650 882 inter
676 835 939 881 creaturas
968 828 1154 882 habeat

161 901 387 956 humana
430 909 612 955 natura
652 903 704 954 in
745 903 859 964 hoc,
902 903 1039 972 quod
1061 903 1150 955 ho-

158 977 385 1030 minibus
431 978 481 1030 in
547 992 670 1029 vero
736 976 940 1029 homine
1000 993 1152 1045 appa-

158 1052 282 1104 ruit.
321 1070 344 1101 »
377 1082 448 1092 ——
480 1051 540 1104 Et
579 1050 638 1104 S.
670 1050 763 1103 Leo
785 1051 858 1104 M.
913 1048 988 1121 (Ξ)
1035 1053 1151 1104 sub-

158 1125 264 1178 dit:
321 1146 347 1175 «
396 1125 669 1193 Agnosce,
739 1141 767 1177 o
832 1125 1147 1181 Christiane!

159 1200 463 1268 dignitatem
504 1207 667 1262 tuam,
711 1206 762 1252 et
801 1199 1005 1253 divinae
1033 1217 1153 1253 con-

160 1290 270 1327 sors
310 1275 475 1327 factus
514 1281 730 1327 naturae
772 1273 873 1326 noli
915 1276 964 1327 in
1013 1282 1150 1328 vete·

159 1364 271 1400 rem
309 1348 564 1401 vilitatem
603 1348 842 1417 degeneri
884 1365 1153 1403 conversa·

158 1424 295 1476 tione
335 1423 517 1476 redire.
552 1443 578 1472 η

229 1497 379 1550 Nota.
433 1496 687 1551 Increduli
753 1514 819 1550 ex
881 1504 1147 1565 tempore,

158 1587 257 1641 quo
297 1574 601 1642 mysterium
643 1572 1013 1625 Incarnationis
1060 1573 1150 1624 im-

159 1646 356 1714 pletum
398 1646 512 1710 fuit,
557 1647 877 1700 occasionem
918 1654 1146 1715 captant,

160 1720 257 1774 hoc
323 1729 528 1774 nostrae
591 1722 869 1791 Religionis
934 1722 1150 1790 capitale

158 1795 343 1864 dogma
384 1797 733 1867 oppugnandi,
764 1796 1149 1861 contendenteS,

159 1869 422 1924 Christum
455 1913 468 1933 ,
536 1873 577 1924 si
643 1871 889 1924 voluisset
946 1878 1150 1940 propter

155 1944 423 1997 hominum
462 1945 683 1998 salutem
739 1945 800 1998 de
858 1944 1000 1997 coelo
1065 1946 1149 2004 de-

156 2019 423 2082 scendere,
468 2020 518 2071 id
578 2020 745 2072 facere
804 2019 1040 2072 debuisse
1098 2022 1146 2071 in

156 2093 303 2148 initio
339 2101 647 2162 temporum,
690 2094 863 2146 statim
904 2100 1015 2161 post
1079 2094 1149 2146 la-

154 2183 302 2236 psum
361 2168 565 2231 Adami‚
635 2168 932 2237 nullamque
996 2168 1149 2221 fuisse

154 2258 387 2304 causam,
431 2259 523 2296 cur
562 2250 667 2298 tam
710 2244 887 2309 longas
921 2249 1149 2295 necteret

155 2333 340 2370 moras.
375 2316 476 2370 Sed
515 2317 579 2370 ad
627 2317 762 2370 hanc
798 2315 1147 2370 difficultatem

154 2391 452 2446 solvendam
502 2392 735 2461 inprimis
773 2391 1148 2444 observandum

153 2466 655 2533 est,incarnationem
674 2482 734 2519 ac
748 2465 1148 2533 redemptionem

153 2540 445 2599 hominibus
466 2542 807 2593 necessariam
840 2541 1013 2600 fuisse,
1031 2553 1144 2592 'non

153 2622 327 2667 autem
347 2614 474 2676 Deo,
512 2616 598 2684 qvui
625 2630 740 2668 eam
764 2613 1019 2666 liberrime
1066 2615 1149 2667 de-

153 2692 336 2751 crevit,
363 2696 591 2758 utsupra
615 2690 1019 2742 demonstratum
1050 2698 1140 2741 est.

153 2761 293 2825 Deus
332 2779 455 2831 ergo
497 2780 559 2816 ne
600 2764 662 2815 de
701 2763 913 2815 min-imo
940 2762 1145 2830 quidem

154 2836 356 2890 dfefectu
395 2839 628 2891 accusari
692 2842 878 2906 potest,
945 2837 1141 2894 etiamsi

77 2940 79 2951 ‹
154 2909 297 2962 nullo
338 2918 566 2980 tempore
604 2913 998 2979 Redemptorem
1053 2907 1161 2962 ho-'

154 2984 378 3037 minibus
399 2987 681 3040 concedere
701 2986 965 3038 voluisset:
987 3000 1146 3053 quan-

154 3064 206 3110 to
247 3059 418 3111 minus
459 3077 525 3113 ex
565 3078 624 3114 eo
689 3058 994 3129 reprebendi
1035 3066 1143 3126 pot-

155 3137 252 3192 est,
295 3134 427 3201 quod
472 3142 583 3202 post
622 3141 840 3204 quatuor
890 3149 1142 3185 annorum

153 3205 312 3263 millia
367 3206 529 3273 filium
594 3224 742 3263 suum
807 3206 1140 3275 Unigenitum

118 3280 218 3332 ·ad
257 3279 493 3334 homines
542 3281 835 3335 liberandos
901 3281 1143 3334 miserit?

151 3379 226 3396 —-
254 3352 418 3409 Probe
456 3355 614 3409 etiam
636 3355 1018 3411 adtendendum
1047 3363 1141 3423 est,

193 3482 248 3574 ὃς
270 3484 370 3565 abr.
392 3485 439 3520 de
462 3493 547 3521 vera
571 3484 760 3546 Rei-igione
782 3494 861 3529 cap.
887 3486 939 3530 49.

317 3537 373 3566 rm
411 3526 444 3567 1.
469 3529 514 3564 de
537 3528 681 3565 Nativit.

582 155 646 193 DE
681 154 776 194 DEO
811 153 944 194 LAPst
983 155 1172 194 nimam
1216 152 1421 193 numnis
1439 154 1790 194 REDEMPTORE.
1851 209 1854 211 -

2239 0 2294 19 [Ἰὼ]

2155 27 2166 46 ⁸
2264 23 2287 54 gx,

2273 54 2283 74 {³

2251 100 2273 110 ⁴i

2259 131 2278 149 ἰ

1216 234 1496 298 bonitatem
1558 235 1784 289 divinam
1845 246 1970 290 nec>
2002 214 2205 306 legibus
2285 244 2332 266 ·³

1203 309 1419 373 subiici,
1460 324 1558 362 nec
1591 311 1796 364 motivis
1832 309 1897 363 ad
1942 312 2199 380 agendum

1218 383 1438 446 incitari,
1481 383 1780 437 sedssomnia
1818 389 2034 439 eatenus
2081 393 2200 440 tan-

1217 463 1325 510 tum
1365 459 1846 514 convenientissima
1901 466 1953 512 et
2008 461 2201 528 optima
2287 487 2300 496 ν’

1216 546 1348 593 esse,
1392 537 1646 600 quatenus
1681 549 1711 585 a
1751 532 1856 585 Deo
1917 533 2201 589 decernun-

1217 611 1319 657 tur.
1363 605 1441 658 Ex
1480 621 1580 674 quo
1619 611 1757 659 recte
1783 607 2021 671 infertur,
2045 610 2200 664 etiarn

1218 685 1416 748 tempus
1455 680 1581 731 illud
1621 679 1964 735 incarnationi
2014 698 2200 738 conve-

1218 754 1590 806 nientissimum
1653 755 1807 807 fuisse
1833 797 1845 818 ‚
1912 757 2046 826 quod
2110 775 2202 826 pro

1215 843 1416 881 summo
1453 828 1548 881 hoc
1589 830 1834 898 mysterio
1870 838 2081 885 aeterno
2108 833 2200 886 Dei

1215 902 1421 955 decreto
1459 903 1742 955 stabilitum
1783 904 1895 956 fuit.
1958 905 2201 969 Quamvis

1215 982 1386 1029 autem
1427 978 1960 1047 incomprehensibilia
1999 982 2101 1034 sint
2127 982 2202 1033 iu-

1215 1050 1344 1104 dicia
1401 1051 1492 1104 Dei
1543 1059 1594 1105 et
1650 1053 2034 1121 investigabiles
2087 1057 2200 1110 viae

1215 1127 1342 1187 eius,
1375 1126 1597 1194 theologi
1628 1134 1821 1190 tamen,
1866 1128 2079 1182 ducibus
2116 1147 2199 1197 po-

1216 1200 1466 1255 tissimum
1504 1201 1555 1253 S.
1590 1200 1860 1269 Auyzislino
1887 1209 1939 1255 et
1987 1202 2039 1256 S.
2084 1203 2201 1258 Tho·
2288 1179 2292 1182 .

1214 1291 1311 1336 ma,
1356 1276 1638 1328 rationibus
1677 1277 1979 1345 quibusdam
2035 1285 2203 1331 osten·

1213 1349 1333 1402 dere
1374 1350 1543 1402 conati
1583 1358 1722 1412 sunt,
1767 1352 2068 1419 mysterium
2121 1353 2199 1405 In-

1214 1425 1525 1476 carnationis
1564 1425 2048 1478 convenientissime
2089 1434 2202 1496 post

1213 1506 1433 1567 quatuor
1471 1514 1724 1551 annorum
1767 1499 1947 1561 millia,
1991 1517 2081 1553 seu
2147 1503 2196 1554 in

1214 1573 1529 1640 plenitudine
1571 1575 1811 1642 temporis
1865 1574 2198 1641 adimpletum

1214 1649 1382 1700 fuisse.
1409 1678 1481 1686 —
1507 1647 1686 1700 Prima
1734 1649 1860 1701 ratio
1908 1650 2095 1717 petitur
2134 1666 2200 1703 ex

1213 1723 1322 1788 ipsa
1361 1722 1532 1774 indole
1582 1722 1801 1775 hominis
1861 1723 2025 1792 lapsi„
2069 1722 2199 1776 Con-

1211 1812 1399 1870 gruum
1442 1814 1623 1864 nempe
1665 1804 1812 1859 erat,
1878 1804 1934 1849 ut
1998 1798 2148 1853 homo
2182 1841 2193 1861 ‚

1212 1872 1294 1938 qui
1337 1887 1427 1940 per
1467 1872 1757 1940 superbiam
1798 1872 2079 1935 ceciderat,
2148 1881 2200 1926 et

1211 1944 1315 1998 Deo
1374 1946 1555 1998 similis
1620 1962 1729 1998 esse
1794 1946 2047 2008 voluerat,
2111 1946 2198 2000 diu

1211 2022 1472 2073 aerumnis
1510 2037 1571 2073 ac
1611 2020 1826 2074 miseriis
1866 2021 1959 2072 sub
1998 2020 2201 2075 daemo-

1213 2095 1289 2146 nis
1351 2102 1601 2163 potestate
1677 2102 1961 2162 prostratus
1992 2136 2004 2156 ,
2073 2112 2198 2148 suae

1211 2171 1445 2237 propriae
1510 2169 1821 2221 infirmitatis
1885 2170 2198 2223 conscientia

1210 2259 1270 2297 ac
1309 2244 1551 2296 diuturna
1593 2244 1909 2312 experientia
1968 2243 2198 2297 eruditus

1212 2317 1565 2387 Redemptoris
1606 2319 1965 2370 necessitatem
2005 2334 2195 2386 cogno-

1209 2400 1395 2454 sceret,
1438 2400 1489 2445 et
1530 2408 1619 2460 per
1659 2392 1959 2447 humilitatis
2015 2408 2196 2446 sensus

1209 2483 1262 2518 se
1302 2467 1365 2518 ad
1406 2467 1626 2519 eundem
1669 2466 2016 2533 recipiendum
2054 2483 2198 2535 prae·

1210 2549 1433 2607 pararet.
1478 2540 1607 2592 Hinc
1647 2542 1702 2592 S.
1748 2539 2052 2607 Auqustinus
2116 2538 2195 2612 (5)

1209 2615 1401 2683 inquit:
1450 2634 1476 2663 ι(
1521 2613 1764 2667 Conclusit
1821 2614 2082 2683 Scriptura
2145 2631 2196 2666 0-

1206 2689 1343 2741 mnia
1386 2689 1472 2742 sub
1505 2697 1710 2756 peccata,
1750 2694 1802 2739 ut
1836 2689 2097 2757 promissio
2133 2704 2197 2741 ex

1205 2763 1296 2832 fide
1334 2763 1443 2815 Iesu
1481 2761 1667 2815 Christi
1706 2762 1909 2814 daretur
1960 2763 2195 2816 credenti·

1207 2836 1309 2897 Ιηιε,
1355 2845 1411 2889 ut
1450 2837 1647 2889 veniret
1683 2837 1847 2904 gratia
1871 2843 1980 2905 post
2010 2836 2193 2904 legem,

1206 2917 1256 2962 et
1297 2911 1551 2964 inveniret
1589 2911 1848 2964 hominem
1890 2927 1991 2963 non
2025 2911 2192 2963 solum

1206 2985 1479 3047 iacentem,
1521 2985 1610 3037 sed
1668 2987 1769 3038 iam
1826 2986 1979 3038 etiam
2038 2984 2192 3036 confi·

1206 3065 1431 3111 tentem:
1474 3060 1634 3115 Miser
1669 3076 1751 3128 eqo
1791 3058 1948 3119 homo,
1983 3059 2093 3126 quis
2116 3072 2191 3109 mc

1204 3131 1422 3186 liberabit
1460 3134 1515 3185 de
1553 3149 1750 3203 corpore
1770 3135 1942 3185 mortis
1966 3131 2130 3185 huius.
2162 3152 2186 3179 n

1203 3235 1274 3244 —-
1301 3206 1468 3259 Altera
1496 3208 1624 3260 ratio
1651 3207 1778 3260 haec
1799 3206 2028 3260 affertur.
2068 3203 2191 3258 Vult

1203 3282 1336 3333 enim
1376 3281 1533 3343 Deus,
1587 3288 1647 3334 ut
1703 3281 1936 3335 homines
1997 3279 2190 3348 gratias

1201 3355 1447 3409 coelestes
1493 3356 1667 3424 magni
1715 3354 2017 3414 aestiment,
2085 3351 2190 3405 fer—

1245 3525 1298 3571 (3)
1319 3526 1385 3564 En.
1410 3527 1448 3563 in
1473 3527 1600 3564 Psnltn.
1627 3525 1685 3570 83,
1705 3534 1806 3564 num.
1830 3525 1886 3563 10.
