2332 3860
0 0 114 99 iffi

29 95 81 169 9

28 163 67 229 ΥΤ

713 115 830 157 PARS
867 117 941 155 nt.
981 117 1146 161 sumto
1182 117 1219 155 1.
1260 115 1414 155 mmm·
1450 115 1488 154 1.
1527 155 1532 158 ,

35 200 283 344 sserepf,
313 195 483 273 quod,
497 203 675 254 natum
703 213 770 251 ex
797 196 1008 267 Virgine
1024 204 1088 258 et

190 265 286 331 riu
313 265 514 325 Sancto
539 278 696 324 est.»
739 270 881 323 Idem
907 279 1089 325 contra

97 346 300 414 Celsum
327 342 404 418 (l)
426 343 595 414 Iesum
617 343 877 398 Christum
907 353 1086 401 natum

94 404 368 484 confitetur
409 438 438 468 ιι
480 435 547 472 ex
585 419 802 471 muliere
854 436 955 473 non
1017 421 1086 472 vi-

95 494 208 559 rsum
260 509 408 562 passa
447 500 499 545 et
550 507 691 545 more
745 492 1084 547 foeminarum

19 615 22 618 ,
92 555 327 636 gravida,
358 565 445 619 sed
475 581 540 619 ex
575 582 700 634 pura
729 574 780 619 et
806 575 946 619 casta
976 566 1087 620 Vir-

56 642 211 708 »gine
235 680 249 702 ,
304 645 356 692 et
406 640 613 709 quidem
652 640 872 708 Spiritus
909 640 1083 692 Sancti

39 754 46 758 <
91 715 302 780 virtute,
323 719 374 766 et
394 714 591 780 integra
612 730 817 780 semper
845 721 1084 766 manente

93 790 203 842 eius
243 788 554 854 virginitate.
617 808 641 837 »
697 785 754 841 S.
807 786 1085 858 Cyprianus

92 859 169 933 (Ξ)
209 861 393 930 inquit:
441 882 467 910 «
498 861 589 913 Dei
630 859 843 915 Filius...
886 864 934 912 in
980 861 1087 914 Vir-

92 936 263 1005 ginem
303 934 551 997 inibatur,
593 951 749 987 carne
802 951 890 1003 per
928 934 1085 1002 Spiri-

94 1017 203 1062 tum
240 1008 483 1061 Sanctum
513 1008 762 1070 induitur,
804 1009 941 1060 Deus
968 1025 1083 1060 cum

91 1082 299 1137 homine
339 1083 600 1136 miscetur.
631 1103 657 1132 υ
699 1082 752 1135 8.
785 1082 1086 1135 Athanasius

56 1184 58 1186 v
93 1154 170 1228 (3)
211 1157 353 1209 dicit:
400 1178 426 1206 «
470 1156 719 1223 Verbum,
758 1173 878 1209 cum
904 1157 966 1210 ad
998 1173 1087 1209 nos

91 1231 254 1292 venit,
299 1247 365 1283 ex
399 1230 609 1298 Virgine
637 1232 730 1283 sibi
770 1232 863 1299 ipsi
903 1247 1086 1299 corpus

90 1305 351 1364 formavit,
383 1312 440 1356 ut
466 1306 704 1357 omnibus
738 1321 838 1356 non
871 1322 1083 1373 parvum

92 1394 216 1431 suae
243 1378 528 1431 divinitatis
557 1387 923 1446 argumentum
949 1380 1089 1431 exhi-

94 1452 263 1514 beret,
290 1459 346 1504 ut
373 1452 573 1505 seilicet
594 1455 710 1505 inde
734 1461 950 1521 pateret,
970 1470 1087 1506 eum

67 1527 181 1594 vqui
222 1542 409 1594 corpus
448 1526 574 1579 illud
604 1526 936 1588 formaverat,
967 1528 1091 1579 aiio-

95 1616 212 1652 rum
266 1616 470 1669 quoque
528 1617 799 1667 corporum
857 1600 1087 1670 opificem

97 1690 265 1726 esse.»
287 1673 340 1726 S.
361 1674 592 1726 Hilarius
616 1674 692 1745 ([ι)
711 1676 907 1727 scribit:
930 1696 955 1724 «
976 1675 1091 1728 Cor·

95 1763 211 1816 pus,
254 1748 388 1815 quod
430 1748 661 1800 Christus
699 1751 996 1816 assumpsit,
1042 1751 1086 1800 id

96 1838 161 1874 ex
206 1821 413 1889 Virgine
468 1831 771 1890 conceptum
801 1863 814 1882 ,
877 1824 1089 1875 formam

0 1955 1 1962 ἵ
97 1911 214 1948 eum
242 1911 354 1948 esse
383 1897 518 1948 servi
547 1896 733 1949 effecit.
766 1896 924 1964 Virgo
955 1898 1087 1948 enim

92 1970 295 2026 nonnisi
330 1987 394 2022 ex
421 1969 609 2022 Sancto
637 1971 827 2038 Spiritu
857 1974 1085 2039 genuit.»

170 2044 221 2095 lt.
254 2043 466 2096 Ecclesia
489 2044 726 2097 catholica
754 2062 956 2112 semper
983 2062 1090 2097 cre-

95 2116 221 2170 didit
259 2126 312 2169 et
337 2117 528 2180 docuit,
561 2118 819 2170 Christum
848 2121 958 2171 sine
981 2136 1091 2171 car·

95 2191 199 2243 nali
258 2192 354 2243 viri
409 2193 663 2245 consortio
720 2194 827 2245 sola
874 2193 1092 2261 Spiritus

93 2263 267 2317 Sancti
315 2266 507 2318 virtute
570 2283 601 2318 a
671 2266 830 2319 Maria
883 2268 1091 2334 Virgine

95 2345 400 2406 conceptum
425 2357 556 2392 esse.
582 2339 726 2402 Hane
754 2340 1011 2393 Ecclesiae
1039 2342 1094 2392 fi-

97 2413 214 2465 dem
241 2413 456 2480 symbola
492 2420 542 2465 et
574 2415 779 2466 concilia
814 2421 1087 2466 testantur.

96 2485 223 2539 Nam
283 2489 333 2539 in
394 2486 637 2556 Symboio
694 2488 971 2556 Apostolico
1032 2489 1092 2539 dc

98 2560 297 2612 Christo
335 2561 558 2613 dicitur:
604 2560 700 2624 Qai
738 2571 990 2630 conceptas
1028 2571 1094 2612 est

99 2634 154 2686 de
193 2633 384 2702 Spiritu
422 2633 619 2695 Sancte,
651 2644 799 2687 natus
837 2653 899 2688 ea:
925 2637 1094 2688 Maria

107 2706 324 2776 Viryine.
343 2707 397 2759 ln
409 2707 653 2777 Symboio
667 2708 720 2760 N
722 2711 884 2761 icaeno
901 2708 1094 2762 CPtano

101 2779 310 2832 dieitur:
336 2781 400 2832 Et
427 2783 713 2834 incarnatus
733 2791 799 2834 est
823 2784 878 2835 de
904 2783 1095 2852 Spiritu

102 2852 277 2906 Sancto
302 2871 364 2906 ea:
383 2856 556 2908 Mar-ia
587 2855 781 2922 Viryine
801 2864 843 2907 ει
865 2857 1002 2908 homo
1020 2859 1094 2924 fa·

101 2935 207 2980 ctus
233 2936 315 2980 est.
337 2928 618 2990 Concilium
635 2929 912 2981 Toletanum
928 2931 959 2982 I
962 2948 1094 2983 anno

105 3001 212 3052 1⁸00
225 3019 337 3069 cap.
360 3003 421 3053 ‘21
446 3002 677 3068 reguiam
691 3002 808 3055 fidei
831 3004 1095 3057 stabiliens

83 3075 390 3141 profitetur,
409 3075 597 3127 Filiam
627 3076 759 3128 Dei..
777 3080 1096 3148 sanctificasse

83 3155 296 3218 uterum
344 3149 559 3218 Virginis
611 3151 805 3203 Mariae
856 3162 999 3221 atque
1037 3169 1097 3205 eoe

103 3235 159 3275 ea
186 3238 362 3290 ‘verum
415 3223 656 3276 hominem
703 3226 820 3279 sine·
844 3227 983 3280 virili
1018 3243 1096 3295 qe-

152 3376 206 3514 {³}
230 3368 338 3416 Libro
356 3379 410 3417 10.
604 3382 656 3428 (2)
681 3384 762 3420 Lib.
782 3385 828 3421 de
847 3385 934 3423 idol.
959 3386 1070 3422 vanit.

169 3467 189 3503 ι

229 3426 280 3459 De
302 3426 403 3460 incar
386 3436 440 3460 rn.
466 3427 588 3472 Verbi,
605 3437 709 3464 uum.
736 3427 787 3464 18.

227 3468 305 3503 Lib
325 3467 368 3504 10
385 3471 431 3505 de
448 3470 547 3507 Tria.

1146 204 1371 252 aeratam
1405 195 1588 264 semine
1623 197 1925 266 suscepisse„
1957 196 2136 252 Conci·

1149 270 1609 340 lium-Ephesinum
1647 287 1761 338 cap.
1807 272 1833 323 4
1879 271 2028 324 dicit:
2082 272 2137 326 Se

1146 347 1257 413 quis
1293 361 1395 397 non
1431 345 1685 415 confitetur
1731 343 1886 397 Deum
1933 360 2031 397 esse
2069 362 2140 398 ve-

1146 419 1339 472 raciter.
1365 418 1675 479 Emmanuel,
1705 426 1749 470 et
1770 424 2022 486 propterea
2050 419 2140 471 Dei

1145 494 1425 560 qen-itricem
1460 501 1678 544 sanctam
1726 491 1973 560 Virqinem
1997 533 2010 544 .
2042 533 2054 546 .
2087 533 2098 544 .
2122 532 2135 545 .

1147 566 1404 619 anatliema
1441 566 1546 626 sit;
1585 572 1637 617 et
1675 581 1789 633 cap.
1849 565 1918 617 15
1958 568 2029 617 ita
2069 565 2137 618 lo-

1146 642 1356 708 quitur:
1412 638 1515 691 Nee
1552 639 1682 691 enim
1726 639 1948 708 primum
1995 649 2142 690 natus

1146 721 1213 764 est
1251 715 1398 765 homo
1437 713 1708 765 communis
1734 714 1789 765 de
1815 713 2001 766 Sancta
2038 713 2142 764 Vir-

1145 788 1291 854 yine,
1357 795 1400 838 et
1439 793 1552 839 tnnc
1610 787 1801 839 demum
1857 786 2142 839 inhabitavit

1147 861 1200 911 in
1250 876 1302 912 eo
1350 860 1588 922 Verbum,
1632 861 1710 912 sed
1758 862 1812 912 in
1863 861 1967 929 ipsa
2007 860 2143 913 vulva

1149 942 1375 1001 uteroque
1439 935 1672 1003 virqinali
1731 951 1892 987 secam
1949 949 2142 987 carnem

1147 1008 1423 1061 coniunoeit.

1221 1081 1328 1134 Obi.
1370 1082 1452 1132 1ss
1494 1081 1571 1133 Ex
1619 1081 1914 1148 Evangeliis
1978 1088 2139 1150 patet,

1150 1154 1408 1209 Christum
1431 1173 1459 1208 a
1483 1155 1696 1223 Iosepho
1717 1158 1946 1223 genitum
1963 1156 2138 1208 fuisse.

1149 1229 1287 1281 Haec
1326 1231 1466 1281 enim
1505 1238 1622 1296 erat
1649 1232 1938 1282 communis
1966 1230 2143 1282 ludae-

1150 1321 1294 1355 orum
1337 1305 1597 1372 persuasio
1651 1303 1749 1375 (5),
1818 1320 1971 1372 quam
2035 1307 2143 1372 ipse

1151 1378 1382 1430 Christus
1421 1379 1668 1446 approbat
1708 1380 1909 1430 dicens:
1957 1378 2020 1430 Ec
2069 1393 2146 1429 me

1149 1452 1309 1513 scitis,
1353 1460 1396 1504 et
1423 1453 1548 1505 unde
1584 1455 1679 1504 sim
1718 1452 1850 1504 scitis
1877 1450 1975 1522 (o).
2027 1451 2146 1504 Ideo

1152 1526 1445 1579 Matthaeus
1484 1526 1643 1595 eap.1
1685 1525 1943 1578 Christum
1983 1525 2146 1577 filium

1155 1601 1314 1652 David
1356 1617 1421 1652 ex
1461 1616 1520 1652 eo
1561 1601 1761 1667 probat,
1804 1601 1923 1668 quia
1963 1598 2144 1665 loseph

1153 1691 1215 1726 ex
1258 1674 1419 1725 David
1475 1675 1777 1726 descendit:
1846 1674 1986 1741 atqui
2050 1673 2146 1724 hoc

1154 1755 1516 1815 argumentum
1549 1748 1738 1799 nuliius
1768 1748 1961 1799 roboris
1988 1753 2142 1808 esset,

1154 1825 1192 1872 si
1236 1822 1417 1890 loseph
1460 1838 1615 1873 verus
1655 1829 1801 1889 pater
1829 1821 2015 1872 Christi
2045 1836 2145 1872 non

1156 1896 1350 1947 suisset.
1397 1895 1504 1947 Imo
1546 1895 1723 1962 loseph
1755 1897 1938 1947 diserte
1962 1895 2146 1947 dicitur

1158 1978 1299 2036 pater
1319 1969 1525 2021 Christi:
1554 1970 1678 2021 Erat
1697 1979 1835 2036 pater
1856 1967 1960 2020 eius
1985 1977 2028 2020 et
2049 1986 2147 2021 ma-

1156 2053 1225 2095 ter
1264 2045 1504 2096 mirantes
1532 2051 1631 2096 etc.
1666 2045 1759 2114 (7).
1794 2043 1906 2111 lpsa
1946 2059 2147 2111 quoque

1156 2118 1312 2170 Maria
1363 2118 1633 2185 losephum
1701 2125 1897 2184 patrem
1960 2117 2146 2169 Christi

1160 2192 1460 2257 profitetur:
1506 2191 1627 2250 Fili,
1671 2192 1789 2258 quid
1827 2191 1986 2258 fecisti
2011 2191 2148 2243 nabis

1153 2266 1268 2317 sic?
1307 2266 1426 2317 Ecce
1460 2273 1604 2333 pater
1643 2273 1756 2316 laus
1795 2273 1839 2316 et
1881 2280 1962 2332 eqo
1989 2265 2148 2316 dolen-

1156 2349 1221 2391 tes
1247 2339 1596 2406 qaaerebamas
1625 2346 1665 2389 te
1694 2338 1788 2407 (8).
1816 2338 1905 2389 His
1925 2337 2145 2399 aceedit,

1157 2414 1287 2481 quod
1331 2429 1494 2481 neque
1537 2411 1788 2472 Christus,
1841 2427 2004 2479 neque
2069 2411 2147 2464 lo-

1157 2504 1337 2547 anneS,
1383 2501 1548 2554 neque
1576 2486 1766 2537 Paulus
1806 2485 1867 2537 de
1918 2486 2148 2552 virgineo

1158 2567 1406 2628 conceptu
1465 2561 1678 2611 verbum
1738 2560 1988 2619 referant,
2058 2559 2148 2612 sed

1161 2637 1324 2702 potius
1362 2635 1678 2686 contrarium
1720 2633 2014 2698 indigitent,
2046 2634 2148 2686 Ma-

1160 2710 1286 2761 riam
1351 2708 1608 2760 mulierem
1659 2707 1885 2759 vocando
1939 2706 2037 2777 (9).
2081 2707 2148 2760 At

1160 2784 1342 2835 mulier
1409 2783 1594 2834 dicitur
1652 2781 1758 2842 iiia,
1800 2796 1930 2848 quae
1969 2797 1999 2833 a
2039 2782 2147 2835 viro

1158 2866 1236 2910 est
1274 2859 1497 2923 cognita.

1231 2931 1368 2999 Resp.
1415 2932 1586 2983 Iudaei
1628 2929 1884 2984 Christum
1925 2934 2058 2987 sicut
2094 2936 2150 2988 fi-

1162 3006 1284 3056 lium
1323 3005 1514 3058 Mariae
1555 3006 1622 3057 ita
1663 3007 1816 3058 etiam
1857 3006 2020 3059 filium
2073 3008 2149 3061 lo-

1158 3079 1302 3146 sephi
1368 3095 1479 3131 esse
1546 3079 1795 3148 putabant
1827 3121 1839 3142 ‚
1906 3084 2148 3150 quoniam

1161 3154 1375 3218 virginei
1417 3159 1693 3220 conceptus
1755 3157 2059 3223 mysterium
2115 3158 2149 3207 i·

1158 3227 1461 3294 gnorabant.
1483 3225 1521 3279 F
1525 3227 1685 3280 alsam
1707 3227 1842 3281 hanc
1860 3230 2146 3297 opinionem

1204 3387 1251 3425 (δ
1278 3388 1364 3423 Luc.
1378 3388 1412 3429 3,
1434 3389 1489 3425 23.
1807 3390 1860 3436 (6)
1884 3394 1934 3427 Io.
1965 3391 2000 3432 ⁷,
2025 3389 2081 3426 28

1217 3431 1251 3473 7)
1277 3433 1364 3466 Luc.
1394 3433 1428 3474 2,
1453 3433 1506 3469 23.
1814 3436 1866 3481 (8)
1890 3435 2021 3480 hue-2,
2046 3434 2103 3472 48.

1217 3476 1389 3520 9)10.2‚
1412 3477 1446 3513 4.
1470 3477 1646 3522 Guttae,
1669 3478 1828 3515 ίοιὶθ.
