2332 3860
227 244 335 292 tum
378 236 524 291 Rom.
569 236 625 300 8,
669 237 803 307 quod
843 238 1049 300 attinet,
1085 236 1224 289 simi-

225 311 387 365 litudo
426 310 513 365 illa
544 328 644 365 non
666 312 888 364 refertur
908 313 975 365 ad
1010 326 1222 364 carnem

224 386 508 440 secundum
549 401 623 453 se,
655 387 743 438 sed
773 387 835 438 ad
871 390 1081 438 carnem
1111 401 1223 453 pec-

224 461 345 523 cati,
388 462 507 529 quia
548 475 668 513 caro
707 459 893 513 Christi
937 476 1058 512 vera
1112 460 1221 528 qui-

224 535 339 588 dem
379 535 476 588 fuit
540 550 696 596 cam,
765 534 854 586 sed
913 540 1221 602 apparenter

223 615 428 662 tantum
468 625 588 662 caro
629 610 843 677 peccati.
876 608 951 660 lta
979 610 1079 661 iam
1111 608 1222 660 Ter-

225 683 464 736 tullianus
503 682 722 736 eandem
762 683 1101 736 obiectionem
1141 698 1223 733 su-

223 757 371 811 stulit
409 757 445 810 l.
490 758 554 810 de
592 773 748 810 carne
788 757 972 809 Christi
1017 755 1093 826 (l)
1148 756 1220 807 di-

225 846 380 884 cens:
442 851 468 880 «
515 831 623 884 Non
666 831 799 900 quod
839 829 1113 899 Apostolus
1153 832 1221 881 si-

224 905 553 958 militudinem
592 907 759 957 carnis
791 906 1048 973 acceperit
1076 906 1218 973 quasi

224 981 503 1047 imaginem
526 981 771 1048 corporiS‚
805 995 905 1031 non
931 981 1219 1045 veritatem,

224 1054 313 1106 sed
355 1053 741 1106 similitudinem
782 1054 1081 1122 peccatricis
1115 1069 1222 1105 oar-

224 1129 306 1181 nis
344 1127 458 1180 vult
498 1128 736 1196 intelligi,
780 1127 913 1196 quod
955 1127 1063 1194 ipsa
1119 1143 1217 1179 non

223 1202 489 1271 peccatrix
549 1217 667 1254 caro
723 1200 908 1253 Christi
961 1202 1069 1253 eius
1128 1202 1221 1253 suit

224 1291 337 1344 par,
382 1276 528 1328 cuius
567 1282 679 1328 erat
718 1282 1058 1342 peccatum...
1090 1282 1142 1327 et
1168 1276 1218 1326 in

224 1348 425 1402 Christo
473 1350 585 1402 sine
643 1357 852 1418 peccato
911 1349 1216 1410 habebatur,

223 1439 355 1491 quae
394 1424 445 1474 in
486 1422 693 1476 homine
732 1425 843 1476 sine
879 1430 1089 1492 peccato
1119 1440 1219 1475 non

223 1496 528 1549 habebatur.
565 1516 590 1546 »

298 1570 405 1624 Obi.
454 1574 539 1622 2⁸
582 1570 621 1623 1.
666 1568 782 1623 Cor.
830 1570 920 1632 15,
967 1570 1056 1630 50,
1102 1570 1222 1622 dici-

223 1652 334 1698 tur:
380 1642 512 1697 Caro
559 1653 602 1696 et
632 1645 834 1711 sanquis
871 1660 1078 1714 reynum
1129 1644 1223 1696 Dei

219 1719 463 1791 possidere
511 1735 609 1770 non
653 1726 859 1787 possunt
880 1737 902 1780 ,·
969 1719 1220 1771 absonum

223 1810 346 1861 ergo
374 1799 470 1853 est,
496 1791 698 1846 Christo
721 1794 868 1845 cuius
898 1799 974 1845 est
1002 1808 1219 1860 regnum

222 1867 335 1929 Dei,
390 1882 599 1919 carnem
658 1874 710 1919 et
773 1868 1077 1935 sanguinem
1138 1869 1222 1919 tri·

222 1941 399 1994 buere.
445 1940 721 2008 Apostolus
760 1941 867 2008 ipse
914 1941 1133 2002 fatetur,
1166 1958 1219 1994 se

222 2014 543 2084 aliquamdiu
587 2030 762 2066 veram
802 2021 853 2066 et
881 2014 1073 2066 realem
1109 2030 1219 2066 car-

225 2104 345 2141 nem
384 2090 435 2140 in
465 2088 666 2140 Christo
702 2089 1080 2155 agnoscendam
1108 2105 1218 2141 esse

223 2169 454 2232 putasse,
499 2162 587 2214 sed
629 2161 693 2214 ab
721 2179 894 2214 errore
918 2164 1012 2214 isto
1041 2164 1220 2216 absur-

223 2237 287 2289 do
328 2236 640 2304 resipuisse;
696 2236 766 2288 ait
823 2237 960 2288 enim
1013 2236 1056 2287 lt
1104 2235 1217 2290 Cor.

225 2310 279 2372 5,
327 2310 415 2362 16:
464 2309 632 2377 Itaque
658 2326 745 2361 nos
766 2326 827 2362 ea:
853 2310 938 2361 hoc
977 2311 1219 2362 neminem

222 2383 446 2436 novimus
471 2384 738 2435 secundum
764 2399 978 2445 carnem,
1010 2393 1052 2436 et
1079 2385 1122 2435 si
1148 2401 1220 2437 co-

221 2458 472 2527 ynovimus
518 2459 783 2510 secundum
822 2473 1015 2510 carnem
1070 2457 1217 2511 Chri-

221 2541 374 2596 stum,
403 2531 484 2583 sed
511 2547 643 2584 nunc
679 2535 780 2583 iam
823 2548 923 2584 non
973 2533 1211 2585 novimus

223 2606 357 2675 Ergo
399 2621 499 2658 non
542 2620 664 2658 vera
703 2612 755 2658 et
794 2607 967 2667 realiS‚
1012 2606 1101 2658 sed
1129 2623 1218 2676 ap-

224 2696 410 2748 parens
451 2685 653 2733 tantum
681 2695 802 2733 caro
830 2681 880 2733 in
915 2679 1117 2734 Christo
1138 2689 1217 2734 est

224 2754 568 2823 agnoscenda.

300 2827 435 2897 Hesp.
488 2829 584 2881 Per
622 2842 830 2880 carnem
896 2833 948 2879 et
1010 2828 1216 2893 sangui·

228 2917 344 2954 nem
372 2918 525 2970 saepe
553 2904 604 2954 in
631 2901 710 2954 Ss,
739 2901 941 2954 Litteris
970 2917 1071 2952 non
1099 2902 1218 2953 sub-

225 2977 415 3028 stantia
456 2978 647 3037 carnis,
692 2976 783 3028 sed
821 2975 1083 3043 corruptio
1132 2991 1218 3026 na-

226 3055 375 3101 turae
440 3051 640 3116 spiritui
700 3056 840 3102 recto
905 3065 995 3101 seu
1063 3065 1217 3101 verae

225 3122 486 3174 sanctitati
510 3123 759 3191 opposita,
785 3123 1089 3190 intelligitur
1118 3121 1212 3194 (Ξ).

225 3194 284 3247 In
323 3196 425 3247 isto
460 3212 613 3248 sensu
666 3198 822 3249 verba
879 3196 1107 3265 Apostoli
1160 3197 1211 3248 1.

227 3269 264 3323 l.
308 3269 396 3321 cit.
430 3266 507 3340 (3)
547 3276 668 3321 sunt
702 3271 1054 3338 intelligenda,
1085 3271 1217 3339 quod

227 3348 369 3412 patet
407 3357 474 3394 ex
523 3349 790 3406 contextu,
855 3345 1097 3413 quoniam
1161 3360 1212 3397 v.

270 3472 394 3564 (ῥ’)ῧῗ
398 3472 538 3554 Ρκεῗιῗίι.
560 3515 615 3561 ιο,
641 3516 696 3560 2⁶,
724 3517 782 3560 ιι,
806 3517 882 3551 Gai
909 3518 946 3560 1,
970 3518 1012 3554 ια
1035 3523 1106 3555 etc.

644 148 706 194 DE
743 157 838 194 DEO
876 156 1004 194 LAPsi
1046 154 1235 193 HUMANJ
1273 128 1480 194 GENERIS
1516 154 1858 195 REDEMPTORE.
1914 174 1920 180 ·

1646 95 1674 125 Q

1283 251 1456 306 praec.
1500 217 1859 301 admonemur,
1903 242 1964 292 ut
2011 252 2112 293 non
2132 224 2332 307 Adaei}

1283 326 1425 363 mum
1467 318 1810 397 peccatorem,
1861 312 1948 365 sed
2009 302 2279 401 Christus
2312 323 2332 381 ,:{

1283 386 1609 438 innocentem
1647 385 1926 439 imitemur.
1961 386 2092 440 Male
2118 388 2297 456 igitur-

1284 458 1672 512 phantasiastae
1699 461 1869 514 verbis
1890 459 2034 513 Pauli
2055 454 2284 517 abutun&
2298 471 2326 543 4²3

1285 540 1368 584 tur
1395 573 1408 595 ‚
1461 539 1520 586 ut
1583 548 1791 586 carnem
1855 541 1906 587 et
1969 529 2324 601 sanguinem&

1283 606 1484 660 Christo
1523 607 1837 661 abiudicent.
1869 639 1942 649 —
1998 608 2161 661 Locus
2207 609 2270 664 ΙΙ.

1282 679 1398 734 Cor.
1452 681 1505 741 5,
1576 681 1666 741 46,
1727 682 1963 751 equidem
2026 682 2315 750 obscurusf

1283 763 1381 817 est,
1443 755 1532 807 sed
1595 755 1905 809 adversariis
1943 756 2086 809 nullo
2124 757 2304 812 modo
2299 805 2310 812 ,.

1283 830 1440 881 favet.
1487 829 1645 882 Recte
1686 831 1822 881 enim
1861 829 1914 882 S
1970 829 2276 898 Auqustinus

1285 902 1360 973 (ίι)
1403 904 1574 955 mirari
1628 919 1683 956 se
1741 903 1884 965 dicit,
1950 903 2312 959 Manichaeos÷

1283 993 1462 1030 coecos
1502 993 1601 1030 non
1635 977 1829 1036 videre,
1863 996 1890 1026 «
1920 979 2037 1046 quia
2064 979 2105 1030 si
2133 979 2275 1032 Chri·

1283 1059 1393 1104 stus
1421 1052 1534 1104 ideo
1565 1068 1663 1103 non
1692 1052 1869 1104 babuit
1895 1067 2126 1114 carnem,
2156 1054 2275 1123 quia

1283 1127 1412 1178 dixit
1446 1127 1740 1194 Apostolus,
1786 1142 1923 1178 nunc
1960 1127 2062 1179 iam
2092 1143 2192 1179 non
2221 1142 2294 1181 se·

1286 1217 1433 1253 nosse
1457 1199 1715 1252 Christum
1741 1201 2026 1252 seeundum
2046 1205 2275 1270 carnem}

1286 1290 1380 1326 neo
1434 1275 1504 1326 illi
1566 1274 1859 1326 habuerunt
1905 1290 2145 1338 carnem,
2213 1276 2312 1329 de.

1283 1349 1470 1416 quibus
1508 1349 1559 1400 in
1602 1348 1778 1399 eodem
1821 1348 1930 1400 loco
1970 1349 2121 1401 dicit:
2184 1349 2276 1401 ita-

1283 1438 1373 1490 que
1421 1438 1506 1473 nos
1543 1422 1713 1474 amodo
1765 1423 2010 1474 neminem
2055 1419 2315 1476 τιοοίηιτιεῑἸ

1282 1496 1546 1548 secundum
1593 1511 1806 1548 carnem.
1851 1514 1873 1543 »
1931 1496 2090 1548 Aliter
2153 1512 2276 1565 ergo

1285 1571 1442 1622 verba
1471 1569 1614 1621 Pauli
1644 1569 1976 1636 intelligenda
2004 1576 2125 1622 sunt
2151 1586 2276 1640 quo-

1285 1660 1396 1695 rum
1430 1659 1613 1696 sensus
1653 1650 1755 1695 est:
1782 1646 1820 1695 si
1850 1642 2105 1696 Christum
2134 1645 2276 1698 nobis

1284 1725 1606 1785 praesentem
1629 1718 1951 1785 coynovimm,
1977 1718 2272 1784 dileximuS,

1284 1794 1431 1862 eique
1470 1793 1798 1845 adhaesimus
1836 1792 2122 1844 secundum
2161 1799 2315 1854 car-,j

1283 1868 1446 1933 naleS‚
1484 1883 1574 1919 seu
1618 1866 1870 1918 humanos
1910 1866 2077 1919 cordis
2115 1867 2275 1920 nostri

1282 1935 1516 2002 affectus,
1560 1941 1694 1992 sicut
1722 1941 1918 1993 amicus
1946 1942 2168 1993 amicum
2206 1940 2277 1994 di'-
2312 1954 2319 1959 ·

1281 2015 1433 2081 ligit3
1478 2030 1616 2066 nunc
1656 2015 1759 2066 iam
1799 2014 1914 2067 talis
1943 2014 2158 2067 affectus
2187 2030 2276 2084 per

1281 2088 1525 2156 Spiritum
1565 2088 1811 2141 Sanctum
1842 2090 2064 2141 cessavit
2105 2090 2155 2140 in
2186 2105 2276 2142 no-

1284 2163 1377 2214 bis:
1411 2163 1585 2226 «Hoc,
1616 2164 1688 2215 ait
1714 2160 1770 2216 S.
1808 2163 2019 2215 Thomas
2047 2164 2098 2214 iu
2122 2162 2177 2216 h.
2209 2162 2271 2226 l.,

1282 2237 1555 2304 Apostolus
1594 2237 1643 2288 in
1685 2236 1918 2289 aliorum·
1944 2252 2163 2305 persona
2201 2237 2278 2289 di-

1281 2311 1350 2363 cit
1391 2311 1776 2380 discipulorum,
1821 2311 1906 2380 qui
1947 2310 2184 2363 carnales
2223 2326 2274 2364 e·
2307 2371 2309 2373 ,

1283 2392 1416 2447 rant,
1474 2393 1526 2438 et
1581 2385 1674 2453 ipsi
1741 2384 1941 2437 Christo
1998 2385 2131 2453 apud
2189 2399 2276 2437 eos
2323 2444 2325 2446 ,

1284 2460 1536 2526 praesenti
1578 2459 1862 2511 secundum
1904 2458 2166 2512 carnalem
2204 2457 2274 2511 asi·
2323 2527 2327 2530 ⁵

1282 2535 1471 2588 fectum
1510 2533 1946 2587 adhaerebants»

1670 2706 1708 2765 ς
1747 2706 1870 2752 zm.

1404 2818 1546 2863 corpus
1569 2817 1703 2852 Christi
1731 2826 1777 2851 ex
1799 2809 2006 2853 substanssa
2029 2816 2154 2854 Matris

1618 2877 1820 2912 formatum
1845 2877 1927 2912 tuit.

1351 2973 1561 3027 Falsum
1601 2974 1807 3026 omnino
1847 2980 1944 3034 est,
1988 2972 2120 3043 quod
2148 2969 2332 3034 noni-2.

1282 3049 1406 3100 nulli
1447 3049 1691 3100 haeretici
1756 3048 2025 3107 dixerunt,
2088 3052 2290 3116 corpus*

1280 3122 1465 3175 Christi
1504 3139 1570 3174 ex
1593 3122 1798 3173 coelesti
1835 3121 2119 3174 substantia
2169 3119 2279 3173 for-'
2330 3148 2332 3151 ·

1283 3203 1496 3254 matum,
1543 3212 1630 3263 per
1658 3195 1871 3249 Mariam
1908 3202 2151 3263 tanquam
2180 3199 2279 3263 per'

1279 3269 1505 3322 fistulam
1549 3270 1809 3321 transiisse
1847 3275 1899 3320 et
1939 3267 2063 3319 nihil
2103 3283 2169 3320 ex
2207 3275 2270 3322 c&

1278 3345 1575 3412 sumpsisse.
1608 3342 1758 3395 quta
1787 3341 2072 3394 doctrinam
2097 3335 2269 3418 ᾳριῐὴοέ

1320 3470 1375 3563 iil
1397 3471 1511 3550 {9²³1ss
1521 3471 1904 3551 atreum-1
