2332 3860
0 255 131 335 *M
136 222 366 339 fidenis
395 258 545 314 labe
559 259 780 329 pollutos
818 263 945 315 fore.
977 279 1006 310 ι)

0 339 25 406 ξ’
158 325 242 392 W
275 332 643 405 conceptionis
705 337 900 390 festum
954 335 1008 388 in

2 424 26 483 ,ἴς
62 410 287 467 ‘erinnis
344 417 396 463 et
439 409 785 465 ecclesiastico
837 409 1007 464 calen-

8 483 169 550 {Uario
198 483 493 546 collocavit,
537 484 601 538 ab
640 488 882 538 universa
915 484 1013 539 Ec-

0 552 185 625 falesia
200 558 585 612 celebrandum.
608 560 803 612 Paulus
823 559 873 613 V
878 574 1011 611 anno

20 632 172 701 3616
211 634 305 687 sub
345 634 523 702 poenis
563 641 615 686 et
640 634 875 686 censuris
895 648 1014 701 gra-

6 706 275 779 'ehissime
297 709 534 761 omnibus
599 707 881 776 prohibuit,
951 723 1013 759 ne

6 771 141 854 quuis
177 781 390 836 auderet
427 784 478 835 in
523 782 734 852 publicis
761 781 1014 834 concioni·

19 857 143 920 tus,
185 855 516 920 lectionibuS,
579 856 1010 917 conclusionibuS,

18 937 83 1003 ,et
135 930 248 984 aliis
286 931 675 1001 quibuscunque
714 931 930 1001 publicis
962 946 1016 983 a·

33 1005 195 1061 ctibus
233 1021 484 1068 asserere,
539 1006 672 1076 quod
730 1005 908 1058 eadem
953 1004 1011 1058 B.

24 1076 185 1149 Nirgo
248 1081 299 1133 in
363 1088 571 1148 peccato
634 1079 867 1149 originali
923 1080 1018 1132 fuit

25 1154 297 1223 :concepta
330 1152 603 1222 Greqorius
628 1155 718 1208 XV
743 1155 1018 1212 Decretum

14 1226 176 1292 gPauii
215 1227 260 1283 V
298 1230 581 1313 ampliavit,
625 1236 675 1282 et
714 1230 945 1282 extendit
972 1244 1021 1280 e-

35 1304 158 1358 tiam
196 1302 261 1355 ad
301 1304 502 1372 privata
540 1303 794 1382 colloquia
820 1310 871 1356 et
899 1305 1020 1356 scii-

28 1383 122 1447 -pta
168 1392 304 1431 anno
362 1379 524 1431 16022.
582 1370 861 1432 Aleoeavider
934 1378 1024 1430 VII

35 1457 170 1505 ann‘o
211 1451 348 1504 1661
400 1453 670 1507 confirmat
727 1453 1023 1522 praedeces-

21 1541 211 1579 ¹·soium
250 1541 462 1583 suorum
521 1529 725 1581 decreta
775 1528 910 1580 edita
972 1529 1023 1580 in

30 1601 267 1653 favorem
306 1604 590 1655 sententiae
630 1604 928 1663 asserentis,
973 1618 1026 1654 a·

41 1675 231 1728 nimam
271 1674 331 1728 Β.
375 1676 564 1730 Mariae
604 1677 668 1731 V.
714 1680 762 1730 in
787 1678 862 1729 sui
888 1676 1028 1729 crea-

44 1749 198 1811 tione,
242 1756 293 1801 et
330 1750 381 1802 in
423 1767 607 1819 corpus
634 1752 883 1804 infusione
917 1751 1029 1820 Spi-

28 1824 172 1890 *ritus
209 1822 382 1877 Sancti
423 1828 588 1893 gratia
629 1825 889 1884 donatam,
926 1833 975 1877 et
1000 1842 1028 1876 a

44 1899 493 1968 peccatooriginali
514 1907 894 1967 praeservatam
911 1900 1029 1952 fuis-

44 1988 119 2026 se.
161 1972 437 2041 Gregorius
477 1973 595 2028 XVI
634 1977 906 2037 concessit,
977 1981 1031 2026 ut

45 2046 95 2100 in
156 2048 465 2116 praefatione
515 2049 697 2104 Missae
743 2050 806 2102 de
843 2048 1033 2102 Conce-

46 2122 219 2192 ptiohe
259 2123 547 2176 diceretur:
600 2133 643 2176 et
682 2133 723 2177 te
763 2127 816 2177 in
855 2123 1031 2176 Conce-

44 2196 206 2267 ptione
250 2196 581 2260 immaculata,
608 2206 659 2252 et
687 2199 897 2251 Litaniis
927 2200 1034 2250 lau-

49 2271 244 2323 retanis
279 2273 683 2342 adiungeretur:
717 2273 901 2342 Reyina
929 2274 1036 2326 sine

31 2344 156 2398 labe
193 2345 431 2415 oriqinali
469 2356 687 2416 concepta
729 2364 819 2400 ora
858 2354 959 2401 etc.

35 2431 60 2459 —2
126 2419 181 2472 6.
213 2419 430 2473 Concilia
458 2437 658 2491 quoque
687 2422 804 2474 huic
831 2429 1036 2474 senten-

55 2493 158 2547 tiae
187 2494 552 2559 suffragantur.
585 2494 729 2549 Cone.
763 2496 1039 2549 Basileense

40 2568 109 2621 'in
147 2567 285 2621 Sess,
327 2568 567 2632 XXXVI,
609 2586 745 2624 anno
785 2571 1041 2622 445916-

57 2641 162 2696 hita
224 2643 294 2695 ita
358 2643 580 2713 loquitur
618 2662 632 2696 ε
705 2665 731 2695 «
779 2645 1041 2698 Hactenus

60 2713 276 2769 difficilis
303 2719 532 2786 quaestio
558 2735 712 2786 super
743 2720 1041 2788 Conceptio-

60 2805 127 2842 ne
148 2790 305 2859 ipsius
326 2791 574 2859 gloriosae
593 2793 816 2863 Virginis
829 2794 1038 2855 Mariae,

59 2862 238 2918 Matris
277 2863 389 2927 Dei,
432 2872 484 2918 et
522 2869 730 2920 exordio
757 2869 1044 2921 sanctifica-

59 2938 216 2991 tionis
255 2940 364 2991 eius
390 2939 524 2993 facta
562 2948 640 2993 est
677 2948 778 2994 etc
821 2941 922 2994 Nos
973 2942 1046 2994 di-

0 3060 3 3062 .
55 2999 285 3080 {ligenter
321 3014 562 3083 inspectis
582 3017 972 3069 auctoritatibus
996 3023 1048 3070 et

0 3112 2 3159 Ξ
58 3087 366 3151 ntionibuS,
408 3105 539 3158 quae
579 3091 680 3144 iam
729 3107 760 3143 a
819 3090 1048 3160 pluribus

56 3160 217 3218 vannis
253 3178 320 3215 ex
341 3170 483 3232 parte
503 3164 767 3234 utriusque
789 3165 1049 3218 doctrinae

64 3233 321 3302 allegatae
373 3245 514 3300 sunt,
552 3238 780 3323 aliisque
819 3240 1051 3308 plurimis

695 3355 706 3366 .
763 3314 1051 3368 doctrinam

68 3321 239 3376 super
262 3309 359 3365 hac
395 3328 453 3365 re
514 3312 681 3367 visis„

71 3380 237 3435 iliam‘
248 3382 607 3448 disserentem,
650 3387 924 3456 gloriosam
981 3389 1046 3443 V.

69 3453 305 3522 Mariam,
348 3461 708 3526 praeveniente
737 3467 789 3515 et
810 3470 1052 3531 operante

33 3522 243 3599 ·'Divini
281 3529 514 3588 Numinis
555 3535 722 3604 gratia
777 3536 1049 3606 singulari,

62 3588 103 3662 ξ’

60 3668 94 3693 t·-

64 3744 67 3748 ,
91 3740 94 3747 i

104 3795 106 3797 ‚
174 3783 177 3790 ,

36 3810 45 3835 ί
108 3804 128 3834 1¹
158 3835 162 3838 .

22 3858 26 3860 ι
35 3852 43 3860 Ἴ.
101 3839 114 3850 0⁶
127 3847 129 3849 .
146 3838 154 3841 “

440 202 445 209 ·
515 186 537 228 ,’
625 175 1039 219 PARsn.smr10
1078 179 1113 218 1.
1158 172 1309 216 CAPU'!
1346 167 1414 215 IV.

1958 71 1973 102 l

1871 158 1981 212 355

1072 263 1334 330 nunquam
1361 242 1634 311 actualiter
1659 254 1982 309 subiacuisse
2002 272 2061 309 o·

1073 334 1274 404 riginali
1338 337 1567 402 peccato,
1607 328 1725 382 sed
1773 329 2058 383 immunem

1072 424 1273 478 semper
1334 407 1490 460 fuisse
1547 404 1611 458 ab
1650 404 1788 457 omni
1827 403 2058 470 originali

1074 491 1124 537 et
1162 481 1372 544 actuali,
1414 486 1748 564 sanctamque
1787 483 1839 530 et
1876 476 2058 529 imma

1074 548 1318 618 culatam,
1362 563 1622 625 tamquam
1666 554 1801 622 piam
1838 557 1890 604 et
1946 567 2062 603 con-

1074 647 1253 687 sonam
1292 598 1411 683 fidei
1451 628 1754 690 catholicae,
1787 632 1959 679 rectae
1984 641 2063 677 ra·

1078 707 1199 759 tioni
1260 711 1311 758 et
1374 704 1428 757 S.
1489 703 1823 771 Scripturae,

1078 779 1296 833 bandam
1352 780 1478 839 fore,

1079 854 1399 924 plectendam
1438 853 1711 906 definimus
1753 858 1805 904 et
1843 848 2070 903 declara-

1080 945 1211 991 mus,
1258 929 1487 998 nullique
1529 928 1592 980 de
1630 933 1836 981 caetero
1871 923 2070 978 licitum

1079 1019 1218 1067 esse,
1279 1004 1332 1055 in
1395 1003 1711 1057 contrarium
1776 998 2071 1071 praedicare

1079 1095 1169 1131 seu
1205 1046 1392 1132 'docere
1415 1097 1431 1143 3
1474 1083 1784 1131 renovantes
1806 1080 2073 1143 praeterea

1082 1154 1455 1206 institutionem
1494 1154 1558 1205 de
1596 1151 1907 1205 celebranda
1964 1149 2074 1202 eius

1885 700 2065 769 adpro-

1549 778 1823 830 tenendam
1870 782 1921 828 et
1959 789 2067 827 am·

1082 1228 1432 1296 conceptione,
1476 1244 1607 1297 quae
1647 1231 1793 1280 sexto
1833 1224 1952 1277 ldus
1993 1223 2077 1275 de-

1083 1302 1303 1355 cembris
1343 1303 1553 1371 antiqua
1594 1307 1645 1353 et
1684 1299 1928 1353 laudabili
1956 1313 2076 1350 con-

1084 1378 1352 1429 suetudine
1380 1377 1691 1429 celebratur.
1736 1395 1762 1424 n
1793 1373 2077 1427 Concilium

1086 1452 1322 1520 equidem
1359 1452 1460 1504 iam
1488 1452 1540 1503 in
1564 1449 1961 1503 conciliabulum
1993 1447 2080 1500 de-

1087 1533 1447 1594 generaverat,
1491 1526 1614 1578 dum
1654 1525 1789 1577 banc
1828 1523 2079 1576 definitio-

1092 1617 1207 1653 nem
1229 1600 1404 1660 edidit,
1430 1616 1561 1670 quae
1587 1600 1776 1652 idcirco
1802 1597 2083 1651 infallibilis

1093 1693 1189 1728 non
1231 1683 1328 1735 est,
1373 1683 1544 1727 tamen
1587 1675 1793 1727 firmum
1821 1673 1996 1726 bacin
2027 1687 2083 1724 re

1092 1751 1455 1819 Episcoporum
1519 1749 1750 1802 Basileae
1808 1762 2085 1816 congrega-

1094 1833 1259 1876 torum
1299 1841 1506 1877 sensum
1537 1829 1925 1876 commonstrat.
1958 1819 2084 1873 Con-

1092 1900 1171 1951 cil.
1245 1898 1383 1951 Tria.
1445 1898 1725 1951 solemnem
1765 1897 1972 1967 quidem
2024 1896 2087 1947 de

1095 1974 1423 2026 immaculata
1463 1973 1522 2025 B.
1548 1972 1612 2027 V.
1639 1974 1973 2041 conceptione
2002 1970 2087 2022 de-

1097 2048 1379 2101 finitionem
1420 2064 1519 2100 non
1561 2047 1738 2108 edidit,
1784 2053 1957 2100 tamen
1980 2062 2089 2099 ma-

1096 2125 1181 2190 gni
1221 2124 1467 2175 momenti
1494 2122 1895 2175 declarationem
1916 2123 1968 2174 in
1988 2123 2090 2173 fine

1097 2214 1221 2251 sess
1254 2198 1300 2252 V
1339 2198 1611 2265 apposuit:
1656 2197 1883 2250 Declarat
1928 2205 2091 2250 tamen

1099 2273 1211 2325 haee
1246 2273 1356 2343 ipsa
1394 2271 1642 2341 Quodne,
1686 2289 1782 2324 non
1821 2288 1923 2325 esse
1973 2286 2092 2323 suae

1101 2348 1406 2408 inimiciciae,
1450 2346 1848 2416 comprehendere
1895 2348 1948 2398 in
2010 2345 2094 2397 hoc

1099 2422 1315 2482 decreta,
1359 2421 1444 2473 ubi
1500 2421 1556 2473 de
1612 2428 1798 2493 peccato
1855 2419 2095 2488 originali

1099 2497 1288 2562 aqimr,
1349 2495 1555 2548 Beatam
1619 2506 1663 2547 et
1719 2494 2095 2547 Immaculatam

1113 2571 1163 2622 V.
1209 2570 1430 2624 Mariam
1482 2569 1573 2621 Dei
1634 2570 1948 2638 yenitrieem,
2014 2568 2096 2620 sed

1102 2645 1423 2698 observandas
1461 2660 1557 2696 esse
1596 2646 1960 2696 constitutiones
2023 2645 2095 2709 fe-

1105 2720 1210 2771 licis
1247 2719 1597 2772 reeordationis
1635 2717 1766 2771 Sioeci
1811 2718 1968 2787 Papae
1993 2716 2092 2778 IV,

1105 2794 1190 2846 sub
1223 2796 1394 2863 poenis
1432 2794 1486 2846 in
1524 2794 1630 2845 eius
1675 2791 2098 2845 constitutionibus

1105 2871 1335 2921 contentis
1364 2884 1488 2936 quas
1514 2869 1732 2920 innovat.
1763 2866 1956 2931 Quibus
1984 2880 2098 2919 ver-

1107 2942 1476 2996 bisConcilium
1497 2940 2101 3010 declaravit,S.Scriptu-

1110 3033 1195 3070 rae
1235 3024 1287 3070 et
1325 3017 1405 3070 Ss.
1434 3016 1644 3068 Patrum
1671 3017 1963 3069 testimonia
1993 3016 2101 3085 qui·

1109 3093 1204 3144 bus
1243 3098 1510 3160 peceatum
1551 3090 1799 3159 originale
1839 3091 1891 3144 in
1924 3105 2102 3143 omnes

1111 3166 1345 3219 homines
1384 3165 1704 3219 transfusum
1731 3181 1844 3219 esse
1886 3165 2098 3224 dicitur,

1112 3256 1212 3292 non
1241 3240 1311 3292 ita
1338 3239 1676 3308 intelligenda
1697 3256 1837 3303 esse,
1862 3246 1923 3293 ut
1948 3240 2103 3292 etiam

1113 3314 1278 3383 quoad
1317 3314 1376 3366 B.
1408 3312 1473 3368 V.
1517 3314 1733 3370 Mariam
1775 3314 2011 3384 exceptio
2038 3312 2106 3365 lo‘-

1113 3404 1231 3441 cum
1251 3387 1443 3441 habere
1469 3404 1570 3442 non
1597 3390 1756 3460 possit
1796 3387 1895 3462 (l).

1112 3518 1224 3600 &0⁰13
1233 3518 1286 3556 Cr.
1319 3518 1596 3561 Mmbrnschini
1620 3521 1713 3556 Diss.
1739 3518 1873 3565 potem
1897 3517 1943 3552 de
1955 3514 2105 3553 immae

1248 3565 1359 3601 Cone.
1383 3572 1420 3599 n.
1455 3564 1490 3609 8,
1514 3564 1567 3600 12
