2332 3860
251 127 354 180 5ἱι6

587 142 652 181 nr,
689 144 782 181 nno
822 143 954 181 rapsa
993 143 1184 182 numm
1224 144 1428 183 cananis
1465 145 1803 185 nannum-ona.

175 238 465 278 necessario
523 225 670 278 modo
725 240 770 278 a
796 225 1018 294 peccatis
1057 239 1173 294 pur·
1232 225 1361 278 Deus
1398 226 1568 280 dilexit
1606 229 1848 282 muudum
1885 227 2227 302 etc.(1)z=·⁵et

171 299 278 367 gati
316 298 380 351 ad
420 298 639 352 salutem
667 297 959 360 trahantur,
997 299 1105 352 sed
1114 306 1170 352 ut
1231 300 1437 353 ibidem·
1481 301 1577 366 Qui
1613 303 1767 356 credit
1803 302 1856 356 in
1893 303 2109 368 Filium,
2138 306 2260 360 Ita-

172 379 316 425 tanto
355 373 600 426 beneficio
657 374 793 442 digni
845 373 1164 434 reddantur,

171 447 486 500 conditiones
507 447 756 517 quasdam
775 465 804 501 a
837 448 943 500 Deo
972 449 1169 516 sapien-

170 521 364 574 tissime
404 523 746 591 praescriptas
785 522 1066 591 adimplere
1094 530 1167 575 te-

168 603 378 649 nentur.
442 595 674 649 lnfantes·
708 597 911 667 quidem
953 598 1166 651 rationis

167 686 263 723 usu
319 678 557 723 carentes
620 687 710 739 per
769 672 1078 739 baptismum
1135 689 1162 725 a

166 752 376 813 peccato
416 745 653 813 originali
712 753 998 815 purgantur
1024 787 1036 807 ,
1080 762 1163 799 ae-

165 826 468 889 ternamque
544 820 913 872 beatitudinem
987 837 1162 873 conse-

164 901 412 963 quuntur.
457 893 555 946 Sed
585 893 768 954 adulti,
811 897 1047 962 quamvis
1074 895 1162 948 Sa-

162 976 427 1021 cramenta
469 969 791 1035 baptismatis
818 977 868 1021 et
898 970 1160 1038 poeniten-

162 1043 263 1096 tiae
291 1043 355 1096 ad
385 1045 518 1111 ipsos
548 1042 896 1095 iustificandos
926 1045 1158 1097 instituta

160 1119 279 1182 sint,
320 1124 376 1170 ut
404 1117 768 1169 saluberrimos
796 1118 1158 1186 redemptionis

159 1193 356 1244 fructus
397 1192 707 1259 percipiant,
764 1208 948 1260 nempe
989 1200 1045 1246 ut
1085 1210 1159 1246 re·

158 1268 451 1318 missionem
513 1272 840 1333 peccatorum
898 1275 949 1319 et
994 1274 1157 1319 aeter—

158 1356 280 1392 nam
320 1341 688 1393 beatitudinem
738 1350 1151 1409 consequantur,

158 1416 330 1467 variae
358 1415 407 1466 in
446 1415 566 1482 ipsis
594 1415 947 1482 dispositiones
988 1417 1156 1485 requi-

156 1496 362 1541 runtur.
392 1488 561 1541 Primo
591 1491 726 1541 enim
756 1490 910 1542 fidem
939 1492 987 1541 in
1016 1490 1155 1543 Chri-

155 1571 290 1616 stum
319 1564 588 1630 concipere
617 1571 667 1615 et
702 1563 916 1615 firmiter
944 1565 1153 1617 credere

155 1638 363 1698 debent,
407 1654 537 1706 quae
566 1654 595 1690 a
626 1637 728 1690 Deo
758 1639 985 1691 revelata
1014 1648 1151 1694 sunt.

154 1712 348 1765 Deinde
388 1713 450 1764 de
493 1714 778 1780 praeteritis
831 1714 993 1782 culpis
1042 1732 1154 1782 poe·

155 1788 350 1846 nitere,
391 1788 552 1839 'vitam
593 1788 901 1848 emendare,
946 1794 997 1840 et
1035 1790 1153 1842 cba-

153 1863 390 1923 ritatem,
434 1877 524 1913 seu
564 1863 749 1914 seriam
798 1862 970 1914 divina
1013 1879 1151 1914 man-

154 1936 272 1988 data
330 1936 636 1988 observandi
692 1935 1009 1988 voluntatem
1065 1937 1150 1989 ha-

152 2010 274 2064 bere
325 2017 603 2070 tenentur,
655 2013 772 2078 quia
831 2012 1148 2065 solummodo

154 2092 363 2154 peccata
404 2085 715 2152 fugientibus
744 2092 794 2136 et
823 2086 966 2136 iuxta
1007 2086 1148 2138 Chri-

153 2159 215 2212 sti
258 2159 544 2211 doctrinam
601 2160 756 2210 vitam
807 2174 953 2211 suam
1006 2160 1147 2212 insti-

154 2234 418 2286 tuentibus
476 2233 734 2285 beatitudo
772 2239 982 2285 aeterna
1037 2251 1147 2302 pro-

153 2309 308 2360 missa
348 2314 443 2359 est.
488 2306 637 2359 Hisce
668 2309 935 2376 praecipue
975 2310 1147 2360 condi-

153 2381 376 2435 tionibus
402 2382 660 2434 actualem
682 2382 743 2434 de
765 2382 1147 2450 Redemptionis

154 2456 416 2509 effectibus
476 2458 915 2523 participationem
972 2457 1148 2522 alliga-

153 2537 255 2597 tam
285 2546 419 2592 esse,
443 2546 503 2583 ea·
531 2530 587 2583 S.
622 2531 902 2599 Scriptura,
936 2548 996 2584 ea:
1027 2533 1146 2585 Tra-

153 2606 334 2657 ditioue
375 2614 426 2658 et
451 2621 513 2657 eae
537 2607 728 2658 ratione
750 2606 1007 2675 theoloqica
1037 2624 1147 2676 pro-

157 2679 262 2732 bari
302 2685 484 2747 potest.

229 2754 281 2806 1.
302 2752 352 2806 S.
381 2753 642 2823 Scriptura
663 2761 782 2807 ante
804 2756 971 2807 omnia
995 2754 1147 2808 fidem

156 2843 206 2880 in
222 2826 478 2879 Christum
502 2830 681 2894 exigit,
702 2836 757 2881 ut
780 2846 867 2896 per
888 2829 1144 2883 Christum

156 2902 443 2954 iustificatio
466 2910 516 2954 et
536 2903 674 2955 salus
695 2911 902 2955 aeterna
926 2904 1149 2956 obtinea-

156 2984 260 3028 tur.
322 2975 539 3043 ipsemet
597 2977 801 3029 divinus
840 2978 1147 3046 Redemptor

156 3048 291 3117 apud
310 3049 547 3103 loan.ait:
569 3050 707 3104 Sicut
718 3053 903 3121 Moyses
917 3053 1147 3105 ewaltavit

157 3131 418 3191 serpentem
458 3125 511 3176 in
549 3126 760 3187 deserto,
812 3130 881 3178 ita
939 3128 1149 3179 eoealtari

158 3205 336 3266 oportet
374 3198 530 3266 silium
570 3199 817 3260 hominis,
861 3208 913 3252 ut
952 3203 1108 3253 emitis
1133 3243 1144 3263 ‚

156 3273 245 3340 qui
281 3271 430 3324 credit
469 3272 520 3323 in
561 3274 722 3342 ipsum
750 3316 761 3335 ‚
807 3291 908 3327 uon
945 3285 1144 3342 pereat,

159 3345 238 3399 sed
257 3343 423 3398 habeat
450 3345 600 3398 vitam
620 3357 883 3402 aeteruum.
916 3347 1000 3403 Sic
1021 3351 1150 3402 euim

203 3473 258 3564 (13
279 3473 490 3517 loan.3,14
512 3479 581 3511 etc.

205 3519 242 3564 (ὅ
280 3519 391 3556 Marc.
412 3499 470 3564 ὶο,
496 3518 550 3556 ιο
822 3477 873 3521 (2)
896 3478 1063 3514 [amaa.

825 3522 877 3567 (4)
902 3523 1014 3559 fleur.
1029 3523 1085 3566 11,
1108 3522 1140 3560 e.

1231 372 1300 426 bet
1339 375 1486 428 vitam
1522 384 1790 430 aeternam:
1829 379 1920 447 qui
1955 388 2119 434 autem
2149 381 2225 435 iu-

1227 449 1452 502 credulus
1490 458 1563 503 est
1597 449 1748 514 Filio,
1791 467 1886 504 non
1925 453 2102 508 videbit
2150 456 2223 508 vi·-

1229 531 1347 586 tam,
1388 524 1470 576 sed
1508 525 1588 576 ira
1614 524 1705 578 Dei
1742 534 1903 580 manet
1940 542 2086 597 super
2110 545 2222 583 eum

1229 596 1325 669 (Q)

1225 823 1381 874 etiam
1447 822 1634 875 Paulus
1710 823 1871 875 dicit.

1225 897 1514 964 impossibile
1577 905 1643 948 est
1711 898 1900 966 placere
1967 898 2061 951 Deo
2120 898 2216 971 (lt).
2289 959 2294 969 x

1224 969 1355 1038 Ergo
1395 974 1504 1024 sine
1543 970 1642 1023 fide
1697 973 1850 1023 etiam
1907 972 2216 1041 impossibile

1221 1053 1298 1097 est
1331 1046 1591 1098 iustificari
1621 1052 1673 1098 et
1698 1045 1919 1098 salutem
1949 1053 2216 1102 aeternam

1221 1122 1482 1189 consequi.
1527 1119 1677 1172 Fides
1712 1136 1835 1188 ergo
1861 1121 1912 1172 in
1954 1119 2214 1176 Christum

1221 1201 1271 1245 et
1312 1196 1362 1246 in
1403 1211 1495 1256 ea,
1539 1210 1668 1263 quae
1708 1195 1772 1246 ab
1830 1196 1937 1264 ipso
1984 1196 2214 1250 revelata

1219 1276 1377 1330 sunt,
1421 1276 1497 1321 est
1551 1270 1787 1336 primaria
1846 1269 2104 1331 conditi0,
2146 1272 2211 1323 ad

1218 1350 1335 1394 actu
1365 1343 1426 1394 de
1455 1343 1805 1396 saluberrimis
1831 1343 2211 1411 Redemptionis

1218 1418 1481 1470 effectibus
1507 1417 1931 1485 participandum.
1950 1416 2100 1471 Fides
2120 1435 2211 1471 au-

1218 1498 1319 1543 tem
1361 1492 1477 1543 talis
1517 1508 1627 1543 esse
1655 1492 1824 1553 debet,
1856 1499 1913 1544 ut
1939 1507 2055 1543 cum
2089 1493 2211 1546 eba-

1219 1568 1367 1619 ritate
1408 1567 1680 1618 coniuncta
1721 1572 1818 1627 sit,
1874 1581 2005 1634 quae
2045 1565 2210 1620 homi-

1216 1657 1331 1692 nem
1373 1641 1602 1708 impellat
1629 1640 1690 1692 ad
1734 1641 1892 1692 vitam
1932 1641 2211 1694 emendan-

1215 1715 1369 1775 dam,
1415 1716 1477 1766 ad
1519 1715 1760 1767 mandata
1817 1714 1992 1766 divina
2038 1716 2210 1768 obser-

1215 1790 1413 1851 vanda,
1459 1806 1549 1841 seu
1589 1789 1652 1841 ad
1694 1805 1844 1857 opera
1891 1789 2022 1841 bona
2061 1805 2210 1843 exer-

1213 1865 1392 1915 cenda.
1419 1864 1544 1916 Nam
1585 1864 1748 1916 lacob.
1778 1862 1839 1929 11,
1871 1863 1958 1923 17,
1991 1863 2202 1930 legitur:

1212 1938 1372 1999 Fidae,
1404 1942 1446 1989 si
1485 1954 1579 1988 uon
1607 1938 1777 1990 habent
1816 1953 1985 2005 opera,
2013 1946 2206 1991 mortua

1210 2014 1356 2064 estin
1397 2016 1665 2081 semetipsa.
1710 2011 1772 2063 Et
1812 2011 1875 2062 ad
1915 2009 2109 2064 Galam
2142 2013 2205 2064 In

1211 2085 1403 2138 Christo
1444 2088 1554 2140 Iesu
1593 2101 1745 2154 neque
1783 2085 2085 2138 circumcisio
2112 2086 2203 2139 ali-

1210 2163 1330 2227 quid
1367 2161 1510 2221 valet,
1553 2176 1703 2228 neque
1737 2161 2082 2228 praeputium,
2124 2161 2206 2214 sed

1207 2236 1340 2304 βόες,
1373 2251 1494 2302 quae
1528 2250 1615 2302 per
1650 2234 1934 2286 charitatem
1977 2241 2206 2302 operatur

1211 2308 1307 2379 (ὅ).
1355 2309 1469 2361 ldeo
1512 2310 1559 2360 in
1602 2307 1653 2360 S.
1698 2308 1961 2376 Scriptura
2001 2308 2063 2360 ad
2095 2324 2206 2376 pec-

1209 2385 1394 2435 catoris
1429 2383 1841 2434 iustificationem
1882 2398 2005 2434 vera
2038 2383 2205 2436 cordis

1209 2459 1475 2510 conversio
1502 2498 1515 2519 ‚
1566 2457 1855 2509 emendatio
1898 2457 2029 2508 vitae
2055 2497 2069 2519 ,
2112 2473 2205 2510 seu

1210 2549 1271 2584 ex
1327 2539 1462 2584 statu
1522 2531 1774 2583 immorali
1836 2533 2080 2582 transitus
2137 2531 2204 2584 ad
2267 2559 2282 2578 0

1211 2607 1453 2659 moralem
1479 2607 1772 2675 requiritur.
1802 2605 1864 2657 Et
1892 2612 2091 2657 tantum
2119 2606 2205 2658 ab·

1210 2688 1306 2742 est,
1349 2689 1404 2733 ut
1444 2697 1570 2748 opus
1599 2680 1981 2748 Redemptionis
2018 2696 2046 2731 a
2089 2695 2205 2747 poe-

1212 2757 1423 2807 nitentia
1454 2758 1665 2816 eximat,
1700 2761 1755 2807 ut
1784 2755 1947 2823 potius
1985 2754 2092 2821 ipse
2119 2753 2207 2805 ad·

1212 2838 1396 2882 ventus
1425 2830 1775 2897 Redemptorls
1821 2835 2061 2897 tanquam
2103 2843 2209 2881 mo·

1211 2906 1371 2957 tivum
1390 2905 1676 2973 poenitendi
1700 2910 2026 2971 proponatur.
2054 2901 2208 2954 Prae-

1210 2995 1387 3032 cursor
1427 2981 1563 3030 enim
1591 2978 1792 3030 Domini
1829 2977 2126 3046 praedicans
2153 2977 2206 3027 in

1211 3054 1412 3106 deserto
1442 3053 1658 3105 Iudaeae
1685 3052 1922 3105 omnibus
1956 3049 2208 3102 acclama·

1214 3129 1315 3179 bat:
1359 3125 1714 3179 Paenitentiam
1752 3126 1902 3195 aqite:
1949 3124 2209 3193 appropin-

1211 3202 1374 3269 quavit
1407 3202 1536 3253 euim
1575 3215 1782 3268 requam
1829 3198 2068 3253 coelorum
2108 3196 2207 3269 (6).

1214 3276 1325 3343 lpse
1364 3273 1616 3327 Christus:
1661 3271 2136 3344 Coepitpraedicare
2167 3278 2211 3325 et

1212 3350 1390 3403 dicere:
1415 3350 1759 3418 poenitentiam
1778 3348 1921 3418 acite,
1947 3345 2209 3419 appropin-

1260 3521 1314 3563 ιω
1337 3522 1463 3567 eata,
1486 3523 1520 3560 e.
1895 3520 1947 3566 (ei
1973 3520 2098 3556 matta.
2112 3517 2150 3564 a,
2169 3517 2202 3556 ι.

2283 342 2332 489 ἲ]

1374 597 1515 663 ·Qui
1552 599 1844 663 crediderit,
1886 609 1930 654 et
1951 601 2222 672 baptizatus
2294 641 2307 650 .,

1224 672 1376 739 fuerit
1431 673 1595 726 salvus
1644 677 1765 736 erit,
1826 677 1913 744 qui
1965 691 2073 729 vero
2123 694 2220 731 non
2294 606 2332 750 ns.

1225 748 1483 800 crediderit
1521 747 1919 802 condemnabitur
1958 748 2056 821 (3).
2088 750 2219 806 Hinc

1933 823 2050 877 Siue
2126 827 2218 895 fide
