2332 3860
926 204 1082 244 &APUT
1120 207 1168 245 V.

23 297 83 345 ut
102 303 275 345 novae
287 293 340 340 et
359 285 832 355 praestantissimae
853 285 1016 356 philo-

26 364 237 434 sophiae
280 368 394 415 tum
438 375 599 413 sanae
647 362 855 421 rationi,
906 368 1019 413 tum

26 439 233 492 divinae
268 434 589 490 Revelationi
629 435 861 502 apprime
900 450 1026 500 com

25 518 323 571 sentaneae,
369 509 676 577 praecipuus
703 516 885 562 auctor
934 525 1019 562 re-

26 586 252 639 ctissime
290 584 511 636 dicatur.
554 582 609 634 S.
645 582 946 651 Scripturae
968 589 1019 634 et

26 657 407 714 ecclesiasticae
433 656 723 708 traditionis
749 657 919 708 studio
947 657 1020 708 di-

25 733 362 803 ligentissime
384 731 709 792 incumbenS,
734 731 1021 782 doctrinam

26 807 312 859 revelatam
325 805 608 858 clarissime
624 804 922 871 explicavit,
942 820 1022 855 so-

26 880 274 934 lidissime
286 879 656 947 comprobavit,
676 885 727 931 et
741 885 919 931 contra
934 879 1023 929 ad-

26 956 377 1007 versariorum
421 954 645 1004 insultus
686 953 1022 1005 invictissime

26 1045 106 1099 pr(
123 1029 390 1098 pugnavit.
421 1026 499 1079 Ita
532 1027 687 1078 variis
718 1027 1024 1079 doctissimis

27 1103 234 1170 scriptis
252 1102 539 1154 confutavit
564 1100 897 1161 Mam'chaeos‚
925 1100 1023 1152 Do-

26 1179 258 1237 natistas,
290 1182 342 1228 et
380 1174 656 1242 Pelayimn,
701 1172 1020 1235 Caelestium,

29 1250 287 1303 Iulianum
317 1249 669 1302 Eulanensem
692 1248 1021 1316 Episcopum,

31 1340 313 1392 eorumque
336 1321 580 1375 asseclas,
603 1323 875 1374 Praeterea
891 1339 1024 1374 com-

31 1398 266 1451 mendari
317 1402 584 1449 merentur
639 1396 693 1448 S.
750 1395 1023 1463 Augustini

31 1488 187 1541 opera
245 1472 545 1538 exegetica,
590 1486 886 1530 sermones,
919 1472 1025 1537 epi-

33 1546 196 1599 stolae
218 1587 230 1606 ‚
268 1551 320 1597 et
353 1547 659 1614 praesertim
701 1545 813 1596 libri
848 1544 918 1595 Ἡ
964 1544 1027 1596 de

35 1618 257 1672 Civitate
289 1619 399 1682 Dei,
443 1620 497 1671 in
534 1620 721 1686 quibus
747 1617 1028 1670 Gentilium

34 1693 455 1761 superstitionem
505 1693 758 1751 confutat,
802 1692 1030 1743 divinam

38 1767 427 1820 Providentiam
452 1773 634 1817 contra
663 1766 834 1817 varias
862 1766 1029 1816 crimi-

37 1842 280 1894 nationes
320 1840 570 1899 vindicat,
616 1847 667 1890 et
695 1839 812 1891 fere
853 1855 1031 1890 omnes

37 1915 348 1982 Theologiae
399 1914 715 1966 christianae
762 1913 1032 1964 thesauros

39 1989 327 2057 dogmatice
355 1994 407 2040 et
434 1988 676 2040 historice
703 1987 1032 2038 consideran-

41 2064 131 2116 dos
181 2064 433 2132 proponit.
478 2092 550 2100 ——
592 2061 785 2113 Eodem
827 2057 1033 2112 saeculo

41 2153 259 2205 magnos
296 2137 530 2189 turbines
570 2137 823 2188 excitavit
862 2135 1034 2186 Nesto-

41 2212 171 2272 rius,
211 2211 350 2263 Patr.
378 2209 612 2262 CPtanus
641 2251 653 2271 ,
688 2210 774 2278 qui
815 2210 1036 2261 asseruit

45 2286 174 2337 duas
199 2300 314 2336 esse
343 2285 393 2335 in
422 2283 624 2335 Christo
667 2299 935 2350 personas,
966 2283 1038 2334 al·

44 2366 209 2412 teram
222 2359 470 2418 divinam,
490 2357 709 2409 alteram
730 2357 1032 2417 humanam,

45 2439 201 2502 atque
227 2432 342 2484 ideo
369 2432 584 2485 Mariam
625 2447 725 2483 non
764 2447 908 2498 posse
938 2431 1036 2481 dici

45 2514 266 2559 matrem
293 2506 404 2558 Dei.
449 2505 597 2557 Hanc
635 2505 871 2557 haeresin
913 2512 1039 2556 stre-

46 2597 148 2633 nue
175 2581 500 2649 impugnavit
537 2578 590 2631 S.
637 2579 853 2647 Cyrillus
890 2578 1033 2630 Aleoe.

48 2655 99 2706 in
136 2653 225 2707 lib.
271 2654 323 2705 5.
367 2654 487 2706 adv.
533 2652 754 2705 Nestorii
808 2652 1038 2720 blasphe‘

48 2731 198 2789 miaS,
215 2728 265 2779 in
295 2727 385 2779 lib.
405 2727 467 2779 de
488 2726 848 2779 Incarnatione
865 2726 1036 2787 Verbi,

50 2807 102 2853 et
130 2801 181 2852 in
208 2801 323 2853 aliis
347 2802 608 2868 operibus,
640 2799 831 2854 Contra
865 2798 1043 2852 Nesto-

50 2875 186 2926 rium
224 2874 383 2926 etiam
422 2875 738 2940 scripserunt
780 2874 1043 2925 Theodotus

50 2947 364 3018 Ancyrzinus,
396 2946 453 3000 S.
485 2947 698 3007 Proclus',
742 2947 816 2998 Io.
850 2947 1042 2999 Cassia-

51 3037 165 3083 nus,
208 3021 262 3075 S.
306 3021 514 3089 Prosper
559 3027 611 3072 et
654 3021 759 3072 alii.
811 3019 1043 3073 Nestorio

53 3094 253 3148 fortiter
272 3096 462 3147 restitit
493 3095 650 3147 etiam
676 3094 916 3161 Eutyches
944 3094 1044 3147 Ab·

11 3174 14 3180 '
53 3168 145 3221 bas
171 3168 428 3233 CPtanus3
459 3175 540 3220 ast
565 3169 617 3220 in
650 3170 940 3236 oppositum
966 3184 1044 3219 er-

55 3257 225 3296 rorem
267 3242 537 3311 prolapsus
576 3242 937 3294 haeresiarcha
976 3242 1047 3294 fa-

57 3321 171 3369 ctus
204 3323 315 3382 est3
351 3323 411 3368 ut
437 3317 576 3368 enim
615 3332 773 3369 unam
813 3317 862 3368 in
902 3315 1046 3368 Chri-

1079 300 1212 349 ram‚
1244 303 1311 342 ex
1339 287 1611 341 divinitate
1650 296 1703 342 et
1753 290 2071 350 humanitate

1080 362 1374 423 confusam,
1399 369 1712 431 quapropter
1737 366 1968 423 eiusdem
1993 385 2072 421 se-

1081 442 1306 490 ctatores
1344 436 1712 506 Monophysitae
1768 438 1891 491 dicti
1928 449 2065 494 sunt.

1081 510 1211 562 Huic
1269 511 1469 563 haeresi
1536 511 1733 563 fortiter
1791 514 1978 566 restitit
2015 514 2067 567 S.

1082 583 1176 635 Leo
1215 584 1290 638 M.
1335 585 1386 636 in
1432 583 1605 637 multis
1635 585 1823 652 Epist.;
1867 586 1929 638 ad
1957 586 2073 639 Fla-

1084 659 1223 710 vian.
1263 658 1358 725 Ep.
1393 656 1468 728 (l)
1498 659 1562 710 ad
1603 658 1879 711 Monachos
1905 659 2077 712 Palae·
2164 670 2165 675 ’

1082 732 1248 784 stinae
1271 730 1370 801 (9),
1403 732 1537 784 etad
1567 731 1789 784 Leonem
1816 732 1943 801 lmp.
1976 731 2074 804 (ὅ),

1084 811 1184 857 etc.
1247 805 1480 857 Eandem
1521 805 1756 858 haeresin
1811 808 2078 875 impugna·

1087 885 1207 931 runt
1233 878 1286 931 S.
1314 879 1486 931 Petrus
1506 878 1835 949 Clzrysoloyus
1875 881 1926 933 in
1980 881 2074 948 Ep.

1084 953 1148 1004 ad
1202 952 1450 1023 Eutych.,
1510 954 1830 1007 Theodoretus
1865 955 1916 1006 in
1957 953 2080 1007 Era-

1086 1027 1218 1078 niste
1252 1068 1264 1089 ,
1334 1034 1386 1080 et
1450 1028 1554 1081 sab.
1599 1028 1798 1081 haeret.
1845 1027 1933 1081 lib.
2002 1029 2027 1080 'i
2065 1058 2119 1090 ,-

1097 1100 1301 1168 Viqilius
1345 1100 1495 1169 Taps.
1549 1101 1583 1154 l.
1631 1102 1661 1153 ὅ
1710 1118 1757 1155 c.
1820 1101 2079 1173 Eutych.,

1087 1173 1315 1226 Leontius
1352 1175 1569 1243 Byzant.
1616 1175 1652 1227 l.
1693 1176 1726 1228 5
1765 1182 1944 1229 contra
1984 1174 2083 1228 Ne-

1087 1254 1211 1301 stor.
1243 1255 1295 1300 et
1322 1249 1545 1318 Eutych.
1580 1254 1631 1301 et
1658 1249 1764 1303 alii.
1793 1278 1863 1288 —
1888 1250 2083 1302 Eodem

1088 1322 1194 1374 fere
1224 1320 1452 1391 tempore
1501 1322 1763 1386 nonnulli,
1808 1325 2084 1392 praecipue

1090 1397 1139 1447 in
1178 1396 1345 1448 Gallia
1385 1397 1728 1458 meridionali,
1772 1397 1965 1465 Pelagii
2006 1414 2084 1449 er-

1091 1487 1230 1522 rores
1254 1487 1318 1522 ex
1343 1479 1487 1538 parte
1512 1471 1874 1533 defenderunt,
1911 1487 2085 1524 neces-

1091 1546 1294 1596 sitatem
1334 1546 1534 1611 gratiae
1579 1545 1643 1596 ad
1684 1545 1912 1598 salutare
1959 1561 2086 1613 opus

1092 1619 1460 1686 incipiendum,
1488 1626 1536 1670 et
1559 1619 1623 1670 ad
1649 1623 2085 1687 perseverantiam

1093 1692 1303 1744 finalem
1354 1699 1604 1758 negantes
1638 1734 1649 1754 ,
1702 1693 2086 1762 Semipclaqiam

1094 1767 1205 1817 ideo
1246 1767 1386 1817 dicti.
1445 1766 1678 1833 Pugnam
1733 1773 1913 1819 contra
1965 1767 2087 1819 istos

1094 1840 1195 1890 iam
1234 1856 1262 1890 a
1301 1839 1354 1891 S.
1408 1838 1684 1906 Augustino
1726 1840 1941 1892 feliciter
1976 1856 2088 1892 coe-

1079 1920 1256 1980 ptam,
1289 1913 1520 1964 eiusdem
1560 1913 1795 1980 discipuli
1823 1914 2090 1966 continua·

1098 1994 1237 2047 runt,
1273 1988 1574 2054 praesertim
1613 1986 1666 2038 S.
1711 1988 1924 2056 Prosper
1954 1987 2084 2041 ctS.

1095 2061 1409 2127 Fulqcnte'zw,
1442 2062 1590 2113 cuius
1632 2061 1826 2128 Regula
1858 2077 2010 2114 verae
2032 2062 2091 2113 fi-

1098 2137 1199 2195 dei,
1230 2151 1321 2186 seu
1352 2135 1480 2187 liber
1525 2135 1589 2187 de
1635 2134 1736 2187 fide
1775 2136 1838 2187 ad
1880 2135 2091 2188 Petrum

1099 2210 1366 2276 egregium
1413 2217 1594 2262 contra
1633 2225 1810 2261 omnes
1852 2210 2091 2261 haereses

1103 2282 1551 2351 propugnaculum
1615 2284 1713 2335 dici
1767 2291 1954 2351 potest.
2014 2283 2093 2335 Ex

1101 2357 1282 2409 eodem
1333 2374 1460 2408 aevo
1520 2357 1620 2408 alia
1674 2373 1876 2425 quoque
1934 2372 2089 2425 opera

1102 2431 1391 2485 doctrinam
1446 2430 1728 2497 Religionis
1779 2431 2092 2483 christianae

1103 2504 1413 2556 illustrantia
1431 2505 1778 2556 commendari
1801 2510 2087 2565 merentur,

1104 2585 1156 2629 ut
1179 2577 1233 2630 S.
1256 2578 1453 2629 Paulini
1472 2578 1727 2645 Epistolae
1750 2585 1802 2629 et
1824 2578 2086 2638 poemata,

1102 2651 1158 2704 S.
1188 2652 1318 2704 Petri
1340 2650 1618 2718 Chrisoloqi
1639 2652 1912 2703 Sermones
1934 2653 1996 2704 ob
2018 2651 2092 2703 in-

1103 2727 1300 2791 signem
1363 2726 1712 2793 eloquentiam
1776 2726 2035 2792 conspicui
2076 2766 2089 2785 ,

1107 2799 1390 2851 leeodoreti
1416 2798 1792 2851 Commentaria
1840 2800 1890 2850 in
1921 2798 2094 2866 plures

1106 2872 1168 2927 V.
1217 2880 1269 2925 et
1316 2873 1375 2925 N.
1410 2873 1547 2925 Test.
1582 2873 1756 2931 libros,
1798 2888 1860 2925 ac
1909 2872 2088 2924 histor.

1105 2947 1233 2999 eccl.
1263 2948 1297 2998 Ι.
1327 2948 1403 3009 5.,
1430 2945 1662 2998 Cassiani
1686 2945 2018 3007 Collationes‚
2044 2953 2095 2997 et

1115 3021 1350 3072 Vincentii
1412 3020 1692 3072 Lirinensis
1756 3019 2096 3072 Commonito-

1109 3095 1261 3147 rium.
1294 3095 1524 3162 Denique
1549 3095 1596 3146 in
1618 3094 1722 3146 fine
1749 3095 1940 3147 saeculi
1962 3094 2094 3145 sexti

1107 3169 1348 3220 inclaruit
1374 3167 1424 3220 S.
1454 3167 1721 3237 Gregorius
1743 3169 1822 3222 M.
1850 3167 2014 3236 Papa,
2033 3166 2096 3218 de

1107 3259 1206 3311 quo
1245 3243 1421 3294 scribit
1444 3242 1500 3294 S.
1537 3241 1869 3311 Il‹.leplzonsus:
1906 3261 1928 3291 «
1967 3239 2098 3292 Vicit

1108 3317 1381 3367 sanctitate
1432 3315 1715 3368 Antonium
1747 3357 1759 3376 ‚
1804 3314 2099 3383 eloquentia

4 3392 21 3442 ἶ
57 3396 138 3442 sto
186 3389 483 3443 defenderet
533 3406 835 3459 personam,
891 3406 1047 3442 unam
1108 3389 1425 3458 Cyprianum
1456 3430 1469 3451 ‚
1539 3391 1792 3459 sapientia
1856 3386 2098 3455 Augusti·

2 3483 17 3542 -ss
58 3467 262 3516 tantum
313 3463 514 3517 Christo
575 3464 847 3533 adscripsit
902 3471 1049 3517 natu·
1111 3478 1234 3515 num
1273 3462 1369 3535 (li).
1418 3483 1444 3512 »
1484 3463 1764 3532 Praecipua
1797 3462 1906 3515 eius
1943 3474 2098 3528 opera
2172 3509 2176 3513 .

0 3579 31 3632 τζ-
101 3562 156 3609 (¹)
174 3563 240 3608 EP-
263 3561 320 3607 ’θ’
344 3563 390 3599 ³¹·
415 3562 471 3600 ²4·
643 3564 695 3610 (2)
721 3565 784 3609 ΕΡ-
810 3563 887 3601 ¹24·
913 3564 958 3600 ³¹·
982 3563 1036 3601 97-
1151 3564 1206 3610 (3)
1228 3565 1291 3610 ΕΡ.
1318 3564 1383 3601 164
1401 3563 1528 3602 21165.
1632 3564 1684 3611 (4)
1709 3565 1760 3599 De
1776 3563 1846 3600 vir.
1864 3562 1996 3597 illustr.
2013 3567 2047 3596 c.
2063 3558 2088 3597 t

113 3644 273 3696 Knoll.
296 3641 629 3695 Theol.‘Doam.
651 3670 711 3681 —-
738 3645 834 3691 Vol.
873 3646 896 3687 Ῑ
1584 3639 1593 3643 ”
1930 3622 1962 3669 4

29 3748 53 3771 9...

2 3799 3 3807 ἵ
45 3787 73 3802 τ,,«
135 3799 143 3803 ,
223 3789 236 3799 a

51 3836 66 3860 ί.
