2332 3860
951 155 1108 196 onor
1143 158 1199 196 tr.

43 243 111 296 sit
132 236 610 316 snpematuraiium
650 237 932 292 veritatum
960 253 1048 292 co-

45 315 348 386 guitionem.
387 333 413 363 n
466 332 467 335 ’

455 436 494 495 9
534 435 627 483 13.

242 526 367 565 officia
387 524 607 569 Theologiae
627 524 844 568 polemicae.

121 609 266 663 Sicut
304 607 583 674 Theologia
631 607 921 673 dogmatica
961 623 1051 660 ve-

50 686 230 740 ritates
267 682 528 735 revelatas
573 681 802 750 explicat
842 688 892 734 et
934 697 1050 749 pro·

32 761 168 820 bat,
214 758 284 810 ita
323 756 603 822 Theologia
644 756 897 824 polemica
938 772 1052 807 eas·

52 834 167 885 dem
208 837 384 885 contra
426 829 758 883 adversarios
799 830 1045 890 defendit,

50 914 206 975 atque
246 921 448 957 errores
486 904 738 971 Religioni
792 905 1050 972 oppositos

51 979 261 1034 refellit.
312 979 479 1031 Huius
531 979 690 1045 igitur
747 978 1050 1046 disciplinae

52 1053 217 1107 officia
258 1059 400 1111 sunt,
445 1068 642 1105 errores
680 1050 923 1121 Reliqioni
970 1069 1052 1120 op-

46 1131 230 1198 positos
258 1136 483 1179 accurate
522 1143 822 1194 commeare,
866 1127 1051 1178 eosdem

51 1202 201 1255 solide
239 1202 516 1268 confutare,
556 1203 882 1259 obiectione&
927 1201 1052 1252 rcri-

53 1284 172 1348 tates
211 1275 508 1328 orthodoxas
534 1275 873 1344 -t‘mpuqnamcs
911 1274 1053 1341 resel-

54 1355 172 1411 lere,
208 1356 363 1418 atque
393 1350 443 1400 in
475 1351 571 1401 isto
598 1350 804 1415 negotio
837 1364 948 1400 cum
975 1365 1051 1416 op-

49 1435 263 1494 portuna
305 1423 558 1484 methodc),
603 1431 758 1491 atque
812 1439 921 1474 cnm
963 1423 1054 1474 tali

53 1498 292 1553 charitate
350 1505 394 1550 et
423 1498 700 1565 :prudentia
743 1497 1050 1565 procedere,

55 1579 113 1624 ut
152 1571 314 1638 gloria
356 1571 470 1632 Dei,
515 1579 566 1624 et
593 1573 734 1624 salus
761 1573 1053 1624 animarum

58 1652 482 1715 promoveantur.

131 1720 182 1771 t.
229 1716 364 1769 Ante
406 1718 576 1769 omnia
610 1718 884 1784 polemices
925 1720 1056 1770 inte-

59 1799 183 1853 rest,
227 1798 285 1843 ut
311 1798 689 1858 cognoscantur
716 1808 937 1853 erroreS,
969 1793 1054 1859 qui

59 1879 88 1920 a
127 1865 384 1932 Theologo
425 1865 678 1918 catholico
719 1867 1055 1933 impugnandi

59 1947 201 1993 sunt.
236 1941 448 1993 Errores
474 1946 566 1992 aut
592 1956 620 1991 a
646 1941 859 2007 privatis
887 1940 1053 1991 solum

58 2014 356 2068 hominibus
398 2022 811 2082 propugnamus,
852 2021 942 2066 aut
981 2015 1058 2065 in-

62 2096 207 2155 tegro
246 2089 452 2140 cuidam
484 2089 655 2140 coetui
698 2089 884 2157 proprii
912 2095 1052 2140 sunt.

61 2163 388 2215 Privatorum
443 2163 708 2214 hominum
750 2179 953 2215 errores
993 2178 1058 2215 ex

61 2238 288 2305 ipsorum
319 2236 511 2298 verbis,
552 2243 602 2288 et
627 2238 833 2305 scriptis
873 2253 1061 2306 cogno-

64 2317 302 2364 scuntur.
337 2310 638 2364 Cavendum
667 2319 840 2364 autem
864 2319 962 2371 est,
997 2328 1060 2363 ne

63 2401 208 2439 error
266 2386 420 2438 unius
476 2386 677 2452 integro
735 2386 944 2447 coetui,
996 2386 1058 2437 ad

64 2475 218 2528 quem
246 2459 334 2512 ille
354 2466 570 2512 externe
597 2459 780 2512 saltem
813 2460 1055 2527 pertinet,

64 2532 405 2586 adscribatur.
463 2533 639 2586 Totius
693 2535 829 2586 enim
883 2541 1060 2586 coetus

66 2623 269 2660 errores
307 2624 375 2660 ex
448 2608 666 2676 puhlicis
711 2608 830 2661 fidei
872 2609 1062 2676 profes-

67 2681 342 2744 sionibuS,
371 2698 438 2734 ex
488 2682 786 2751 symbolicis
835 2684 1063 2734 cuiusvis

69 2762 242 2807 sectae
275 2755 437 2817 tibris,
481 2764 532 2809 et
559 2773 625 2808 ex
662 2758 959 2809 auctoribus
987 2758 1064 2808 in-

8 2873 14 2879 .
73 2835 150 2881 ter
176 2845 296 2890 suos
335 2828 488 2881 claris
514 2845 576 2882 ac
602 2831 890 2898 praecipuis
924 2831 1065 2882 colli-

15 2918 19 2921 ’
70 2903 223 2970 gandi
252 2909 395 2956 sunt.
440 2897 686 2966 Quamvis
725 2911 901 2956 autem
928 2906 1065 2957 acies

73 2976 323 3045 polemica
346 2978 647 3045 praesertim
678 2985 857 3030 contra
883 2979 1066 3031 adver-

10 3095 13 3104 .
71 3051 234 3104 sarios
259 3052 541 3104 etiamnum
571 3053 856 3104 existentes
883 3059 936 3105 et
982 3069 1067 3104 ve-

73 3125 283 3177 ritatem
339 3132 460 3178 actu
522 3127 891 3194 impugnantes
949 3126 1067 3179 diri·

77 3199 245 3266 genda
284 3200 382 3264 sit3
426 3199 727 3254 nullatenus
767 3208 938 3266 tamen
989 3217 1069 3253 er-

74 3287 220 3338 rore-s
281 3272 528 3326 Veterum
599 3275 804 3327 silentio
864 3276 1069 3344 penitus

76 3347 342 3415 praeteriri
379 3355 612 3416 possunt,
643 3365 862 3417 quorum
891 3351 1069 3402 notitia

76 3419 375 3485 nongsolum
414 3421 479 3473 ad
503 3423 801 3491 requisitam
837 3425 889 3476 in
910 3423 1072 3477 Theo-

0 3530 18 3680 ἓ
76 3491 194 3562 loge
252 3494 593 3551 eruditionem
658 3498 919 3568 pertinet,
982 3499 1070 3551 sed
1211 3499 1264 3552 5.
1309 3499 1522 3554 Errores
1559 3499 1977 3555 adversariorum
2020 3498 2120 3555 iam

1109 240 1265 292 etiam
1306 239 1370 293 ad
1406 240 1743 309 intelligenda
1780 245 1968 312 scripta
2005 246 2099 305 SS‚

1110 314 1323 367 Patrum
1382 322 1435 367 et
1492 316 1702 369 decreta
1760 316 2102 375 conciliorum

1111 395 1290 441 contra
1313 387 1428 441 illos
1450 389 1666 451 directa,
1682 387 2099 448 'necessariaesh

1111 461 1200 514 His
1238 462 1471 524 accedit,
1514 465 1646 532 quod
1689 478 2101 532 saepe²erroreS‚

1112 537 1198 604 qui
1237 537 1343 588 iam
1369 539 1588 590 emortui
1625 545 1890 606 putantur,
1936 541 2106 608 repul-

1116 610 1299 670 lulent,
1332 618 1383 663 et
1410 612 1505 664 sub
1533 612 1634 664 alia
1662 619 1866 664 tantum
1894 613 2056 666 forma
2079 633 2106 666 a

1115 685 1486 737 recentioribus
1509 686 1836 739 heterodoxis
1863 688 2044 756 reprnd
2055 704 2108 740 u-

1114 765 1317 811 cantur.
1340 787 1413 798 —-
1431 757 1509 811 Ad
1533 766 1830 812 accuratam
1861 777 2008 829 porro
2032 778 2110 814 er-

1115 833 1244 885 roris
1291 833 1638 899 cognitionem
1693 836 2011 903 requiritur,
2055 842 2108 887 ut

1114 923 1195 968 ea,
1228 923 1360 976 quae
1387 907 1720 961 adversarius
1747 909 1995 971 admittit,
2028 926 2110 962 se-

1080 1041 1083 1054 *
1114 980 1235 1033 dulo
1263 990 1605 1034 secernantur
1633 984 1696 1034 ab
1724 984 1807 1044 iis,
1835 984 1886 1035 in
1928 984 2112 1052 quibus

1115 1055 1374 1108 dissentit:
1410 1057 1458 1107 in
1490 1073 1589 1124 qua
1631 1057 1949 1109 discussione
1978 1065 2110 1110 tam-

1116 1129 1200 1180 diu
1236 1130 1621 1197 procedendum
1662 1138 1760 1190 cst,
1805 1131 1969 1183 donec
1999 1148 2110 1199 per·

1118 1204 1359 1255 veniatur
1430 1205 1496 1256 ad
1552 1204 1683 1255 duas
1742 1207 2114 1274 propositiones

1118 1278 1574 1338 contradictorias,
1619 1294 1837 1345 quarum
1879 1296 1980 1332 una
2023 1296 2111 1331 ne-

1118 1359 1226 1419 gat,
1251 1351 1384 1420 quod
1414 1353 1578 1404 altera.
1600 1351 1841 1405 affirmat.
1870 1353 1944 1406 lta
1970 1355 2115 1406 iuxta

1119 1426 1325 1492 regulas
1368 1426 1560 1492 logicas
1610 1428 1908 1494 quaestionis
1956 1435 2119 1495 status

1118 1500 1493 1563 determinatur,
1526 1502 1660 1569 quod
1688 1502 1738 1552 in
1769 1502 1997 1570 qualibet
2018 1502 2117 1554 dis-

1122 1576 1386 1642 putatione
1403 1578 1629 1626 maxime
1649 1576 1998 1646 necessarium
2016 1584 2112 1636 est,

1123 1664 1184 1699 ne
1212 1649 1396 1701 inanes
1423 1650 1558 1700 ictus
1586 1650 1635 1700 in
1661 1650 2017 1701 adversarium
2049 1651 2116 1701 vi·

1123 1723 1358 1784 brentur,
1390 1730 1481 1774 aut
1524 1729 1627 1774 tota
1667 1724 2024 1775 controversia
2065 1723 2115 1775 in

1124 1811 1320 1847 meram
1361 1796 1735 1862 logomaehiam
1775 1797 2075 1864 degeneret.

1196 1870 1250 1921 2.
1295 1869 1607 1921 Heterodoxi
1657 1870 1720 1921 ad
1772 1870 2118 1923 defendendos

1123 1959 1242 1995 suos
1282 1959 1485 1995 errores
1526 1942 1670 1995 varia
1711 1952 1999 2010 congerunt
2038 1961 2118 1996 ar-

1122 2026 1390 2084 gumenta.
1443 2017 1746 2070 Abutuntur
1787 2018 1924 2070 hunc
1965 2020 2014 2070 in
2054 2018 2116 2069 fi-

1126 2108 1243 2143 nem
1282 2093 1334 2144 S.
1373 2091 1677 2159 Scripturae
1731 2093 1904 2144 verbis
1929 2134 1940 2152 ‚
1984 2108 2116 2161 quae

1124 2167 1270 2218 iuxta
1310 2167 1521 2234 genium
1561 2182 1712 2218 suum
1767 2166 2115 2234 interpretan-

1126 2248 1248 2298 tur,
1302 2247 1352 2291 et
1392 2240 1699 2308 quandoque
1740 2239 2023 2302 historicis,
2067 2242 2118 2291 et

1126 2314 1489 2383 philosophicis
1535 2315 1857 2382 argumentis
1908 2328 2116 2368 causam

1125 2404 1272 2440 suam
1332 2390 1589 2458 sustinere
1663 2394 1883 2440 tentant.
1937 2387 2116 2440 inania

1127 2463 1255 2513 haec
1306 2462 1723 2514 adversariorum
1778 2463 2048 2514 conamina
2087 2477 2117 2513 a

1126 2536 1381 2603 Theologo
1409 2537 1658 2604 polemico
1692 2536 2038 2598 retundenda,
2067 2540 2119 2587 et

1126 2612 1201 2663 sic
1228 2626 1419 2662 errores
1457 2611 1746 2678 confutandi
1772 2618 1905 2661 sunt:
1948 2617 2119 2662 osten·

1129 2685 1353 2736 dendum
1410 2700 1592 2753 nempe
1632 2691 1730 2746 est,
1773 2684 1915 2736 iuxta
1948 2691 2119 2737 rectae

1129 2760 1569 2827 interpretationis
1610 2759 1749 2824 leges
1775 2799 1788 2819 ,
1843 2766 1895 2810 et
1933 2774 2120 2811 secun·

1130 2835 1252 2885 dum
1294 2833 1484 2884 lineam
1524 2833 1832 2884 Traditionis
1880 2832 1950 2885 S.·
1980 2832 2119 2886 Scri·

1133 2914 1314 2976 pturae
1335 2907 1493 2959 ve‘rba
1510 2907 1736 2974 ipsorum
1760 2908 2019 2960 erroribus
2037 2921 2124 2959 nc·

1131 2998 1387 3050 quaquam
1413 2981 1744 3048 patrocinari,
1770 2988 1820 3032 et
1841 2981 1996 3033 falsas
2010 2995 2121 3033 esse

1132 3057 1549 3124 consequentiaS,
1575 3071 1704 3124 quas
1726 3069 1789 3107 ex
1813 3055 1915 3107 illis
1934 3054 2124 3107 inferre

1135 3136 1504 3197 praesumunt:
1556 3129 1735 3182 eodem
1792 3129 1941 3182 modo
1980 3126 2121 3182 com·

1135 3204 1523 3256 monstrandum
1552 3210 1649 3265 est,
1681 3202 1882 3256 infirma
1923 3210 1975 3257 et
2013 3204 2120 3255 ina·

1136 3278 1218 3329 nia
1245 3293 1359 3330 esse
1386 3284 1723 3345 argumenta,
1768 3293 1899 3347 quae
1938 3294 2003 3330 ex
2043 3277 2121 3329 hi·
2177 3344 2179 3346 η

1134 3352 1311 3412 storia,
1355 3358 1446 3404 aut
1484 3367 1552 3404 ex
1581 3353 1777 3404 ratione
1804 3352 1868 3405 ab
1896 3352 2020 3420 ipsis
2039 3351 2109 3403 de

1137 3426 1416 3478 ducuntur.
