2332 3860
261 95 331 149 221

190 194 327 248 rium
367 191 667 246 Daoidicum
706 199 902 245 centum
935 191 1182 259 quinqua·

191 270 330 337 qinta
371 266 698 336 psalmorum,
762 264 1046 324 Parabolae,
1091 264 1184 317 Ec·

190 342 469 403 clesiastes,
514 338 781 392 Canticum
841 337 1180 399 Canticorum,

192 415 470 485 Sapientia,
501 413 891 474 Ecclesiasticu85
904 413 1082 474 haias,
1113 412 1184 464 Ie-

193 490 375 542 remias
414 503 523 542 cum
549 486 776 548 Barnea,-
813 487 1058 545 Ezechiel,
1086 486 1183 538 Da-

193 563 313 626 niel,
356 563 606 616 duodecim
649 561 910 629 Prophetae
948 561 1180 618 minores,

194 638 246 690 id
271 646 360 696 est,
406 636 571 697 Oseas,
615 635 733 694 Ioel,
762 634 942 695 Amos,
978 633 1180 695 Abdias,

194 711 360 773 IonaS,
391 710 658 769 Michaeas,
684 709 907 769 Nahum,
933 708 1179 769 Habesne,

194 784 485 853 SophoniaS,
503 783 541 836 Α
549 800 747 852 qqaeuS,
768 783 1063 841 Zacharias,
1079 782 1187 835 Ma·

195 859 396 920 lacliias,
429 859 525 910 duo
554 857 968 911 Machabaeorum
990 858 1187 925 primus

197 941 241 985 et
279 933 539 986 secundus.
590 931 879 984 Testamenti
918 932 1027 983 novi
1066 947 1186 999 qua-

197 1016 308 1060 tuor
335 1006 622 1073 Evanqelia,
653 1006 916 1058 secundum
945 1005 1187 1058 Matthae-

198 1097 303 1141 um,
338 1082 595 1141 Marcum,
626 1079 830 1138 Lucam,
861 1087 904 1131 et
930 1079 1188 1142 Ioannem,-

195 1155 346 1208 Actus
383 1153 722 1223 Apostolorum
758 1171 790 1206 a
812 1154 942 1206 Luca
969 1154 1189 1221 Evanye·

198 1230 310 1281 lista
346 1227 631 1296 conscripti3
675 1228 1043 1295 quatuordecim
1067 1228 1191 1294 Epi-

148 1359 150 1362 ,
197 1303 345 1354 stolae
374 1303 539 1363 Pauli,
583 1302 646 1354 ad
675 1302 939 1362 Romanos,
979 1302 1101 1353 duae
1129 1303 1192 1354 ad

123 1414 130 1426 „
201 1376 501 1436 CorinthiOS,
528 1376 592 1428 ad
606 1374 830 1437 Galatas,
850 1377 912 1428 ad
934 1376 1186 1443 Ephesios,

199 1451 261 1502 ad
284 1451 633 1519 Philippenses,
651 1450 714 1502 ad
732 1450 1047 1510 Colossenses,
1069 1451 1192 1501 duae

201 1525 263 1587 ad
307 1524 776 1584 Thessalonicenses,
833 1525 955 1576 duae
1003 1524 1067 1574 ad
1109 1523 1190 1575 Ti-

198 1598 463 1660 motheum,
511 1597 578 1649 ad
620 1597 802 1656 Titum,
849 1598 914 1650 ad
957 1597 1191 1649 Philemo-

198 1688 328 1732 nem,
371 1673 436 1726 ad
476 1671 717 1724 Hebraeos
749 1691 764 1729 ,-
811 1670 939 1723 Petri
978 1671 1192 1738 Apostoli

198 1747 341 1807 tinae,
383 1746 583 1798 Ioannis
623 1743 837 1812 Apostoli
880 1753 992 1811 tres,
1031 1745 1194 1796 Iacobi

197 1818 414 1888 Apostoli
452 1835 578 1879 una,
622 1818 773 1872 Iudae
813 1817 1027 1886 Apostoli
1067 1834 1186 1879 iiiia,

197 1902 241 1946 et
269 1892 586 1962 Apocalypsis
615 1891 813 1943 Ioannis
840 1891 1084 1959 Apostoli.
1138 1891 1193 1944 Si

195 1967 311 2036 'quis
325 1977 486 2019 autem
527 1965 674 2018 libros
695 1965 821 2033 ipsos
843 1967 1054 2034 inte-oros
1082 1981 1192 2018 cum

199 2041 422 2094 omnibus
448 2039 552 2092 suis
575 2039 820 2109 partibus,
846 2047 995 2107 prout
1023 2040 1076 2091 in
1102 2040 1194 2092 Ec-

198 2115 344 2169 clesia
391 2114 632 2167 catholica
681 2114 773 2181 leqi
821 2122 1188 2175 consueverunt,

197 2197 240 2240 et
279 2190 333 2242 in
371 2188 524 2241 veteri
551 2188 747 2255 culpata
767 2188 976 2240 editione
1017 2188 1192 2240 haben-

199 2271 301 2326 tur,
337 2279 431 2332 pro
470 2262 625 2315 sacris
652 2270 695 2314 et
716 2262 963 2314 canonicis
991 2279 1086 2314 non
1112 2278 1194 2314 su·

197 2337 462 2406 sceperit.„
506 2335 766 2388 anathema
817 2337 900 2388 sit.
945 2335 1194 2389 Omnibus

199 2413 311 2464 istis
370 2410 514 2463 libris
553 2410 742 2463 divinis
800 2409 1090 2478 Theologus
1129 2410 1194 2462 ad

201 2485 322 2538 fidei
354 2485 604 2538 veritates
631 2484 1018 2552 cognoscendas
1044 2524 1058 2546 ,
1102 2500 1194 2536 ex·

204 2558 467 2627 plicandas
489 2565 542 2612 et
581 2557 871 2628 probandas
911 2559 1196 2612 rectissime

210 2633 390 2686 utitur.

277 2709 331 2759 2.
368 2707 603 2770 Quanam
643 2704 697 2759 S.
742 2704 1011 2757 Librorum
1078 2721 1195 2758 ver-

205 2781 351 2834 sione
390 2782 443 2832 in
468 2779 746 2848 Theologia
772 2778 1057 2832 theoretica
1084 2786 1199 2833 uta-

208 2870 363 2916 mur,
404 2853 689 2907 Concilium
740 2852 1097 2907 Tridentinum
1143 2854 1196 2906 in

208 2929 389 2982 eadem
414 2929 642 2982 sessione
669 2926 982 2990 declaravit,
1026 2930 1074 2980 in
1106 2928 1196 2980 ad-

207 3004 384 3056 iuncto
411 3001 619 3054 decreto
646 3003 849 3055 dicens:
892 3001 1100 3072 Insuper
1120 3018 1197 3055 ea-

198 3077 316 3129 dem
352 3086 660 3136 sacrosancta
713 3075 940 3144 Synodus
986 3077 1201 3129 conside-

209 3165 348 3212 rans,
391 3165 487 3202 non
521 3165 704 3218 parum
725 3150 956 3203 utilitatis
981 3151 1199 3204 accedere

210 3239 344 3293 posse
381 3223 628 3276 Ecclesiae
649 3223 761 3283 Dei,
803 3225 847 3275 si
885 3240 947 3277 ecc
973 3226 1200 3278 omnibus

211 3296 381 3353 latinis
417 3297 729 3358 editionibus,
773 3313 896 3365 quae
945 3299 1201 3368 circumfe-

211 3378 415 3435 ’πω-τιν,
458 3386 720 3426 sacrorum
751 3370 1010 3435 librorum,
1053 3390 1200 3443 quae·

252 3470 307 3520 (1)
327 3473 368 3510 L.
392 3472 414 3509 2
435 3474 481 3511 de
503 3473 625 3514 Verbo
648 3473 713 3510 Dei
735 3482 767 3509 c.
794 3472 850 3511 11.

631 109 953 147 lNrnoDUC'rio
991 110 1048 148 IN
1087 107 1399 146 THEOLOfflAM
1437 79 1798 145 THEOnETmAM.

1245 205 1361 242 nam
1385 204 1477 257 pro
1505 187 1784 242 authentica
1811 187 2027 242 habenda
2053 190 2142 251 sit,
2161 189 2239 243 in·

1247 271 1482 324 notescat;
1521 262 1701 315 statuit.
1718 270 1764 315 et
1790 262 2018 330 declarat,
2045 270 2101 316 ut
2126 263 2241 318 haec

1249 338 1355 405 ipsa
1395 343 1528 389 vetus
1565 344 1610 389 et
1648 338 1851 405 vulyata
1888 337 2033 390 editio
2061 379 2073 399 ,
2117 354 2240 406 quae
2312 363 2313 366 ¹

1250 412 1387 479 lonqo
1403 419 1466 463 tot
1493 409 1798 463 saeculorum
1823 426 1919 463 usu
1944 411 1999 463 in
2025 414 2132 480 ipsa
2149 412 2242 464 Ec·

1249 485 1394 538 clesia
1429 483 1758 552 probataest,
1814 484 1868 536 in
1913 484 2119 552 publicis
2172 486 2242 538 le-

1249 559 1513 620 ctionibus,
1562 558 1993 627 disputationibus,
2040 560 2241 628 praedi-

1250 632 1525 686 cationibus
1563 639 1606 684 et
1632 632 2018 700 expositionibus
2038 639 2129 701 pro
2155 650 2243 686 au-

1252 709 1460 759 thentica
1485 706 1740 770 habeatur,
1772 712 1815 758 et
1853 714 1908 759 ut
1933 722 2071 759 nemo
2099 708 2242 760 illam

1250 782 1470 843 reiicere‚
1527 781 1695 849 quovis
1742 788 1998 849 praetextu
2043 782 2239 842 audeat3
2318 798 2326 803 ⁸

1252 855 1320 908 vel
1354 863 1655 923 praesumat.
1698 853 2087 923 Sapientissime
2114 854 2244 909 haec

1252 930 1315 981 ab
1356 929 1587 982 Ecclesia
1625 935 1848 991 statuta,
1893 936 1946 982 et
1981 929 2246 983 declarata

1253 1011 1395 1066 sunt,
1439 1005 1557 1072 quia
1598 1004 1870 1071 indigitata
1896 1001 2079 1058 Versio
2118 1021 2148 1056 a
2187 1003 2240 1057 S.

1253 1077 1579 1148 Hieronymo,
1625 1078 1846 1130 Doctore
1893 1079 2242 1140 sanctissimo,

1255 1160 1306 1204 et
1348 1152 1640 1220 linguarum
1671 1152 1979 1220 peritissimo
2010 1159 2102 1205 aut
2127 1168 2247 1205 con·

1255 1227 1409 1291 fecta,
1453 1233 1545 1279 aut
1583 1227 1729 1278 iuxta
1771 1233 1973 1279 textum
2021 1226 2248 1294 origina-

1258 1300 1358 1352 lem
1382 1308 1432 1353 et
1452 1301 1740 1353 versionem
1757 1300 1827 1352 70
1843 1300 2117 1353 emendata
2130 1301 2243 1365 fuit3

1257 1376 1376 1443 quia
1415 1391 1445 1426 a
1485 1382 1716 1442 tempore
1758 1372 1991 1442 Greqorii
2027 1375 2102 1428 M.
2148 1375 2247 1427 hac

1258 1449 1365 1501 sola
1404 1450 1642 1502 versione
1681 1448 1912 1502 Ecclesia
1952 1448 2114 1501 latina
2154 1464 2248 1501 usa

1258 1530 1355 1584 est,
1399 1530 1450 1575 et
1488 1524 1607 1591 quia
1648 1522 1736 1576 illa
1777 1524 1914 1574 circa
1959 1522 2248 1575 doctrinam

1257 1597 1375 1649 fidei
1415 1604 1467 1649 et
1507 1612 1726 1650 morum
1751 1612 2015 1666 nunquam
2062 1596 2124 1648 de
2164 1613 2247 1649 er-

1258 1686 1374 1723 rore
1432 1672 1670 1723 convinci
1729 1672 1922 1739 potuit3
1975 1671 2077 1723 imo
2125 1685 2250 1724 eura

1259 1745 1406 1796 Rom.
1452 1744 1758 1796 Pontificum
1799 1745 1957 1797 etiam
1996 1745 2250 1798 amendis

1261 1819 1472 1870 minoris
1495 1820 1739 1871 momenti
1764 1825 1981 1886 purgata
2007 1820 2121 1873 fuit.
2154 1818 2251 1871 Re-

1259 1893 1486 1944 ctissime
1526 1908 1648 1961 crgo
1690 1894 1739 1944 in
1781 1892 2060 1960 Theologia
2106 1892 2252 1947 theo·

1260 1968 1419 2019 retica
1460 1969 1628 2019 versio
1686 1966 1899 2034 vulgata
1950 1967 2245 2021 adhibetur.

1258 2040 1563 2093 Nullatenus
1605 2056 1726 2094 vero
1766 2042 1830 2094 ab
1871 2041 2103 2093 Ecclesia
2132 2058 2252 2110 pro-

1260 2115 1503 2177 hibetur,
1558 2116 1680 2184 quin
1742 2115 1806 2167 ad
1840 2122 2045 2168 textum
2094 2117 2251 2185 origi-

1259 2190 1428 2242 nalem
1472 2195 1790 2242 recurratur.
1835 2188 1890 2241 ld
1920 2205 2166 2259 persaepe
2191 2207 2251 2243 u-

1261 2263 1369 2324 tile,
1387 2264 1502 2316 etin
1527 2263 1802 2330 Theologia
1826 2264 2074 2333 polemica
2086 2280 2254 2333 quan·

1261 2338 1424 2406 doque
1469 2340 1818 2391 necessarium
1861 2345 1958 2399 est,
2002 2339 2124 2391 dum
2166 2339 2256 2392 ad-

1261 2412 1476 2464 versarii
1506 2419 1707 2465 textum
1735 2412 2039 2480 originalem
2066 2412 2254 2481 vulga·

1261 2492 1344 2539 tae
1371 2502 1651 2554 opponere,
1683 2492 1823 2539 etex
1847 2485 1935 2539 illo
1965 2486 2253 2540 doctrinam

1262 2561 1569 2613 catholicam
1598 2562 1904 2629 impugnare
1925 2566 2146 2614 tentant.
2181 2561 2247 2617 V.

1261 2634 1540 2687 Bellarmin
1581 2632 1679 2705 (1),
1723 2634 1955 2687 Perrone.
2002 2632 2100 2706 (ᾖ).

1336 2709 1390 2760 5.
1417 2709 1657 2762 Normam
1686 2724 1910 2776 quoque,
1935 2724 2091 2777 quam
2119 2709 2170 2760 in
2192 2707 2267 2762 S.·.

1261 2780 1557 2851 Scripturae
1586 2782 2013 2851 interpretatione
2033 2785 2179 2852 sequi
2201 2799 2253 2836 o·

1265 2863 1450 2924 portet,
1483 2857 1711 2909 Ecclesia
1749 2857 2098 2926 praescripsit3
2130 2870 2254 2909 nam

1263 2929 1409 2983 Conc.
1477 2931 1820 2983 Tridentinum
1868 2931 1986 3001 locq
2036 2930 2126 2983 cit.
2189 2932 2255 2984 ad

1263 3005 1522 3057 coercenda
1557 3004 1830 3072 petulantia
1869 3002 2067 3072 ingenia
2089 3004 2253 3057 decer-

1264 3080 1356 3140 nit,
1389 3086 1443 3131 ut
1472 3093 1632 3139 neme,
1662 3094 1780 3130 suae
1804 3078 2092 3146 prudentiae
2118 3077 2253 3130 inni-

1261 3169 1377 3212 xuS,
1422 3153 1476 3204 in
1511 3152 1656 3204 rebus
1694 3152 1808 3222 fidei
1859 3160 1904 3203 et
1953 3152 2252 3204 morumad

1262 3225 1643 3296 aedificationem
1669 3226 1925 3278 vdoctrinae
1951 3225 2253 3278 christianae

1259 3299 1611 3369 pertinentium
1630 3298 1839 3352 Sacram
1857 3298 2166 3368 Scripturam
2187 3299 2254 3352 ad

1262 3390 1373 3428 suos
1391 3389 1561 3427 sensus
1587 3379 1925 3443 contorquens,
1949 3381 2120 3428 contra
2140 3386 2254 3428 eum

1309 3474 1364 3522 (ς)
1386 3477 1438 3512 oe
1459 3475 1530 3514 100.
1555 3472 1665 3512 theol.
1690 3475 1728 3511 P.
1754 3460 1888 3520 amp.
1915 3472 1948 3511 ι,
2162 3462 2202 3489 ω
