2332 3860
0 240 3 310 ἑ
78 255 151 311 10.
183 256 237 318 5,
267 255 358 309 55:
404 253 546 306 Pater
581 247 744 320 αιἰῑρει
782 251 988 312 Fatum,
1024 258 1067 302 ez

12 364 31 388 ’,κ
78 330 244 384 omnia
259 328 389 382 dedii
407 329 466 380 ἐπ’
481 342 634 379 manu
654 325 870 378 eiu3.10.
892 326 944 387 5,
973 324 1062 376 17:

77 404 221 457 Pater
243 417 378 455 meus
403 417 554 470 usqae
581 399 720 452 modo
747 406 998 469 operatur,
1023 405 1067 450 et

13 469 356 552 ''45²e9to'operor
390 474 488 547 (l).
531 474 777 538 Quamvis
816 489 938 542 ergo
979 472 1067 524 Pa-

75 556 156 604 ter
184 549 248 602 D.
275 549 337 602 N.
369 549 410 603 1.
448 548 633 602 Christi
672 549 724 600 in
765 547 845 600 Ss.
891 546 1065 599 Bibliis

15 614 293 694 ff'persona
329 639 429 677 non
471 622 778 692 appelletur,
822 621 952 673 tales
990 626 1064 672 ta-

22 692 40 776 -J
74 713 192 751 men
233 698 295 750 de
333 699 442 766 ipso
480 698 708 749 actiones
762 695 1064 763 praedican-

8 772 179 833 Mur,
209 787 342 840 quae
382 771 583 824 nonnisi
621 785 777 823 verae
817 784 1064 838 personae

74 845 286 900 attribui
316 851 546 914 possunt.

147 919 201 972 5.
235 920 439 972 Patrem
481 915 539 973 D'.
572 917 636 971 N.
669 916 710 970 1.
750 915 936 969 Christi
976 933 1063 969 ve·

11 996 19 1013 ’“
74 1009 188 1047 rum
229 993 395 1046 Deum
452 1009 600 1054 esse,
662 991 945 1044 clarissima
975 991 1056 1043 ‘S.

5 1079 29 1138 ζἱ
73 1066 371 1136 Scripturae
434 1067 726 1119 testimonia
790 1067 1056 1118 evincunt.

20 1163 25 1179 ⁴
74 1141 234 1205 Quem
262 1143 398 1194 enim
422 1140 654 1193 Christus
680 1139 885 1192 Patrem
910 1155 1069 1192 suum-

14 1222 26 1267 ’ἰ
73 1215 319 1284 appellat,
351 1216 572 1269 eundem
601 1222 651 1266 et
679 1229 857 1266 verum
898 1214 1063 1266 Deum

13 1318 48 1346 s„
75 1290 368 1343 confitetur:
431 1287 679 1358 Confiteor
717 1288 835 1348 tibi,
884 1288 1058 1351 Pater,

76 1363 277 1416 Domine
315 1364 431 1417 coeli
468 1371 510 1416 et
551 1371 708 1415 terrae
759 1359 835 1432 (Ω)
857 1380 872 1427 3
926 1362 1063 1415 hunc

74 1445 270 1499 autem,
300 1455 399 1491 non
424 1454 535 1490 esse
557 1437 656 1490 nisi
678 1452 859 1488 verum
879 1436 1061 1503 Deum,

74 1513 202 1564 ratio
243 1519 294 1564 et
339 1511 583 1564 revelatio
624 1512 826 1563 docent.
867 1540 940 1549 --
985 1511 1057 1564 lo.

0 1596 21 1636 ,ὲ
75 1588 128 1646 8,
163 1586 228 1636 δὴ
248 1585 479 1638 Christus
504 1586 595 1637 ait:
620 1585 708 1637 Est
728 1584 884 1636 Pater
910 1601 1062 1650 meuS,

15 1653 21 1661 ’
74 1660 161 1727 qui
185 1659 423 1730 qlorifieat
451 1675 544 1719 me,
576 1674 716 1726 quem
756 1675 839 1710 vos
876 1659 1059 1722 dicitis,

20 1781 21 1786 ,
75 1733 192 1801 quia
235 1733 360 1785 Deus
389 1741 536 1784 vester
557 1740 647 1793 θεὶς
676 1732 848 1784 ludaei
889 1741 1062 1785 autem

7 1807 34 1858 ’.
77 1807 274 1859 nonnisi
317 1822 479 1858 unum
526 1822 707 1857 verum
746 1806 944 1863 Deum,
989 1807 1064 1858 le-

11 1877 20 1898 ‘
76 1880 228 1938 hova,
250 1881 641 1949 profitebantur.
662 1879 872 1931 ltemlo.
896 1880 984 1939 17,
1004 1882 1057 1942 5,

18 1975 27 1993 ν
76 1955 138 2007 ad
163 1954 365 2007 Patrem
393 1955 633 2022 loquitur:
660 1954 790 2006 Haec
810 1961 876 2005 est
903 1962 1061 2006 (tutem

75 2030 169 2082 vita
196 2037 414 2089 aeterna,
446 2036 499 2079 ut
527 2035 808 2096 coquoscant
837 2036 877 2079 te
904 2029 1060 2080 Solam

28 2127 31 2166 χ
75 2118 236 2154 verum
269 2103 443 2164 Deam,
474 2109 516 2153 et
535 2118 675 2169 quem
701 2102 881 2154 iizisisti‘
902 2102 1062 2154 Iesu-m

73 2175 346 2228 Chr-istum.
378 2176 501 2228 Tam
542 2175 695 2227 claris
725 2176 894 2228 verbis
921 2176 1062 2228 Chri-

6 2266 36 2319 3‘
74 2258 182 2303 slus
215 2250 415 2318 publice
454 2251 770 2301 contestatus
812 2256 889 2302 est
915 2291 926 2311 ,
970 2250 1062 2303 Pa-

15 2326 30 2395 ,ζ
70 2331 204 2390 ‘trem
236 2340 387 2376 suum
416 2340 527 2375 esse
570 2340 748 2375 verum
779 2324 962 2386 Deum,
1007 2331 1063 2376 ut

0 2397 33 2458 :i
74 2398 258 2451 exinde
287 2398 620 2449 offensionem
659 2399 944 2450 incurreret
986 2397 1064 2449 lu-

0 2530 21 2534 „
73 2472 337 2538 dacorum;
374 2472 560 2540 legitur
587 2472 822 2524 euim10.
870 2472 922 2533 ὅ,
969 2472 1057 2524 18:

74 2544 330 2614 Propterea
392 2562 503 2614 erqo
566 2546 720 2613 mayis
771 2546 1062 2613 quaerebant

7 2643 26 2676 ,;
72 2634 181 2670 eum
208 2620 381 2671 Iudaei
403 2621 686 2689 interficere,
718 2621 836 2688 qaia
866 2637 960 2671 non
988 2621 1063 2672 so-

75 2692 176 2743 lum
215 2693 415 2744 solvebat
444 2693 724 2755 Sabbatum,
766 2695 847 2746 sed
885 2702 929 2745 ot
966 2695 1061 2746 l’a-

75 2774 195 2817 trem
215 2782 357 2817 ¹suam
379 2767 560 2819 dicebat
587 2767 759 2822 Deum.
787 2797 811 2808 -
836 2769 1060 2835 Apostoli

73 2838 169 2891 hoc
196 2839 329 2891 idem
369 2839 760 2910 docuerunt(5).
788 2872 809 2880 -
834 2841 1060 2894 Ecclesia

75 2915 328 2965 constanti
390 2919 440 2965 et
491 2915 769 2966 universali
818 2915 919 2966 fide
970 2915 1062 2967 Pa-

2 2989 43 3012 ·”
75 2992 205 3039 trem
246 2986 308 3039 D.
353 2986 414 3039 N.
459 2986 499 3040 I.
544 2987 727 3040 Christi
778 2995 835 3039 ut
883 3005 1063 3041 verum

0 3060 49 3156 [⁴3
74 3059 245 3113 Deum·
268 3061 554 3128 profitetur3
587 3077 705 3113 nam
732 3062 782 3113 in
818 3061 1061 3131 Symbolo

0 3129 350 3211 &apostolico
379 3136 583 3187 dicitur:
602 3135 764 3188 Credo
793 3136 843 3187 in
873 3136 1056 3197 Deum,

0 3211 31 3237 *-
75 3206 276 3262 Patrem
305 3211 728 3278 omnipotentem,
784 3208 1061 3262 Creatorem

31 3281 459 3349 ”coelietterraffi
504 3291 554 3337 et
581 3284 633 3336 in
670 3284 848 3353 Symb.
881 3285 1055 3339 Nicae.

58 3469 63 3478 .
135 3438 156 3474 1
195 3439 247 3475 Cf.
269 3441 394 3478 Manu.
421 3441 476 3484 16,
502 3441 556 3478 17.
578 3443 628 3477 lo.
653 3442 687 3484 6,
709 3441 765 3478 32.

46 3503 58 3542 ·.
116 3437 172 3572 {a}
195 3483 319 3519 maim.
343 3484 403 3532 ιιι
422 3485 478 3520 25.

63 3563 67 3569 J
133 3525 156 3561 8
193 3526 220 3562 1.
247 3531 340 3565 retr.
355 3524 390 3572 ί,
415 3529 449 3565 3.
474 3530 578 3566 Boiu.
605 3529 660 3575 13,
683 3529 716 3566 6.
742 3531 793 3566 Ιο.
820 3528 853 3575 2,
875 3529 920 3566 22
941 3535 1012 3567 etc.

615 152 617 154 ’
677 169 796 209 mus
829 142 865 208 ι’.
909 168 1075 208 siim-io
1110 169 1166 208 u.
1210 169 1363 207 caru-1·
1398 168 1456 208 u.

1938 155 2045 210 {59

1128 250 1349 304 CPtano:
1381 247 1536 302 Credo
1562 247 1616 302 in
1637 263 1794 302 unum
1823 234 1998 315 Βοιωτέ,
2030 250 2121 304 Pa·

1129 333 1249 377 trem
1288 325 1682 395 omnipotentem,
1725 323 1958 391 factorem
2005 325 2124 378 coeli

1127 406 1171 450 et
1197 407 1376 451 terrae.
1419 397 1559 450 Haec
1599 397 1876 466 propositio
1905 397 1975 450 ab
2003 397 2123 451 hae·
2209 399 2214 404 “

1130 473 1300 525 reticis
1326 472 1518 524 directe
1545 472 1848 540 impugnata
1874 487 1976 523 non
2004 471 2118 533 tuit,

1127 547 1214 598 sed
1243 547 1399 599 etiam
1427 546 1600 599 Ariani
1629 552 1681 597 et
1699 544 1958 598 Sociniani
1985 543 2123 597 Patri

1130 621 1188 672 D.
1216 619 1295 673 xN.
1339 619 1380 673 Ι.
1407 618 1594 672 Christi
1612 618 2034 688 personalitatem
2071 625 2124 672 et

1126 694 1371 748 deitatem
1399 693 1698 747 nullatenus
1737 693 2017 763 denegant.
2066 724 2075 729 -

1365 868 1760 903 Pnol‘osl'l'lo
1796 869 1870 904 11.

1535 979 1574 1037 §²
1606 980 1705 1025 m.

1124 1068 1246 1111 filim,
1273 1077 1339 1104 seu
1365 1070 1407 1103 D.
1433 1069 1472 1104 N.
1497 1069 1525 1102 1.
1563 1068 1750 1110 Christus,
1785 1067 1850 1111 qui
1885 1071 1942 1104 est
1963 1076 2123 1113 persona

1188 1130 1359 1164 distincta
1384 1137 1405 1163 a
1428 1129 1533 1164 Patre
1559 1133 1597 1164 et
1618 1127 1755 1172 Spiritu
1767 1127 1912 1172 Sancto,
1929 1133 1986 1164 est
2010 1136 2124 1165 verus

1188 1190 1296 1224 Deus.

1197 1286 1470 1350 Christus,
1518 1287 1992 1355 praestantissimus
2048 1287 2123 1339 di-

1126 1362 1276 1414 vinae
1316 1361 1668 1414 Revelationis
1708 1376 1895 1430 praeco
1934 1368 1987 1414 et
2026 1360 2123 1414 Re-

1125 1436 1329 1504 ligionis
1393 1435 1707 1488 christianae
1763 1432 1950 1487 auctor⁴
2001 1433 2119 1506 (lt),

1126 1518 1328 1578 praeter
1364 1517 1602 1563 naturam
1631 1510 1936 1571 humanam,
1968 1524 2123 1578 quam

1125 1601 1191 1636 ex
1231 1592 1396 1636 matre
1437 1585 1682 1653 sumpsit,
1722 1583 1880 1636 aliam
1918 1598 2123 1652 quoque

1125 1666 1362 1710 naturam
1404 1658 1587 1720 habet,
1632 1659 1861 1710 divinam
1901 1658 2119 1720 scilicet,
2192 1689 2196 1693 ,

1125 1734 1175 1783 in
1205 1749 1304 1801 qua
1332 1740 1410 1784 est
1438 1732 1597 1784 Filius
1638 1731 1750 1791 Dei,
1793 1747 1894 1783 non
1925 1731 2123 1798 adopti-

1127 1822 1241 1867 vus,
1285 1807 1372 1858 sed
1416 1805 1700 1866 naturalis,
1745 1804 1974 1858 secunda
2014 1804 2123 1857 Tri-

1127 1879 1301 1931 nitatis
1343 1896 1557 1947 persona
1586 1921 1597 1941 ‚
1641 1896 1670 1930 a
1711 1878 1862 1931 Patre
1901 1886 1953 1931 et
2012 1878 2124 1947 Spi-

1126 1955 1223 2005 ritu
1277 1953 1466 2006 Sancto
1515 1952 1723 2006 realiter
1776 1953 2019 2006 distincta
2073 1960 2125 2005 et

1129 2044 1280 2084 Verus
1308 2028 1464 2080 Deus.

1199 2103 1251 2154 t.
1283 2101 1424 2154 Sicut
1455 2103 1600 2153 Iesus
1638 2100 1874 2153 Christus
1914 2109 2123 2170 propter

1127 2183 1364 2228 naturam
1395 2176 1694 2237 humanam,
1726 2191 1881 2244 quam
1909 2176 1962 2228 in
1991 2183 2121 2229 tem-

1127 2267 1245 2317 pore
1274 2251 1572 2318 assumpsit,
1617 2250 1914 2318 frequenter
1941 2251 1993 2302 in
2034 2250 2115 2304 Ss.

1127 2324 1328 2376 Litteris
1368 2324 1529 2376 Filius
1583 2323 1802 2376 hominis
1855 2340 2121 2394 nuncupa-

1125 2404 1228 2459 tur,
1260 2400 1333 2450 sic
1361 2400 1516 2450 etiam
1547 2405 1753 2466 propter
1782 2405 2023 2451 naturam
2046 2400 2121 2450 di-

1127 2473 1319 2533 vinam,
1351 2488 1505 2540 quam
1534 2473 1634 2524 iam
1664 2479 1783 2524 ante
1811 2473 2118 2524 incarnatio·

1127 2540 1242 2598 nem
1272 2546 1451 2598 habuit
1480 2542 1556 2616 (5)
1597 2545 1785 2598 dicitur
1811 2545 1974 2598 Filius
2000 2546 2111 2598 Dei.

1124 2620 1315 2672 Mariae
1355 2618 1587 2686 Angelus
1626 2619 1782 2671 dixit:
1827 2619 1997 2671 Paries
2033 2619 2120 2671 Fi-

1123 2693 1264 2752 lium,
1296 2702 1340 2745 et
1369 2694 1555 2746 vocabis
1595 2709 1767 2745 nomen
1804 2693 1910 2745 eius
1934 2693 2112 2745 Iesum.

1122 2767 1217 2820 Hic
1255 2768 1349 2820 erit
1389 2782 1632 2835 magmas,
1686 2775 1729 2819 et
1768 2766 1934 2818 Filius
1971 2765 2117 2820 Attis-

1123 2843 1236 2893 sz'mi
1276 2841 1542 2895 vocabitur.
1590 2840 1807 2893 loannes
1847 2840 1994 2908 Bapt.
2039 2837 2116 2913 (6)

1126 2916 1304 2968 videns
1335 2915 1522 2977 lesum,
1567 2915 1922 2966 testimonium
1949 2915 2118 2983 perhi-
2160 2955 2163 2958 .

1126 2989 1253 3051 buit,
1285 2994 1404 3056 quia
1433 2989 1510 3040 hie
1547 2996 1614 3040 esc
1651 2987 1816 3040 Fili-as
1852 2988 1965 3040 Dei.
2010 2988 2116 3041 Hoc

1124 3062 1260 3116 idem
1302 3070 1487 3115 testata
1527 3068 1604 3113 est
1643 3061 1864 3114 mirabili
1906 3078 2115 3131 prorsus

1124 3137 1271 3188 modo
1326 3136 1401 3207 (7)
1450 3136 1648 3188 aeterni
1705 3137 1869 3188 Patris
1914 3131 2027 3190 φατ’
2061 3136 2118 3188 de

1122 3210 1265 3262 coelis
1304 3211 1485 3262 dicens:
1537 3210 1614 3261 hic
1657 3218 1727 3262 est
1775 3208 1940 3262 Filius
1984 3225 2117 3262 meas

1121 3283 1319 3336 dilectus
1358 3291 1458 3336 etc.
1485 3282 1667 3338 Matth.
1696 3284 1785 3346 16,
1821 3283 1909 3347 16,
1935 3284 2113 3338 Petrus

1181 3442 1216 3479 4)
1243 3441 1283 3477 V.
1307 3443 1375 3478 Th.
1401 3451 1483 3486 gen.
1508 3444 1544 3478 P.
1570 3443 1614 3482 11,
1640 3443 1733 3478 sect.
1759 3441 1808 3486 n,
1833 3451 1866 3478 c.
1887 3443 1923 3479 4.
1959 3440 1966 3446 ‘

1181 3481 1219 3575 ὓς
1242 3486 1283 3521 V.
1307 3487 1358 3520 Io.
1384 3485 1404 3521 1
1423 3491 1494 3522 etc.
1519 3488 1572 3522 10.
1591 3486 1626 3531 8,
1651 3486 1706 3524 56.
1729 3488 1780 3523 10.
1806 3486 1864 3529 16,
1889 3487 1934 3523 ΒΩ
1953 3492 2023 3524 etc.
