2332 3860
392 89 502 143 552

317 185 530 241 solvunt
554 191 578 249 ζ
604 187 690 257 qui
750 187 966 248 dieunt,

313 266 537 314 tantum·
560 262 777 315 innuere
804 303 816 323 ,

308 334 537 405 diei'qua
598 335 877 388 comederit
942 334 1160 385 vetitum
1205 333 1309 386 fru-

308 410 762 470 c'tumg'mortalis
810 425 909 461 seu
951 409 1100 459 morti
1144 407 1311 460 subie-

307 489 423 535 ctus
451 484 571 536 fiat.
621 484 823 549 Legunt
859 483 995 535 enim
1045 481 1302 533 Hebraei:

304 558 552 609 moriendo
603 558 863 621 morieris-3
908 558 942 608 i.
987 571 1034 607 e.
1080 556 1177 606 erit
1218 556 1303 607 tibi

304 647 440 684 mors
482 631 830 690 inevitabilis,
895 637 945 682 et
1000 629 1100 680 eris
1157 630 1303 681 morti

302 706 595 765 obnoxius,
660 712 799 757 certo
848 708 1300 773 superventurae:

302 794 455 847 quam
479 779 908 845 significationem
938 780 1106 830 inesse
1137 779 1305 829 istius-

304 853 438 905 modi
501 852 932 919 reduplicationi,
996 859 1197 903 constat
1238 869 1302 903 ex

301 925 432 978 Gen.
465 925 737 987 XXXVH,
783 927 887 987 533
935 926 1096 978 Exod.
1142 925 1296 988 XlX‚

304 999 394 1059 1‘2,
440 1000 528 1061 111,
576 1000 699 1065 Reg
747 999 810 1060 ll,
856 1000 946 1052 57.

374 1073 506 1125 Nota
562 1075 614 1127 ἱ).
680 1073 944 1140 Pelaqiani
1011 1074 1294 1134 dixerunt,

303 1155 520 1199 mortem
562 1163 681 1199 cum
723 1149 940 1199 caeteris
982 1147 1197 1198 miseriis
1228 1147 1300 1198 vi·

302 1227 383 1273 tae
422 1238 521 1275 non
564 1238 675 1273 esse
720 1238 935 1288 poenam
978 1223 1202 1289 peceati,
1248 1229 1298 1273 et

299 1294 465 1347 Adam
519 1297 825 1347 moriturum
866 1297 1050 1356 fuisse,
1096 1296 1293 1347 etiamsi

299 1376 425 1420 non‘
461 1377 745 1437 peccasset.
813 1371 1038 1421 Eandem
1091 1376 1295 1420 senten-

300 1443 419 1493 tiam
466 1449 792 1512 propugnant
831 1444 1083 1495 Sociniani
1109 1449 1160 1494 et
1205 1443 1297 1494 Ra-

296 1517 592 1578 tionalistae‚
625 1518 709 1585 qui
738 1520 980 1569 continuo
1009 1518 1292 1583 clamitant,

302 1598 519 1642 mortem
560 1598 611 1642 et
651 1591 1009 1651 infirmitates,
1056 1607 1187 1659 quae
1229 1607 1293 1642 ex

295 1666 519 1717 naturali
581 1665 802 1716 hominis
868 1666 1158 1717 conditione
1215 1682 1297 1716 εε-

296 1745 555 1806 quuntur,
603 1755 701 1790 non
748 1755 893 1807 posse
934 1740 1145 1790 effectus
1203 1755 1290 1790 seu

296 1828 484 1879 poenas
527 1815 719 1880 peccati
765 1814 881 1865 dici.
929 1814 1179 1881 Equidem
1220 1820 1292 1863 et-

295 1887 390 1936 iam
433 1885 679 1937 Catholici
722 1887 949 1937 fatentur
977 1927 988 1946 ‚
1034 1888 1292 1937 immorta-

295 1959 488 2010 litatem
513 1959 654 2011 Adae
679 1976 775 2010 non
813 1960 1032 2011 naturali
1061 1960 1288 2011 eiusdem

293 2034 564 2084 conditioni
588 2035 978 2085 adscribendam
1006 2034 1174 2099 fuisse,
1201 2036 1286 2086 sed

292 2106 497 2174 speciali
562 2107 648 2158 Dei
691 2108 957 2160 beneficio.
1009 2107 1154 2159 Tanti
1198 2125 1285 2158 au-

292 2186 396 2231 tem
450 2181 682 2232 beneficii
739 2183 954 2248 privatio
1009 2182 1289 2233 rectissime

293 2255 427 2305 inter
485 2270 671 2319 graves
710 2258 923 2324 peccati·
967 2272 1156 2323 poenas
1197 2272 1289 2307 nu-

292 2335 547 2380 meratus.

683 2476 721 2533 ς
766 2475 893 2521 ηε.

291 2569 332 2605 lt.
353 2571 630 2615 protoparentes
654 2580 719 2615 per
760 2577 953 2615 peccatum
978 2572 1094 2615 gratia
1126 2570 1290 2607 sanctifi-

330 2636 436 2666 cante
458 2632 591 2674 privati
613 2632 861 2667 incurrerunt
891 2632 983 2667 iram
1007 2637 1044 2667 et
1066 2632 1289 2675 indignatio·

333 2699 419 2725 nem
442 2691 517 2726 Dei.

366 2773 763 2837 Protoparentes
804 2788 893 2841 per
920 2774 1285 2842 gravissimum

295 2855 560 2913 peccatum
600 2863 754 2899 suum
794 2849 968 2899 statim
1012 2847 1289 2914 imaginem

293 2919 520 2972 divinam
549 2921 1018 2987 supernaturalem,
1053 2937 1143 2972 seu
1171 2938 1288 2987 gra-

293 2993 416 3044 tiam
440 2995 870 3056 sanctificantem‚
897 3011 1156 3064 perquam
1186 2995 1289 3046 Deo

294 3066 421 3127 cari,
465 3074 516 3117 et
555 3069 933 3137 supernaturali
972 3070 1288 3122 beatitudine

266 3139 434 3207 >digni
475 3148 642 3200 erant,
687 3145 990 3202 amiserunt,
1034 3158 1095 3194 ac
1135 3143 1285 3195 simul

296 3213 428 3266 iram
466 3219 518 3264 et
543 3211 951 3282 indignationem
978 3217 1089 3277 Dei,
1133 3223 1288 3285 atque

298 3293 744 3356 per‘consequens
800 3297 999 3343 reatum
1045 3297 1299 3343 aeternae.

298 3367 493 3430 poenae
532 3360 881 3415 incurrerunt.

379 3434 431 3487 l.
476 3433 817 3488 Tristissimus
855 3437 951 3489 iste
987 3437 1181 3505 peccati
1218 3437 1289 3490 ef-

722 106 785 143 m:
825 105 915 144 ouo
953 106 1006 143 {N
1046 104 1314 142 anemone
1353 103 1418 142 An
1455 96 1662 144 munuum
1700 103 1960 144 saecu-ro.
2022 146 2028 151 ,
2062 135 2067 138 .
2159 74 2163 78 ’
2194 73 2210 84 “
2243 76 2253 82 ’

1025 185 1184 238 verba
1220 175 1311 238 Dei
1373 185 1562 247 fectuS,
1606 186 1852 256 quamvis
1881 187 1933 239 in
1973 182 2159 240 Genesi

870 259 1005 331 quod
1053 259 1217 311 Adam
1259 260 1308 311 in
1373 260 1543 313 verbis
1572 275 1683 312 *non
1711 260 2021 323 declaretur,
2051 277 2117 313 ex

1372 344 1498 384 men
1527 333 1753 387 offensae
1809 335 2014 401 divinae
2056 337 2254 387 natura-⁸

1370 409 1574 475 quitur:
1605 406 1736 461 Nam
1775 409 1928 461 etiam
1958 425 2083 461 sana
2123 405 2280 462 ratio?
2316 447 2322 479 ,

1369 481 1605 547 gnoscit,
1647 481 1907 535 hominem
1958 483 2101 550 gravi
2153 491 2322 550 pec

1369 555 1733 623 inquinatum,
1794 555 1899 608 Deo
1947 551 2324 610 sanctissimo

1367 628 1644 681 iustissimo
1672 645 1847 682 carum
1872 637 1923 682 et
1949 637 2218 714 acceptum

1370 719 1465 754 non
1511 719 1676 771 posse,
1709 704 1796 756 sed
1839 703 2030 756 huius
2019 720 2149 755 iram
2189 694 2328 778 εἰῇ

1365 777 1716 843 dignationem
1747 779 1950 830 mereri.
1995 777 2101 831 Hoc
2141 767 2316 832 idem

1363 850 1628 917 Scriptura
1669 853 1824 904 variis
1863 852 1914 903 in
1957 851 2080 904 locis
2120 859 2325 905 testat

1365 924 1445 976 Ρε.
1494 925 1555 986 V,
1601 927 1633 977 6
1674 933 1775 978 etc.
1822 926 2028 990 legitur:
2073 925 2187 978 Non
2226 915 2332 982 habi?

1363 998 1483 1050 tabit
1523 1000 1664 1052 iuoeta
1694 1008 1735 1051 te
1761 999 2038 1066 malimus,
2069 1015 2223 1068 neque
2240 1000 2332 1070 pe?

1361 1073 1621 1125 manebunt
1663 1074 1836 1125 iniusti
1877 1082 1988 1125 ante
2027 1073 2185 1126 oculos
2225 1075 2328 1126 tuo&

1361 1145 1519 1198 Odisti
1557 1164 1717 1199 cinnes
1756 1148 1842 1215 qui
1881 1154 2144 1216 operantur
2171 1148 2332 1216 iniqui

1361 1228 1519 1271 tatem.
1567 1222 1685 1288 Sap.
1731 1221 1868 1281 XlV,
1903 1223 1955 1272 9:
1987 1220 2332 1275 Similiterodt'i

1357 1302 1472 1345 sunt
1511 1295 1608 1346 Deo
1648 1296 1845 1363 ἰηιρίιιε,
1896 1303 1939 1346 et
1978 1295 2197 1362 impietas
2224 1298 2329 1348 eius

1362 1367 1502 1419 Rom.
1551 1369 1589 1428 l,
1638 1369 1724 1420 48:
1770 1367 2031 1421 Revelatnr
2056 1369 2135 1420 ira
2182 1368 2271 1421 Dei
2297 1369 2332 1422 (ᾗ

1357 1442 1479 1493 coelo
1507 1459 1651 1510 super
1671 1459 1856 1494 omnem
1887 1444 2178 1510 impietatem
2205 1450 2248 1494 et
2274 1443 2332 1496 in·

1358 1516 1599 1567 ‘iustitiam
1624 1517 1897 1569 hominnm.
1931 1516 2166 1569 Ostendit
2192 1517 2332 1570 etiati

1359 1590 1632 1655 Apostolus
1657 1591 1747 1658 Ep.
1781 1591 1843 1642 ad
1873 1590 1988 1642 Cor.
2024 1588 2099 1660 (l)
2128 1591 2332 1655 gratian

1356 1663 1763 1716 sanctificantem
1801 1665 1950 1716 simul
1982 1679 2098 1716 cum
2141 1671 2332 1733 peccati

1356 1739 1636 1790 consistere
1678 1755 1775 1790 non
1822 1754 2007 1806 posse3
2051 1739 2122 1790 ait
2166 1738 2332 1802 enimss'i

1355 1811 1485 1874 ραι-ιε
1509 1814 1818 1879 participat-io
1857 1812 2072 1864 iustitiae
2111 1827 2219 1864 cum
2247 1812 2332 1865 ini⁴²

1354 1888 1553 1952 quitate,
1586 1895 1670 1938 aut
1697 1903 1824 1954 quae
1850 1888 2047 1938 societas
2075 1886 2172 1937 luci
2197 1887 2260 1938 ad
2288 1887 2332 1939 lei

1335 1956 1549 2011 ὲπρὸναεὲ
1589 1968 1638 2012 et
1684 1961 1807 2029 rjph.
1854 1959 1940 2021 lv,
1973 1961 2063 2020 ΕΜ,
2107 1959 2215 2012 Col.
2262 1958 2332 2012 lll,

1358 2035 1442 2092 10,
1487 2034 1934 2099 supernaturalem
1970 2034 2245 2099 imaginem
2267 2034 2332 2086 di:

1357 2108 1526 2159 vinam
1553 2109 1800 2176 perditam
1824 2109 1978 2160 fuisse
2001 2109 2168 2169 docet,
2199 2109 2332 2160 iuxta

1352 2197 1504 2249 quam
1547 2185 1740 2249 primus
1780 2183 1930 2234 homo
1968 2181 2204 2233 conditus
2241 2179 2332 2234 fue·

1355 2263 1450 2306 rat.
1497 2256 1658 2308 Adam
1718 2263 1891 2308 autem
1947 2257 2040 2308 hoc
2090 2255 2332 2308 excellen·

1355 2330 1606 2381 tissimum
1647 2331 1837 2382 donum
1870 2346 1958 2397 per
1998 2337 2264 2398 peccatum
2290 2327 2332 2381 az

1355 2406 1560 2454 mittens
1602 2406 1815 2457 incurrit
1855 2405 2007 2457 etiam
2037 2405 2164 2455 iram
2193 2409 2243 2455 et
2271 2403 2332 2454 in·

1352 2478 1700 2542 dignationem
1742 2478 1828 2530 Dei
1857 2519 1869 2539 ‚
1918 2493 1978 2529 ac
2018 2480 2216 2529 reatum
2258 2479 2332 2530 ‹ae-³

1354 2559 1527 2602 ternae
1571 2568 1797 2619 poenae,
1856 2550 1988 2620 quod
2046 2555 2184 2619 patet
2233 2550 2332 2603 tum

1351 2641 1416 2676 ex
1457 2625 1580 2676 loeis
1619 2625 1672 2677 S.
1718 2625 2034 2692 Scripturae‚
2080 2626 2128 2676 in
2158 2625 2332 2694 quibus

1352 2700 1400 2750 in
1442 2715 1631 2764 genere
1674 2699 2027 2768 peccatoribus
2069 2697 2226 2768 poena
2257 2708 2332 2750 ae'-

1354 2780 1497 2824 terna
1539 2774 1859 2833 intentatur,
1907 2772 2015 2825 tuin
2066 2773 2142 2824 ex'
2173 2770 2332 2836 verbis]

1350 2846 1402 2898 S.
1450 2847 1611 2907 Pauli,
1657 2848 1740 2916 qui
1771 2847 1820 2899 in
1851 2848 2017 2914 specie
2045 2846 2107 2899 de
2137 2851 2332 2914 peccate

1354 2921 1531 2972 Adami
1577 2921 1789 2990 loquens
1817 2921 1936 2972 dicit
1965 2920 2110 2972 Rom.
2150 2918 2213 2980 V,
2249 2919 2332 2971 46⁴:

1355 2993 1596 3046 Indicium
1636 3011 1698 3048 ex
1750 3011 1846 3047 uno
1892 2995 1946 3047 in
1988 2993 2332 3046 condemnatio·

1350 3085 1478 3130 nem,
1523 3069 1655 3153 quod
1697 3071 1746 3120 in
1801 3064 2332 3137 sequentibus''versi⁴

1350 3143 1480 3193 cutis
1520 3143 1683 3208 magis
1723 3139 2076 3204 confirmatur}
2120 3138 2160 3191 si
2201 3140 2332 3192 enim

1351 3215 1401 3266 in
1433 3222 1659 3294 posteros
1687 3216 1815 3294 haec
1842 3214 2199 3268 condemnatio
2226 3213 2332 3282 'pro-²

1353 3294 1535 3356 pagata
1576 3296 1691 3351 est,
1729 3289 1916 3341 multo
1959 3288 2132 3355 magis
2170 3284 2332 3356 ipsunt

1350 3364 1543 3432 peccati
1573 3370 1835 3415 auctorem
1857 3359 2113 3431 attingere
2139 3360 2332 3414 debuit.'·

1393 3462 1516 3507 (nn,
1541 3462 1618 3499 cm.
1645 3460 1679 3507 a,
1705 3462 1757 3499 ιι.

2274 3710 2332 3860 ἕψε-μ’
2291 3638 2326 3662 't
2295 3616 2297 3618 ·
