2332 3860
31 158 465 241 &fosipientis'sima
509 147 639 217 haec
693 160 785 215 Dei
825 152 1140 248 ‘gubernatio

23 226 106 324 ξ
152 259 232 298 ex·
257 245 451 298 attenta
479 236 655 292 mundi
686 235 886 304 physici
914 237 1141 292 conside-

35 330 38 331 γ
67 316 98 358 ῖς..

55 415 105 440 ὴὲ,

148 316 347 371 ratione
385 310 532 366 facile
569 310 914 378 cognoscitur.
969 311 1023 364 Si
1074 312 1138 365 ad

149 395 287 444 astra
303 386 480 441 oculos
505 383 834 446 extollamus,
858 399 1137 454 eorumque

71 468 92 487 '‘
146 466 620 522 motum,n'aturam
657 465 710 512 et
735 458 947 510 effectus
973 461 1139 511 eonsi-

147 535 422 598 deremuS,
481 534 606 586 satis
661 532 937 600 conspicua
993 533 1137 586 nobis

147 609 376 664 redditur
431 607 834 676 omnipotentia,
886 606 1134 673 sapientia

146 690 199 738 et
235 683 435 736 bonitas
471 681 597 743 Dei,
638 681 726 748 qui
775 679 946 731 statuit
987 696 1043 732 ea
1083 682 1136 733 in

145 765 414 816 aeternum,
442 762 487 808 et
523 756 577 807 in
627 753 875 806 saeculum
926 754 1129 815 saeculi,

142 838 449 902 praeceptum
463 829 647 898 posuit,
671 835 714 880 et
740 843 836 880 non
852 828 1135 896 praeteribit

70 898 103 905 w
143 902 240 976 (l).
302 904 408 959 Aut
462 904 576 972 quis
633 900 874 955 coelestia
921 916 1131 971 corpora

83 975 86 979 ’
142 995 242 1032 non
285 979 518 1039 miretur,
548 992 679 1046 quae
719 975 839 1028 licet
866 974 998 1028 mole
1026 992 1134 1028 ma-

69 1059 79 1066 ”
141 1054 282 1107 xima
319 1053 443 1113 sint,
486 1050 760 1103 nilominus
787 1050 875 1101 tali
904 1056 1026 1102 sunt
1052 1068 1134 1102 or-

57 1176 65 1179 ,
141 1127 258 1180 dine
291 1126 551 1196 disposita,
583 1131 638 1177 ut
665 1140 826 1176 unum
866 1123 1013 1176 alteri
1043 1126 1133 1176 im-

83 1219 86 1224 ·
139 1201 427 1270 pedimento
466 1216 578 1253 esse
618 1214 717 1250 non
748 1197 924 1265 possit!
955 1196 1125 1251 Certe:

138 1273 271 1328 Coeli
288 1282 527 1328 enarrant
550 1272 759 1342 ylariam
782 1271 891 1329 Dei,
917 1279 960 1322 el
986 1288 1130 1340 opera

136 1364 377 1403 manuam
422 1350 527 1402 eius
578 1347 799 1400 enuntiat
849 1347 1130 1414 firmamen-

50 1467 59 1471 -
136 1431 257 1476 tum.
294 1423 345 1477 Si
386 1423 451 1476 ad
492 1421 746 1487 tellurem,
787 1436 940 1489 quain
984 1421 1126 1473 inba-

55 1519 67 1528 -·
135 1497 382 1557 bitamus,
425 1497 600 1550 oculos
638 1501 1016 1561 convertamuS,
1056 1502 1126 1547 tot

135 1577 377 1641 tantaque
436 1572 487 1623 in
545 1587 605 1623 ea
654 1576 884 1637 portenta
926 1571 1127 1636 conspi-

133 1647 360 1706 ciuntur,
385 1653 441 1697 ut
466 1646 608 1712 copia
631 1652 682 1696 et
709 1645 958 1694 varietate
988 1659 1126 1695 men·

76 1723 81 1731 *
134 1726 235 1772 tem
299 1720 662 1789 propemodum
716 1717 955 1768 obruant.
1010 1717 1124 1768 Suf-

132 1793 269 1847 ficiat
309 1795 547 1863 primaria
588 1792 842 1844 elementa
894 1792 1122 1842 conside-

59 1896 62 1900 ·
132 1884 277 1930 rare,
319 1885 450 1938 quae
489 1884 588 1937 quo
632 1867 792 1932 magis
833 1868 1117 1916 necessaria

128 1951 274 2002 sunt,
317 1960 376 1995 eo
411 1943 588 1995 majori
647 1940 853 1992 solertia
918 1955 1123 1990 conser-

131 2026 339 2079 vantur,
364 2025 415 2070 et
444 2016 606 2069 utfini
646 2031 738 2066 suo
779 2014 1113 2074 satisfaciant,

128 2083 502 2157 gubernantur.
555 2120 630 2129 —
669 2088 891 2140 Maxime
945 2098 1117 2139 autem

124 2165 367 2218 'admirari
426 2166 671 2221 debemus
716 2163 962 2223 modum,
1019 2178 1116 2230 quo

69 2295 75 2299 ,
126 2237 265 2291 Deus
305 2241 451 2291 bruta
502 2238 781 2291 animantia
825 2251 911 2303 per
977 2239 1115 2286 ,stin-

125 2321 241 2365 ctus
277 2314 547 2381 gubernat.
574 2311 817 2374 Quamvis
849 2310 983 2360 enim
1012 2313 1117 2391 ani-

125 2388 279 2439 malia
336 2390 531 2440 ratione
570 2391 819 2444 careant,
862 2391 913 2435 et
951 2399 1114 2435 scien-

75 2467 78 2470 ’
125 2461 195 2513 tia
234 2469 286 2514 et
324 2462 535 2514 consilio
586 2476 683 2511 non
727 2464 974 2518 utantur,
1020 2460 1111 2508 mi-

123 2535 298 2588 rabilis
334 2543 504 2588 tamen
546 2541 624 2587 est
659 2534 710 2586 in
754 2531 1006 2599 plerisque
1033 2548 1113 2583 so-

123 2606 269 2661 lertia
295 2616 347 2662 et
372 2611 620 2662 industria
661 2608 710 2659 in
754 2605 855 2658 vita
899 2605 1107 2667 tuenda,

123 2682 176 2735 in
223 2684 540 2752 procurando
587 2680 806 2749 pabul0,
852 2680 901 2730 in
957 2695 1113 2747 quae-

48 2751 58 2815 '7
122 2758 296 2810 rendis
363 2765 453 2810 aut
522 2754 828 2808 fabricandis
888 2753 1111 2805 latibulis

91 2847 184 2885 vac
236 2831 404 2890 nidis,
447 2831 498 2882 in
553 2828 807 2881 evitandis
847 2827 1104 2893 periculis,

79 2907 174 2971 sin
221 2903 586 2974 persequendis
641 2909 692 2954 et
738 2900 1005 2967 captandis
1052 2917 1105 2951 a·

57 3042 61 3044 ,
91 3022 94 3026 .
120 2977 220 3033 liis.
251 2980 391 3043 Quae
418 2977 624 3048 quidem
657 2975 729 3027 uti
761 2975 869 3027 sine
908 2989 1107 3056 summa

80 3055 317 3114 „ratione
374 3060 426 3105 et
479 3049 752 3104 excellenti
816 3048 1103 3114 sapientia,

49 3119 67 3192 ἶ
93 3141 250 3197 [quae
290 3127 430 3180 nulla
482 3125 605 3193 ipsis
649 3124 812 3183 inest,
856 3121 966 3173 fieri
1008 3137 1106 3173 non

46 3198 70 3259 ζ
118 3208 352 3270 possunt,
383 3199 684 3270 praesertim
733 3203 836 3249 tam
876 3202 1017 3247 certo
1057 3201 1108 3246 et

44 3312 56 3337 .·
94 3270 453 3339 'constanter3
521 3274 591 3325 ita
657 3285 955 3338 supremum
994 3284 1116 3337 esse-

87 3347 342 3402 ‘elamant
403 3346 776 3406 moderatorem
837 3343 1060 3412 aliquem
1087 3382 1100 3403 ‚

159 3447 211 3494 (²)
238 3449 302 3485 Pu.-
317 3446 396 3492 2485
416 3447 451 3484 B.

253 3531 564 3582 caeteraeve.
597 3534 748 3581 doom-
796 3548 823 3560 ³
858 3526 952 3571 Vot.
977 3523 1014 3569 1.

775 79 893 127 mas
927 81 983 119 n.
1035 81 1202 122 sumo
1239 83 1293 122 tt.
1337 83 1492 123 CAPUT
1528 84 1566 122 Ι.

1202 164 1348 222 euius
1385 165 1451 218 ad
1489 164 1695 234 singula
1733 181 1968 239 quaeque
2011 174 2200 240 guber.

1203 238 1371 292 nanda
1429 245 1483 292 et
1538 240 1807 310 ‘dirigenda
1857 243 1938 297 vis
1994 253 2047 299 et
2086 244 2200 318 pro.

1201 312 1426 366 videntia
1454 315 1741 382 pertineat„

1273 386 1327 440 5.
1394 386 1645 442 Mundum
1710 389 1962 445 moralem
2011 395 2201 448 consti-

1202 466 1354 513 tuunt
1375 462 1512 514 entia
1539 462 1808 516 intellectu
1842 471 1903 518 et.
1927 465 2087 518 libera
2118 485 2202 522 vo-

1201 532 1398 588 luntate
1438 535 1688 603 praedita,
1731 536 1912 606 quales
1951 539 2073 593 Sunt
2100 539 2202 594 An-

1198 607 1299 674 geli
1345 614 1396 661 et
1434 608 1685 663 homineS.
1749 609 2065 666 Gubernatio
2121 615 2198 668 di-

1199 682 1339 744 vina,
1382 698 1514 750 quae
1553 684 1690 736 circa
1718 685 1944 752 Angelos
1972 693 2082 740 tum
2111 689 2199 742 bo-

1198 769 1310 817 n08‚
1331 762 1441 808 tum
1464 756 1624 810 malos
1644 758 1886 820 obtinuit,
1911 761 2012 814 iam
2035 763 2199 827 expli-

1196 836 1309 881 cata
1331 837 1408 882 est
1430 830 1566 883 Sect.
1595 830 1634 893 l,
1660 847 1775 901 cap.
1794 832 1848 898 53
1881 833 1963 887 hic
1990 835 2054 888 de
2074 836 2199 890 solis

1196 901 1487 957 hominibus
1514 921 1683 959 sermo
1711 914 1808 973 est.
1843 907 2076 962 Dubitari
2104 926 2197 963 au·

1197 983 1299 1028 tem
1340 994 1441 1030 non
1505 987 1705 1047 potest,
1763 981 1897 1050 quod
1961 982 2195 1038 homines

1194 1052 1346 1104 etiam
1375 1053 1542 1120 quoad
1569 1061 1716 1107 actus
1743 1071 1863 1107 suos
1904 1055 2091 1111 liberos
2117 1059 2195 1111 di-

1195 1125 1343 1178 vinae
1396 1128 1597 1180 subsint
1654 1129 2036 1195 gubernationi.
2089 1131 2193 1186 Sed

1193 1198 1550 1253 difficillimum
1611 1202 1837 1270 profecto
1883 1211 1960 1256 est
2025 1206 2194 1275 expli-

1191 1288 1309 1325 care
1360 1275 1568 1328 modum
1595 1316 1608 1337 ,
1652 1293 1752 1345 quo
1788 1277 1923 1330 Deus
1971 1279 2020 1331 in
2064 1280 2192 1333 libe·

1193 1362 1275 1398 ras
1312 1347 1531 1401 hominis
1573 1351 1801 1404 actiones
1847 1351 2034 1414 influit,
2085 1370 2194 1409 eas-

1190 1436 1287 1488 que
1329 1423 1605 1489 gubernat3
1648 1431 1700 1477 et
1737 1426 1778 1477 si
1818 1427 2105 1493 generatim
2138 1446 2192 1482 o-

1191 1496 1477 1561 perationes
1519 1499 1724 1550 divinae
1762 1516 1790 1551 a
1848 1509 2019 1554 mente
2061 1502 2191 1556 limi·

1192 1576 1294 1621 tata
1362 1571 1583 1637 perfecte
1650 1575 2016 1641 comprehendi
2088 1593 2189 1630 non

1190 1652 1438 1708 possunt,
1484 1646 1530 1696 id
1576 1648 1848 1715 praecipue
1906 1649 1969 1701 de
2010 1650 2189 1705 divina

1186 1718 1382 1770 entium
1409 1718 1681 1771 liberorum
1705 1722 2078 1786 gubernatione
2106 1734 2189 1779 est

1185 1790 1479 1844 dicendum.
1552 1793 1744 1846 Tamen
1801 1798 2011 1850 omnino
2075 1815 2184 1852 cer-

1187 1871 1293 1916 tum
1334 1873 1443 1926 est,
1490 1866 1748 1920 bominem
1803 1871 1852 1922 in
1894 1873 2186 1927 actionibus

1182 1940 1286 1989 suis
1331 1939 1547 1993 liberum
1590 1959 1722 2003 esse,
1768 1952 1820 1997 et
1858 1945 2064 2013 quidem
2096 1948 2185 2001 im·

1183 2028 1390 2066 munem
1432 2032 1530 2067 non
1574 2018 1738 2070 solum
1791 2035 1821 2071 a
1880 2021 2180 2085 coactione,

1181 2088 1267 2138 sed
1298 2091 1451 2140 etiam
1492 2107 1521 2141 a
1565 2093 1810 2159 principio
1854 2093 2056 2147 interno
2098 2112 2182 2149 ne·

1181 2165 1486 2223 cessitante,
1530 2180 1592 2215 ac
1652 2182 1772 2219 vera
1827 2167 2064 2222 libertate
2104 2171 2182 2222 in-

1179 2235 1494 2288 differentiae
1523 2239 1765 2302 gaudere.
1785 2241 1845 2293 Et
1873 2251 2072 2294 certum
2096 2261 2179 2312 pa·

1181 2312 1301 2360 riter
1341 2318 1438 2371 est,
1470 2314 1636 2363 omnia
1670 2314 1873 2366 divinae
1906 2319 2179 2383 providen-

1180 2384 1277 2434 tiae
1318 2386 1566 2446 subesse,
1628 2403 1717 2438 seu
1759 2390 1932 2441 omnia
1989 2407 2020 2442 a
2069 2390 2177 2445 Deo

1176 2459 1468 2510 conservari
1511 2466 1562 2511 et
1588 2461 1886 2527 gubernari.
1930 2462 2058 2516 Cum
2080 2482 2176 2518 au-

1177 2535 1278 2582 tem
1340 2534 1530 2585 veritas
1591 2537 1793 2587 veritati
1848 2538 2032 2604 opponi
2088 2555 2175 2592 ne·

1175 2613 1328 2672 queat
1354 2646 1367 2667 ‚
1411 2609 1574 2659 amice
1615 2609 1786 2661 divina
1846 2610 2174 2665 Providentia

1174 2695 1291 2730 cum
1334 2680 1558 2732 bumana
1617 2682 1850 2735 libertate
1897 2686 2168 2749 consistit,

1173 2759 1223 2804 et
1262 2755 1325 2806 ob
1366 2755 1706 2821 ignorantiam
1751 2758 1906 2820 modi,
1950 2775 2040 2812 seu
2083 2777 2172 2814 ne·

1174 2843 1270 2878 xus
1310 2829 1571 2881 intrinseci
1615 2837 1852 2883 neutram
1882 2848 1949 2885 ex
1979 2836 2170 2887 verita-

1175 2901 1307 2952 tibus
1348 2903 1501 2954 certis
1562 2919 1750 2970 negare
1791 2904 1931 2959 licet.
1981 2905 2170 2970 Quam-

1175 2975 1249 3024 vis
1290 2991 1411 3027 vero
1451 2992 1612 3027 nexus
1665 2978 1759 3030 iste
1785 3019 1798 3040 ‚
1841 2995 1932 3033 seu
1985 2983 2168 3034 modus

1174 3047 1393 3112 perfecte
1464 3050 1713 3117 explicari
1788 3069 1889 3106 non
1966 3057 2162 3123 possit,

1173 3120 1332 3173 multa
1373 3130 1541 3175 tamen
1586 3122 1680 3176 hac
1709 3124 1772 3177 de
1812 3143 1866 3179 re
1908 3144 1997 3197 per
2036 3128 2166 3182 divi·

1170 3210 1286 3246 nam
1328 3196 1695 3250 revelationem
1723 3199 1989 3267 patefacta
2017 3210 2160 3264 sunt,

1168 3284 1298 3335 quae
1337 3275 1534 3323 attente
1591 3272 1976 3328 considerantes
2014 3276 2163 3328 facile

1169 3342 1502 3409 perspicimus
1541 3344 1593 3396 in
1635 3346 1743 3413 ipsa
1792 3347 2056 3402 hominum
2099 3348 2158 3401 li-

1166 3415 1406 3468 berorum
1469 3418 1842 3485 gubernatione
1906 3421 2157 3475 infinitam

1978 3525 2035 3573 26
