2332 3860
696 140 815 181 PARS
851 141 887 178 ¹.
931 139 1100 182 suc'rto
1137 141 1190 182 11.
1235 141 1385 183 CAPUT
1423 142 1477 180 11.

1937 129 2042 185 {69

82 191 547 291 novationeunitas
568 228 786 276 naturae
822 223 877 278 in
916 221 1067 277 Patre
1127 223 1283 277 Hebr.
1328 222 1440 286 527
1469 223 1658 279 dicitur
1683 221 1890 278 humiles
1928 228 2120 294 fudisse

82 314 152 368 θη,
194 295 336 366 Filio.
398 298 461 353 Et
523 298 604 354 sic,
647 296 942 350 huiusmodi
1005 295 1060 350 S.
1121 313 1309 367 preces,
1333 297 1465 357 Phil.
1497 298 1553 372 2,
1595 297 1967 362 8„obedievis,l
1999 300 2115 356 Cor.

81 379 370 447 Scriptus-ae
435 371 759 428 intellectum
837 370 1067 440 synodus

81 451 331 522 exposuit,
374 453 431 499 ut
471 462 561 515 per
598 445 652 499 S.
695 445 958 500 Hilarium
987 443 1064 517 (1)

78 531 233 603 Patet
257 542 284 573 ι)
312 552 384 563 -
423 519 478 573 Id
518 520 652 589 quod
676 518 894 573 Ioannes
917 520 1063 573 dicit:

79 592 187 668 aulo
210 613 283 653 me
321 596 477 664 factus
517 602 605 656 est,
651 611 752 647 non
782 593 1060 661 significat,

80 674 335 731 Christum
394 669 700 738 productum
761 684 875 722 esse
946 674 1066 720 ante

77 738 340 811 loannem,
381 745 472 796 sed
528 743 706 797 Ioanni
754 741 1062 813 praelatum,

22 859 26 862 <
80 829 130 877 et
185 820 530 887 antepositum
570 818 754 882 fuisse3
822 817 950 869 haec
990 823 1067 869 est

0 895 1 898 ’
45 922 50 929 ·
79 897 131 950 S.
160 894 427 954 Ambrosii,
469 892 523 946 S.
568 890 906 959 Chrysoslomi
934 897 985 943 et
1013 907 1065 943 a·

80 970 262 1024 liorum
304 967 513 1020 Patrum
565 967 861 1035 explicatio,
911 980 1064 1034 quam

25 1076 29 1079 -
80 1043 345 1098 confirmat
372 1048 665 1102 contextuS‚
692 1042 809 1110 quia
850 1039 1067 1092 loannes

54 1117 408 1188 praelationis
456 1132 665 1169 causam
706 1116 934 1181 assignat
974 1115 1067 1166 im-

60 1192 298 1258 mediate
337 1190 591 1244 addendo:
648 1192 764 1258 quia
810 1190 953 1256 prior
994 1204 1068 1240 me

79 1274 201 1328 erat,
241 1265 435 1318 scilicet
460 1272 671 1317 aeterna
711 1263 1062 1331 generatione.

80 1341 217 1404 Quae
256 1339 373 1392 Act.
419 1339 473 1400 9,
536 1338 605 1390 56
648 1338 889 1406 leguntur
922 1378 934 1398 ‚
1004 1337 1067 1389 ad

83 1413 268 1468 Christi
335 1413 709 1465 humanitatem
785 1418 1020 1480 spectant
1054 1453 1064 1471 ,

83 1505 212 1557 quae
252 1504 281 1540 a
320 1486 426 1539 Deo
466 1487 621 1548 sacta,
677 1493 728 1539 et
782 1503 872 1554 per
930 1486 1070 1538 unio-

7 1581 14 1586 *
81 1579 198 1615 nem
229 1562 604 1630 hypostaticam
644 1562 809 1627 gratia
838 1568 887 1613 et
908 1561 1070 1626 gloria

81 1636 276 1704 repleta
317 1642 412 1687 est.
437 1665 501 1674 -—-
550 1635 603 1688 Si
632 1634 864 1686 Christus
886 1635 1071 1686 dicitur

80 1710 430 1780 primwenitus
450 1711 611 1762 omnis
651 1717 924 1770 creaturae,
970 1724 1068 1762 non

56 1790 160 1837 'est
197 1799 409 1843 sensus,
452 1784 587 1851 quod
629 1784 691 1835 sit
715 1791 1071 1837 creaturarum

84 1860 246 1927 prima
279 1897 291 1918 ‚
334 1857 422 1909 sed
462 1857 595 1925 quod
635 1858 838 1924 genitus
879 1858 943 1909 sit
981 1874 1073 1910 an-

7 1992 29 2015 f
85 1938 288 2000 tequam
318 1930 465 1983 fieret
503 1931 608 1983 ulla
657 1938 914 1995 creatura3
958 1932 1071 1984 ideo

85 2005 273 2059 Paulus
309 2005 498 2058 ibidem
519 2005 680 2058 addit:
726 2008 776 2058 in
815 2007 916 2074 ipso
967 2023 1073 2059 con—

86 2081 189 2137 dita
216 2087 331 2134 sunl
358 2080 680 2133 universa...
720 2081 820 2146 ipse
858 2088 925 2132 esc
964 2090 1074 2133 ante

88 2170 251 2207 omnes
307 2161 407 2205 etc.
454 2155 685 2223 Denique
724 2154 881 2207 Hebr.
928 2155 980 2215 1,
1041 2158 1071 2206 5

89 2227 323 2281 Christus
362 2244 463 2280 non
507 2229 672 2281 factus
710 2236 801 2281 aut
841 2236 1067 2290 creatuS‚

89 2303 176 2355 sed
201 2318 289 2370 per
308 2303 470 2371 ipsam
497 2310 760 2356 aeternam
790 2304 1074 2371 generatio-

46 2418 62 2425 „
93 2392 209 2429 nem
250 2392 403 2445 super
424 2392 602 2430 omnes
628 2376 855 2445 Angelos
883 2379 1071 2429 consti-

91 2456 232 2504 tutus
269 2458 322 2503 et
342 2450 629 2504 declaratus
677 2452 882 2504 dicitur.
926 2452 1076 2503 Hunc

94 2539 204 2578 esse
242 2541 449 2578 sensum
477 2525 726 2594 Apostoli,
758 2526 1075 2578 demonstrat

92 2600 220 2652 ratio
246 2615 396 2667 quam
426 2600 574 2653 affert
615 2601 808 2652 dicens:
840 2602 919 2652 cui
946 2601 1076 2652 euim

94 2673 218 2725 dimit
245 2673 504 2741 aliquando
536 2673 852 2742 Anqelorum:
913 2675 1075 2726 Filius

93 2761 227 2804 meus
266 2762 312 2797 es
353 2755 423 2806 tu,
469 2763 552 2814 eqo
591 2748 726 2800 hodie
754 2749 902 2816 qenai
933 2748 1002 2801 te?

168 2818 274 2872 obi.
306 2820 386 2872 7⁸.
431 2818 629 2874 Christo
669 2823 1078 2889 imperfectiones

96 2895 411 2956 tribuuntur,
442 2910 572 2962 quae
598 2895 650 2946 in
690 2911 868 2952 veram
896 2897 1078 2954 divini-

67 2998 70 3001 >
97 2974 253 3022 tatem
294 2983 396 3020 non
425 2969 634 3020 cadunt.
666 2968 751 3021 Sic
801 2969 873 3022 lo.
926 2970 978 3032 5,
1011 2970 1078 3022 19

31 3039 43 3043 ’
69 3099 73 3101 Δ
95 3042 201 3109 ipse
241 3043 449 3102 fatetur,
481 3058 533 3094 se
571 3058 602 3094 a
626 3044 776 3112 seipso
814 3060 911 3095 non
947 3060 1081 3113 posse

55 3116 363 3183 .qm'clquam
408 3116 586 3182 facere;
642 3116 802 3170 Marc.
850 3118 939 3179 15,
985 3119 1098 3180 52,

99 3189 291 3256 iquorat
341 3189 467 3242 diem
519 3190 716 3252 iudicii}
757 3190 829 3253 lo.
875 3192 965 3254 14,
1010 3193 1083 3261 285

98 3262 189 3314 ait:
205 3259 354 3316 Pater
373 3264 534 3316 maior
558 3279 632 3317 me
653 3272 726 3317 esc
735 3282 752 3330 3
776 3265 849 3319 10.
871 3266 960 3328 10,
988 3267 1077 3330 18,

99 3349 129 3386 a
180 3333 330 3415 Patre
383 3353 437 3390 se
476 3338 762 3393 mandalum
823 3341 1075 3420 accepisse.

30 3495 45 3512 „
145 3462 198 3553 sip)
214 3434 305 3502 ’Lim
321 3467 366 3502 ae
387 3467 522 3511 synod.

219 3507 270 3545 16.
295 3501 351 3554 12,
373 3510 431 3550 40.

120 3684 127 3699 ,

825 3512 878 3561 (a)
900 3517 950 3553 10.
969 3516 1001 3559 5,
1025 3515 1081 3553 20.

1131 374 1220 434 15,
1246 372 1336 432 28,
1360 372 1603 427 subiectus
1628 371 1723 436 illi,
1754 372 1842 442 qui
1867 380 1935 426 est
1955 376 2119 429 omnia

1128 447 1181 499 in
1218 447 1458 500 omnihus.
1780 475 1786 498 i
1890 472 1893 478 ι

1202 520 1344 589 Hesp.
1388 520 1516 584 Quia
1564 519 1771 574 Verbum
1798 537 1912 576 caro
1937 522 2122 589 factum

1128 603 1214 656 est,
1283 595 1395 648 ideo
1451 596 1503 647 in
1563 593 1766 648 Christo
1828 603 1950 649 sunt
1989 597 2121 651 duae

1130 676 1367 732 naturae,
1410 668 1586 721 divina
1613 675 1665 722 et
1705 669 1949 724 humana.
1993 670 2122 734 Quia

1130 744 1327 811 inipso
1392 750 1470 795 est
1520 750 1707 795 natura
1747 744 1944 808 divina,
2009 744 2123 799 ideo

1130 817 1224 885 ipsi
1266 823 1566 886 competunt
1615 818 1866 871 attributa
1905 819 2079 872 divina
2106 861 2119 882 ,

1131 897 1186 943 ut
1237 908 1291 943 n.
1349 893 1382 943 Ξ
1435 899 1701 945 ostensum
1764 893 1879 947 fuit.
1923 893 2019 949 Ast
2069 894 2122 946 in

1130 964 1330 1018 Christo
1364 973 1444 1019 cst
1482 967 1639 1018 etiam
1678 973 1865 1020 natura
1894 967 2123 1020 humana

1130 1039 1293 1101 finita,
1337 1048 1532 1102 creata,
1564 1047 1616 1093 et
1662 1041 1950 1095 secundum
1989 1041 2124 1095 hanc

1132 1122 1368 1167 naturam
1423 1115 1609 1167 dicitur
1662 1116 1924 1177 infirmus,
1978 1116 2125 1183 igno-

1131 1205 1272 1252 ranS‚
1307 1189 1454 1242 Patre
1495 1190 1681 1251 minor,
1713 1189 1922 1242 humilis
1948 1206 2124 1259 preca-

1133 1270 1230 1324 tor,
1277 1264 1539 1325 obediem,
1572 1265 1856 1324 subiectus,
1901 1271 1954 1317 et
1992 1281 2124 1333 quae

1132 1344 1254 1390 sunt
1295 1337 1373 1389 his
1414 1338 1620 1390 similia.
1665 1338 1733 1390 Et
1770 1339 2035 1407 quoniam,
2067 1346 2126 1392 ut

1133 1412 1345 1463 inferius
1368 1412 1690 1473 ostendetur,
1723 1413 1774 1464 in
1802 1428 1905 1465 una
1933 1412 2125 1466 Christi

1133 1502 1346 1553 persona
1389 1487 1522 1540 duae
1563 1493 1779 1539 naturae
1827 1487 2126 1540 inconfusae

1134 1568 1575 1628 permanserunt,
1630 1560 1743 1613 ideo
1807 1562 1942 1613 sicut
1980 1562 2125 1614 attri-

1133 1635 1254 1687 buta
1286 1636 1571 1688 divinitatis
1610 1650 1712 1686 non
1756 1635 1942 1687 tollunt
1980 1636 2126 1688 attri-

1134 1709 1256 1762 buta
1306 1709 1566 1762 humanae
1608 1715 1846 1770 naturae,
1889 1710 1963 1761 sic
2028 1710 2127 1762 ista

1136 1799 1228 1835 nec
1248 1781 1522 1853 lenierunt,
1566 1799 1662 1835 nec
1701 1784 1942 1840 minuunt
1980 1785 2127 1837 attri-

1133 1859 1255 1910 buta
1297 1858 1502 1909 divinae
1543 1863 1780 1909 naturae.
2137 1869 2139 1871 ’

1209 1930 1311 1983 obi.
1341 1931 1420 1984 8³.
1464 1930 1574 1984 Non
1621 1930 1786 1984 solum
1833 1930 1998 2000 quoad
2036 1947 2128 1984 na-

1135 2012 1303 2059 turam
1326 2006 1628 2068 humanam,
1662 2006 1750 2058 sed
1780 2007 1935 2059 etiam
1962 2006 2130 2074 quoad

1134 2079 1288 2131 aliam
1346 2087 1619 2141 naturam,
1682 2096 1838 2149 quam
1891 2080 2129 2134 catholici

1134 2152 1334 2206 Christo
1358 2156 1609 2216 tribuunt,
1635 2154 1768 2207 hica
1806 2154 1914 2210 Deo
1953 2154 2130 2208 distin-

1134 2229 1328 2297 guitur3
1355 2230 1540 2282 dicitur
1570 2229 1706 2281 enim
1733 2229 1804 2282 Io.
1842 2230 1891 2291 1,
1927 2230 1980 2280 l:
2014 2229 2129 2282 Ver-

1137 2303 1247 2354 bum
1274 2313 1379 2355 erat
1419 2304 1548 2372 apud
1586 2303 1790 2367 Deum3
1835 2310 1886 2356 et
1926 2303 1967 2355 ll
2009 2302 2126 2356 Cor.

1138 2378 1190 2437 lt,
1226 2378 1277 2437 li,
1304 2385 1519 2430 vocatur
1560 2379 1719 2446 imayo
1750 2378 1857 2430 Dei.
1883 2407 1951 2416 --
1975 2376 2131 2431 Porro

1137 2452 1322 2503 dicitur
1377 2452 1448 2521 (Q)
1503 2452 1631 2504 milti
1679 2467 1708 2503 a
1752 2450 1944 2512 Patre,
2001 2457 2053 2503 et
2102 2467 2130 2503 a

1139 2525 1288 2577 Patre
1346 2525 1536 2578 hahere
1595 2526 1863 2578 scientiam
1907 2521 2023 2596 (5),
2081 2531 2133 2578 et

1137 2601 1287 2652 ‘vitam
1307 2601 1360 2651 in
1381 2600 1636 2668 semetipso
1659 2598 1756 2670 (li).
1779 2628 1854 2638 —
1872 2598 2006 2651 Hinc
2025 2600 2134 2667 ipse

1138 2673 1371 2726 Christus
1422 2681 1605 2741 negat,
1652 2690 1709 2726 se
1746 2689 1928 2727 verum
1967 2672 2134 2726 Deum

1139 2765 1270 2810 esse,
1302 2748 1425 2800 dum
1465 2748 1536 2800 10.
1564 2748 1653 2809 10,
1680 2748 1750 2800 54
1789 2747 1888 2800 sibi
1911 2747 2135 2815 applicat

1141 2823 1295 2875 verba
1320 2822 1621 2875 Psalmistae
1641 2821 1738 2892 (5):
1768 2821 1874 2890 Eyo
1912 2822 2021 2876 dimi
2049 2821 2135 2874 Dii

1139 2899 1280 2958 estis,
1326 2903 1384 2949 ut
1423 2896 1661 2949 ostendat
1718 2910 1794 2958 se,
1838 2902 1898 2948 ut
1934 2895 2134 2949 ludices

1141 2971 1418 3039 improprio
1434 2977 1634 3023 tantum
1651 2986 1806 3023 sensu
1828 2968 1992 3024 Deum
2009 2971 2128 3023 dici.

1216 3045 1361 3114 Hesp.
1408 3045 1537 3097 Loca
1566 3044 1724 3097 allata
1765 3044 2031 3099 doctrinae
2051 3061 2134 3097 ca-

1143 3118 1363 3172 tholicae
1424 3134 1526 3171 non
1593 3119 1937 3172 adversantur
1964 3159 1976 3181 ,
2045 3118 2134 3172 sed

1144 3208 1258 3245 eam
1300 3193 1629 3257 confirmant3
1693 3192 1820 3247 haec
1860 3194 1996 3246 enim
2033 3198 2136 3245 tra-

1144 3266 1236 3327 dit,
1264 3266 1450 3320 Filium
1479 3266 1645 3336 quoad
1673 3268 1950 3323 essentiam
1973 3282 2135 3319 unum

1143 3355 1256 3393 esse
1296 3356 1414 3393 oum
1471 3340 1643 3407 Patre,
1687 3341 1854 3415 quoad
1894 3356 2134 3414 persona-

1189 3470 1242 3561 ta
1263 3470 1412 3569 effi-..t-
