2332 3860
284 151 391 205 552
406 167 408 170 ’

210 255 262 302 et
287 248 542 318 passione,
574 265 729 320 quam
758 250 986 320 pertulit,
1016 253 1200 317 sanati,

209 339 300 376 seu
339 326 535 392 gratiae
575 325 782 378 divinae
835 328 1057 380 restituti
1120 345 1204 380 su·

209 414 338 451 mus.
382 428 455 438 —
491 398 667 468 Neque
708 399 998 454 vulneratio
1038 407 1090 454 et
1127 410 1202 455 at-

207 473 344 526 tritio
382 471 597 526 Messiae
637 472 729 527 soli
771 476 996 528 malitiae
1024 492 1202 530 eorum

205 548 292 617 qui
332 563 451 600 eum
491 555 610 601 actu
650 550 1052 612 cruciaverunt,
1112 552 1199 603 sed

203 637 327 675 vere
366 625 594 675 omnium
634 622 901 676 hominum
965 625 1201 694 iniquita-

203 696 340 749 tibus
405 703 456 749 et
520 696 801 750 sceleribus
866 698 1200 752 adscribenda

204 777 309 835 est3
353 786 471 823 nam
512 772 585 824 ait
624 772 875 856 Propheta
940 773 1095 826 ibid.:
1138 772 1199 831 O·

202 860 340 897 mnes
377 861 468 898 nos
524 847 667 914 quasi
730 862 839 899 oves
903 850 1194 908 erravimuS,

202 921 536 989 unusquisque
577 921 628 973 in
668 921 798 972 viam
859 936 1000 974 suam
1063 922 1200 976 decli-

202 994 356 1056 navit,
399 1003 442 1046 et
476 995 640 1063 posuit
679 995 922 1061 Dominus
960 996 1015 1049 in
1051 1013 1104 1050 eo
1160 997 1199 1049 i-

200 1068 492 1136 niquitatem
534 1066 591 1139 (i.
636 1085 685 1123 e.
729 1085 920 1138 poenas
959 1087 1050 1139 pro
1085 1087 1198 1140 pec-

201 1142 330 1195 catis
395 1141 622 1212 debitas)
693 1145 914 1196 omnium
976 1154 1196 1198 nostrum

205 1214 303 1286 (1).
349 1214 467 1268 Ideo
505 1224 700 1280 autem,
745 1220 862 1287 quia
903 1220 995 1287 ipsi
1037 1221 1194 1289 impo-

205 1291 302 1342 sita
342 1297 463 1343 sunt
504 1300 714 1359 peccata
773 1292 1038 1345 bominum
1064 1335 1077 1356 ,
1140 1302 1196 1347 ut

201 1364 290 1416 illa
331 1366 503 1433 expiet
543 1372 594 1418 et
632 1365 855 1430 aboleat,
899 1367 1085 1420 oblatus
1105 1377 1190 1430 est,

197 1438 316 1507 quia
356 1440 455 1507 ipse
494 1439 675 1503 voluit,
737 1447 780 1492 et
842 1459 941 1494 non
1005 1444 1195 1511 aperuit

196 1529 248 1564 os
285 1529 470 1565 suum.-
510 1514 634 1567 siout
673 1516 775 1567 ovis
813 1516 877 1568 ad
914 1517 1194 1569 occisionem

197 1587 417 1647 ducetur,
460 1595 503 1640 et
542 1590 684 1657 quasi
722 1606 876 1658 aqnus
904 1607 1068 1643 coram
1097 1602 1195 1643 ton·

199 1662 332 1714 dente
372 1678 420 1715 se
458 1662 760 1726 obmutescet,
803 1673 846 1717 et
885 1682 982 1717 non
1009 1666 1194 1735 aperiet

202 1752 252 1787 os
274 1752 419 1789 suum
447 1737 545 1807 (Ξ).
572 1738 765 1801 Quibus
807 1740 975 1793 verbis
1014 1741 1193 1793 claris-

196 1811 326 1863 sime
364 1813 637 1874 asseritur,
676 1812 914 1867 Messiam
979 1815 1041 1868 ob
1106 1816 1195 1867 im—

196 1886 359 1953 posita
391 1886 494 1958 sibi
535 1895 744 1955 peccata
808 1887 967 1941 libere
1008 1896 1193 1942 semet-

195 1960 363 2028 ipsum
427 1961 478 2012 in
533 1961 842 2014 sacrificium
902 1963 1189 2016 oblaturum

197 2050 331 2096 esse,
381 2040 431 2087 et
494 2035 700 2105 quidem
764 2037 817 2088 in
883 2038 1190 2091 sacrificium

197 2115 492 2171 cruentum,
536 2111 654 2179 quia
693 2110 817 2163 sicut
854 2112 955 2164 ovis
994 2113 1057 2165 ad
1113 2129 1187 2166 oc*

198 2183 428 2236 cisionem
467 2183 689 2237 ducetur.

273 2257 327 2310 2.
372 2256 606 2311 Christus
671 2260 778 2327 ipse
843 2259 1013 2328 palam
1077 2278 1189 2331 pro·

197 2331 363 2388 fessus
403 2339 501 2394 est,
546 2349 600 2385 se
641 2340 861 2386 mortem
899 2335 1188 2389 subiturum

199 2422 331 2469 esse,
387 2413 445 2459 ut
508 2406 742 2460 homines
807 2409 1080 2472 redimeret,
1140 2411 1188 2463 id

200 2488 299 2544 est,
336 2480 503 2534 soluto
543 2484 705 2550 pretio
743 2499 773 2535 a
814 2484 1018 2537 miseria
1067 2484 1190 2538 libe-

196 2562 354 2610 raret.
393 2553 478 2608 Ait
518 2557 656 2609 enim
696 2557 829 2626 apud
870 2557 1078 2611 Manu:
1110 2559 1191 2612 Fi-

199 2629 299 2683 tius
344 2629 553 2683 hominis
589 2647 686 2684 non
724 2632 851 2684 venit
886 2633 1185 2696 ministrari,

198 2704 278 2756 sed
316 2705 633 2766 ministrare,
695 2714 738 2758 et
795 2706 911 2758 dare
973 2708 1190 2760 animam

200 2794 341 2830 suam
380 2779 748 2848 redemptionem
780 2797 873 2849 pro
894 2781 1059 2834 multis
1087 2780 1184 2853 (5).

200 2851 340 2905 Haec
378 2860 552 2906 autem
593 2870 695 2907 vox
739 2855 1001 2924 redemptio
1042 2872 1188 2923 grae-

200 2942 259 2979 ce
299 2930 383 2975 λυτ
364 2945 456 2990 ρον
502 2928 854 2982 liberationem
894 2930 1184 2997 significat,

202 3016 332 3070 quae
371 3001 428 3053 fic
469 3003 628 3070 pretio
668 3003 854 3065 soluto,
897 3004 1047 3072 idque
1104 3021 1189 3057 ex-

200 3074 438 3144 primitur
495 3093 582 3144 per
638 3078 758 3131 dare
819 3078 1055 3141 animam,
1098 3096 1187 3132 seu

201 3149 507 3218 profundere
548 3151 724 3204 vitam.
758 3150 863 3204 Hoc
890 3153 1022 3205 idem
1051 3152 1190 3205 Cbri·

203 3219 312 3276 stus
351 3223 632 3276 clarissime
673 3234 979 3279 asseverat:
1022 3227 1189 3280 Bonus

199 3305 383 3367 pastor,
426 3299 609 3365 inquit,
654 3302 870 3353 animam
908 3318 1049 3354 suam
1106 3305 1188 3354 dat

248 3455 301 3543 g}
314 3435 373 3533 ivn.
386 3465 420 3534 ἔ.
434 3456 467 3492 s.

830 3502 879 3546 (ai
905 3503 960 3542 ευ,
985 3503 1038 3539 28.

175 3555 177 3557 ·
246 3546 301 3590 (⁴)
323 3547 452 3582 loaun.
476 3543 530 3590 10,
557 3544 612 3591 11,
633 3550 702 3582 etc.

622 169 686 207 nt:
723 169 816 208 DEO
855 169 989 209 LAPSI
1027 170 1215 210 numm
1245 172 1446 215 GENERIS
1482 174 1816 214 REDEMPTORE.

843 3547 889 3591 (ὅ)
915 3547 1107 3592 Mami-26,
1132 3546 1187 3584 28.
1223 3584 1226 3586 .

1263 268 1355 319 pro
1392 254 1557 309 ovibus
1593 255 1765 308 suis...
1807 255 1912 324 qu
1943 271 2052 309 sum
2083 265 2252 327 pastor

1267 326 1416 380 bonus
1449 369 1485 381 ..
1509 336 1553 380 et
1575 330 1793 382 animam
1818 345 1972 390 meam
2002 347 2128 399 pono
2161 343 2256 400 pro
2311 384 2317 399 ζ

1264 402 1428 455 ovibus
1468 403 1654 456 meis...
1695 404 1950 473 Propterea
1982 404 2143 474 diliyit
2177 421 2280 459 me>

1263 475 1425 538 Pater,
1456 478 1573 546 quia
1597 493 1682 546 eqo
1705 494 1829 548 pono
1854 478 2070 532 animam
2096 494 2253 537 meam,

1265 548 1358 620 (lt).
1390 549 1446 602 In
1476 551 1654 604 ultima
1679 568 1836 606 coena
1870 550 2099 606 Christus
2137 569 2253 622 apo·
2328 606 2332 612 ,

1262 625 1404 677 stolis
1429 625 1641 678 calicem
1663 627 1924 695 porrigens
1950 627 2040 679 ait:
2065 625 2161 680 Hic
2183 636 2253 683 est
2326 640 2332 669 ἐ

1261 700 1460 768 sanquis
1486 716 1618 752 meus
1650 701 1762 752 novi
1799 699 2088 754 Testamenti
2115 698 2172 772 (i.
2196 717 2245 757 e.

1262 789 1359 842 quo
1396 790 1585 827 novum
1624 774 1801 827 foedus
1839 775 1970 827 inter
2009 774 2172 828 Deum
2199 782 2252 830 et

1262 846 1491 901 homines
1530 848 1758 901 sancitur
1793 854 1845 901 et
1889 849 2250 921 confirmatur)

1259 923 1346 989 qui
1381 939 1475 991 pro
1512 922 1678 975 multis
1741 922 2011 991 effundetur
2066 925 2120 976 in
2173 939 2252 976 re-

1258 997 1533 1049 missionem
1571 1003 1875 1066 peccatorum
1921 995 2017 1067 (6).
2057 995 2252 1050 Paulus
2319 1016 2322 1017 ⁷

1259 1071 1440 1139 dogma
1486 1071 1795 1124 catholicum
1834 1070 2111 1123 clarissime
2138 1088 2251 1140 pro-

1263 1147 1403 1213 ponit
1429 1146 1491 1198 ad
1514 1145 1702 1214 Eplies.
1734 1145 1996 1198 scribens:
2025 1143 2252 1200 Christus

1256 1220 1428 1273 dilexit
1461 1237 1572 1282 n08,
1615 1228 1657 1273 et
1696 1219 1899 1272 tradidit
1947 1220 2251 1290 semetipsum

1251 1310 1342 1362 pro
1381 1295 1515 1347 nobis
1559 1293 1872 1354 oblationem,
1938 1301 1981 1345 et
2045 1293 2250 1347 hostiam

1257 1368 1354 1420 Deo
1400 1370 1453 1421 in
1515 1369 1705 1420 odorem
1743 1368 1997 1421 suavitatis
2036 1365 2142 1439 (6):
2184 1368 2250 1421 ad

1258 1443 1449 1495 Coloss.
1495 1441 1671 1495 laudat
1714 1439 1999 1503 Christum,
2042 1442 2096 1494 in
2156 1458 2249 1511 quo

1258 1516 1483 1570 babemus
1519 1516 1890 1584 redemptionem
1933 1530 2021 1584 per
2052 1517 2250 1586 sanqui-

1256 1607 1363 1643 nem
1419 1592 1523 1643 eius
1560 1631 1572 1652 ‚
1637 1590 1969 1642 remissionem
2031 1599 2249 1659 peccato·
2323 1626 2332 1631 -

1256 1682 1373 1718 rum
1414 1664 1511 1735 (7).
1556 1663 1611 1717 ln
1652 1663 1812 1732 Epist.
1845 1664 1907 1716 ad
1935 1662 2067 1726 Tit.,
2110 1662 2251 1717 Chri·
2322 1681 2329 1731 ζ

1255 1745 1364 1792 stus
1387 1740 1516 1793 dedit
1554 1739 1854 1808 semetipsum
1879 1754 1968 1807 pro
2001 1737 2166 1798 nobiS,
2195 1747 2250 1792 ut
2323 1742 2332 1779 -3

1254 1830 1345 1866 nos
1390 1814 1645 1866 redimeret
1690 1812 1751 1865 ab
1798 1813 1930 1865 omni
1968 1812 2244 1880 iniquitate,
2316 1816 2332 1866 ’.

1255 1898 1297 1940 et
1317 1889 1578 1941 mundaret
1604 1887 1694 1940 sibi
1716 1886 1952 1955 poputum
1989 1886 2250 1955 acceptabi-
2327 1901 2332 1935 J

1255 1962 1344 2014 lem
1367 1962 1464 2032 (8);
1489 1969 1540 2014 et
1579 1961 1598 2013 1
1637 1961 1699 2013 ad
1725 1960 1970 2014 Timoth.:
2018 1958 2150 2013 Unus
2182 1968 2250 2014 est

1254 2038 1488 2089 mediator
1502 2036 1594 2089 Dei
1611 2043 1652 2088 et
1673 2035 1921 2087 hominum
1944 2034 2080 2086 homo
2100 2032 2248 2087 Chri·
2317 2039 2332 2087 Ξ

1253 2119 1353 2163 stus
1390 2111 1552 2173 Iesus,
1596 2111 1680 2178 qui
1712 2109 1839 2162 dedit
1877 2108 2248 2178 redemptionem
2324 2125 2332 2168 ε

1252 2187 1558 2253 semetipsum
1595 2199 1684 2252 pro
1719 2182 1939 2235 omnibus
1966 2180 2063 2254 (9).
2107 2181 2249 2235 Chri·

1253 2266 1362 2311 stus
1392 2259 1545 2322 igitur
1584 2259 1635 2310 in
1669 2263 1884 2309 mortem
1912 2256 2247 2325 semetipsum
2316 2283 2322 2305 -,

1255 2333 1478 2394 tradidit,
1510 2339 1565 2385 ut
1592 2348 1781 2399 poenas
1808 2331 1949 2384 nobis
1970 2330 2166 2384 debitas
2193 2331 2244 2383 in
2326 2342 2332 2348 ·

1252 2423 1306 2459 se
1327 2407 1610 2476 suscipiens
1636 2413 1688 2458 et
1707 2406 1817 2460 loco
1853 2405 2011 2457 nostri
2041 2405 2244 2458 victima
2314 2454 2315 2458 ,

1252 2481 1587 2543 occumbenS,
1618 2481 1839 2533 iustitiae
1872 2479 2076 2531 divinae
2101 2479 2247 2532 satis·
2307 2485 2319 2548 j

1252 2556 1461 2614 faceret,
1487 2555 1718 2609 homines
1738 2554 1846 2607 Deo
1875 2552 2244 2618 reconciliaret,

1252 2638 1302 2683 ct
1330 2629 1727 2682 mediatorinter
1754 2628 1915 2680 Deum
1943 2634 1994 2680 et
2014 2627 2244 2680 homines
2324 2627 2329 2642 ⁵

1252 2711 1406 2757 esset.
1436 2732 1509 2743 —-
1543 2703 1713 2755 Petrus
1754 2701 1989 2756 fidelibus
2026 2701 2240 2754 scribit:

1250 2778 1437 2831 Sancte
1463 2777 1838 2839 conversamini,
1879 2777 2092 2841 scientes,
2119 2774 2246 2844 quod

1250 2870 1346 2905 non
1397 2851 1787 2921 corruptibilibus
1844 2866 1968 2902 auro
2025 2849 2097 2902 vel
2159 2865 2244 2902 ar·
2318 2851 2330 2888 Γ

1249 2934 1389 2997 qento
1423 2926 1656 2996 redempti
1688 2925 1799 2978 estis
1830 2925 1887 2977 de
1927 2939 2049 2977 vana
2087 2930 2243 2975 vestra

1249 3003 1597 3055 conversatione
1649 3007 1877 3070 paternae
1926 2997 2240 3058 traditionis,·
2294 3025 2301 3066 1

1250 3077 1329 3129 sed
1383 3076 1590 3144 pretioso
1638 3074 1874 3142 sanquine
1924 3071 2066 3141 quasi
2125 3070 2242 3137 aqni
2284 3072 2314 3126 ἶ

1252 3150 1550 3202 immaculati
1607 3146 1794 3200 Christi
1848 3154 1891 3200 et
1955 3145 2242 3198 incontami-
2287 3159 2300 3186 τ

1249 3226 1357 3277 nati
1385 3223 1520 3293 (10);
1555 3223 1689 3274 unde
1723 3220 2075 3288 intelligimus,
2112 3234 2240 3271 auro

1249 3306 1300 3351 et
1327 3304 1540 3365 argento
1568 3298 1749 3366 preti0,
1779 3311 1878 3366 quo
1906 3292 2093 3362 captivi
2117 3280 2283 3359 libe-ff*

1293 3457 1344 3501 10)
1368 3459 1495 3500 Ephes.
1521 3458 1556 3499 Β,
1579 3457 1614 3493 2.
1904 3453 1924 3488 7
1964 3453 2099 3489 coloss
2122 3452 2157 3496 1,
2181 3451 2235 3491 ss.
2268 3432 2286 3473 f

1292 3487 1340 3545 28)
1369 3502 1442 3537 Tit.
1468 3502 1501 3540 2,
1527 3502 1578 3537 1⁴.
1888 3454 1926 3544 ξ’
1964 3499 1979 3534 1
2001 3498 2096 3536 Tim.
2119 3497 2156 3540 2,
2180 3496 2231 3539 ‘fif'
2249 3507 2284 3550 3

1292 3546 1367 3592 (1⁰)
1390 3547 1406 3583 1
1429 3546 1540 3591 Epist.
1565 3546 1598 3589 1,
1622 3544 1678 3589 18.
1700 3549 1768 3581 etc.
2290 3568 2291 3571 =
