2332 3860
285 165 391 218 5011

210 259 520 316 haereditavit
547 259 645 334 (l).
688 262 811 320 Tres
849 271 1020 322 autem
1051 280 1192 332 prae-

209 335 387 401 cipuae
405 337 779 391 conveniebant
801 340 1035 406 potestati
1054 337 1194 391 Chri-

211 408 276 461 sti
315 408 478 471 doteS,
520 411 704 479 quibus
743 413 1017 466 virtutibus
1081 411 1193 464 aliis

207 483 398 535 sanctis
418 484 617 537 collatis
641 485 948 539 immensum
972 485 1193 538 antecel-

206 555 363 609 lebat.
406 558 576 611 Prima
604 567 714 612 erat
743 561 958 612 facilitas
991 575 1194 611 summa

208 645 306 699 qua
326 631 576 685 mirabilia
605 649 834 702 quaeque
874 640 1194 702 extempora-

207 720 303 757 nee
349 707 676 773 operabatur,
702 714 758 760 ut
785 724 849 760 ex
890 708 1107 760 decursu
1136 706 1196 759 E-

206 780 429 847 vangelii
454 783 774 849 perspicuum
798 789 891 834 est.
918 781 1034 834 Solo
1058 797 1196 833 nam-

207 869 306 922 que
346 853 523 916 verb0‚
566 863 735 922 gestu,
779 862 951 922 tactu,
991 871 1191 923 gressu,

207 935 335 979 nutu
363 929 652 997 morborum
674 930 902 981 omnium
920 930 1196 982 distillabat

206 1002 534 1063 medicinam,
559 1003 770 1056 sedabat
792 1003 1061 1072 procellaS,
1088 1020 1198 1055 cae-

207 1075 1195 1143 cosilluminabat,mortuossuscitahat.

207 1147 428 1203 Secunda
454 1158 564 1203 erat
589 1151 977 1217 universalitas;
1010 1168 1128 1204 nam
1156 1153 1195 1203 si

209 1224 502 1277 humanitas
540 1226 822 1278 secundum
851 1227 983 1295 quod
1014 1232 1088 1278 est
1128 1227 1199 1277 in-

211 1305 557 1350 strumentum
574 1298 725 1353 Verbi
749 1301 842 1352 sibi
861 1301 1007 1366 uniti,
1023 1300 1199 1352 habuit

211 1372 459 1424 virtutem
498 1373 562 1425 ad
602 1390 779 1426 omnes
818 1376 1200 1426 immutationes

215 1447 547 1499 miraculosas
586 1447 845 1501 faciendas
891 1449 1200 1501 ordinabiles

213 1520 276 1571 ad
315 1520 470 1572 finem
534 1523 900 1575 incarnationis
954 1522 1058 1594 (qui
1125 1529 1202 1574 est

212 1596 502 1647 instaurare
542 1599 710 1648 omnia
751 1598 801 1649 in
843 1597 983 1650 coelo
1036 1604 1086 1648 et
1150 1598 1199 1648 in

212 1666 392 1739 terra),
435 1677 573 1722 certe
614 1679 665 1723 et
703 1672 754 1723 in
796 1671 1019 1740 Angelos
1052 1678 1105 1723 et
1150 1671 1199 1721 in

214 1742 448 1795 homines
513 1760 604 1796 sua
658 1747 947 1798 corrivabat
1009 1745 1202 1797 fluenta

214 1819 515 1882 gratiarum.
563 1818 725 1871 Tertia
765 1828 839 1872 est
868 1820 1202 1872 foecunditas,

215 1888 363 1942 Tunc
404 1893 540 1943 enim
568 1894 737 1961 aliqua
762 1896 926 1946 virtus
965 1899 1203 1946 censetur

217 1965 461 2032 perfecta,
479 1970 682 2034 quando
701 1975 862 2035 potest
879 1968 969 2019 sibi
986 1968 1201 2019 similem

216 2038 519 2105 producere,
545 2042 658 2109 quia
685 2048 806 2093 tunc
825 2042 880 2094 tit
901 2042 1077 2094 effusio
1102 2042 1205 2109 ple-

217 2113 463 2166 nitudinis
497 2115 755 2167 bonitatis,
793 2115 992 2168 Christo
1032 2124 1205 2168 autem

216 2185 432 2239 Domino
469 2188 584 2240 data
625 2196 702 2240 est
738 2191 902 2242 virtus
940 2190 1207 2242 miraculo-

218 2276 330 2312 rum
347 2277 463 2313 cum
481 2268 622 2314 tanta
646 2265 1016 2331 praerogativa,
1035 2273 1087 2316 ut
1106 2281 1203 2316 non

217 2335 382 2386 solum
405 2336 510 2404 ipse
538 2338 783 2389 miracula
806 2340 868 2390 ad
892 2347 1071 2389 nutum
1094 2339 1209 2391 ede-

218 2415 316 2468 ret,
348 2411 437 2461 sed
476 2411 628 2462 etiam
651 2413 911 2479 discipulis
940 2413 1208 2465 miraculo-

218 2498 332 2534 rum
370 2487 732 2551 patrandorum
770 2487 1011 2538 virtutem
1044 2487 1208 2555 copio-

218 2558 413 2609 sissime
434 2559 780 2611 transfuderit.
814 2559 960 2612 Unde
989 2560 1204 2612 dicitur:

219 2628 502 2683 Convocatis
531 2633 779 2685 duodecim
799 2634 1063 2703 discipulae,
1084 2635 1209 2686 dedit

219 2704 286 2754 eis
324 2714 600 2772 potestatem
638 2708 903 2775 spirituum
942 2708 1211 2760 immundo-

218 2792 332 2828 rum
360 2789 413 2830 ut
442 2781 669 2832 eiicerent
694 2797 786 2846 eoa,
813 2790 854 2833 el
894 2792 1123 2834 curarent
1161 2798 1209 2833 o-

220 2865 379 2902 mnem
400 2853 680 2922 languorem
717 2865 759 2906 et
786 2871 972 2907 omnem
1000 2857 1211 2921 infirmi·

225 2931 366 2975 talem
394 2926 488 2995 (Q),
513 2957 553 2968 —
582 2927 634 2979 ln
665 2928 761 2981 'nac
789 2930 1018 2981 doctrina
1046 2931 1208 2999 quoad

224 2999 562 3053 substantiam
611 3018 786 3055 omnes
821 3003 1042 3070 theologi
1097 3019 1213 3056 con-

223 3072 470 3134 sentiunt,
496 3073 696 3128 Christo
727 3084 784 3130 ut
815 3077 1007 3129 homini
1046 3077 1213 3129 excel·

225 3145 558 3199 lentissimam
604 3151 885 3216 potentiam
924 3151 1213 3204 adscriben-

226 3225 319 3286 tes,
352 3226 403 3270 et
430 3219 580 3273 huius
608 3224 926 3286 facilitatem,
953 3226 1213 3278 universa-

227 3291 424 3419 litattem
472 3301 522 3346 et
575 3297 970 3352 foecunditatem
1020 3301 1215 3369 praedi-

233 3381 329 3418 can
356 3382 426 3420 es.

269 3497 326 3586 2²¹³}
349 3498 460 3536 nebr.
484 3500 520 3540 1.
545 3499 581 3535 4.-
656 3548 659 3550 .

831 3502 879 3547 (2)
909 3505 1030 3539 Matth.
1053 3504 1110 3547 10,
1134 3505 1168 3541 1.

344 3542 394 3578 10.
427 3542 483 3586 14,
507 3544 559 3578 12.

619 183 684 220 DE
720 184 813 222 mm
851 183 983 222 LAPSI
1018 184 1208 222 numm
1245 181 1449 222 (summis
1484 184 1821 222 REDEMPTORE.

1810 101 1831 126 ’ἓ

2294 28 2317 105 m'0'

1323 264 1455 318 Nota
1496 265 1545 318 l.
1588 263 1786 318 Christo
1815 271 1870 317 ut
1907 262 2100 319 homini
2135 281 2235 333 non

1253 354 1505 391 summam
1532 347 1583 392 et
1604 339 2089 392 excellentissimam
2119 355 2238 407 prae
2294 335 2315 385 f

1253 413 1468 465 caeteris
1488 412 1779 466 hominibus
1808 419 2108 481 potestatem
2136 413 2238 465 col·
2310 424 2318 435 ²

1256 485 1410 539 latam
1457 487 1648 545 fuisse,
1706 488 1910 539 videtur
1964 502 2031 539 ex
2084 487 2239 554 ipsius

1254 558 1437 611 Christi
1495 561 1663 612 verbis
1720 560 2040 612 inferendum
2089 555 2250 622 esse,¹
2327 620 2332 621 ⁷

1255 634 1337 701 qui
1379 633 1517 685 dicit:
1562 632 1657 696 Qui
1693 635 1842 686 credit
1880 635 1931 686 iu
1954 650 2047 696 mc,
2074 649 2237 702 ope-ra,
2319 688 2322 689 ⁷

1255 723 1376 775 quae
1402 724 1486 775 eqo
1511 709 1659 775 facio,
1690 716 1732 758 et
1759 709 1855 777 ipsc
1882 710 2045 776 faciet,
2075 715 2118 760 et
2145 722 2242 759 ma-

1257 783 1367 833 iora
1407 782 1583 833 horum
1628 782 1771 849 faciet
1821 781 1919 852 (3).
1961 781 2059 833 Sed
2113 782 2243 833 lianc

1257 853 1606 907 difficultatem
1648 857 1747 907 iam
1789 855 1941 908 solvit
1977 855 2029 908 S.
2073 855 2244 922 Λαρα-

1257 932 1413 980 atinus
1453 928 1524 1000 (lt)
1556 930 1758 981 dicens:
1806 950 1832 978 «
1863 928 1995 981 Audi
2035 944 2156 997 ergo
2197 934 2245 980 et

1258 1003 1506 1070 intellige:
1552 1002 1647 1066 Qui
1684 1003 1834 1056 credit
1871 1005 1924 1055 iu
1968 1018 2068 1064 me,
2101 1017 2247 1072 opera
2318 1010 2332 1017 ”

1260 1094 1381 1146 quae
1407 1094 1488 1144 eqo
1526 1078 1672 1145 facie,
1716 1086 1758 1129 et
1786 1079 1883 1146 ipse
1908 1078 2068 1144 faciet.
2102 1076 2247 1129 Prius

1260 1168 1353 1220 ego
1393 1152 1539 1219 faci0,
1580 1151 1761 1203 deinde
1791 1153 1894 1220 ipse
1935 1151 2102 1215 faciet,
2131 1150 2250 1218 quia

1262 1226 1408 1287 facio,
1452 1233 1510 1277 ut
1549 1226 1769 1278 faciat...
1813 1226 1888 1278 Ad
1933 1241 2110 1277 vocem
2148 1223 2251 1277 Do·

1260 1301 1381 1351 mini
1425 1307 1762 1352 surrexerunt
1812 1300 2132 1363 mortui3...
2187 1297 2253 1349 ad

1265 1375 1495 1426 umbram
1525 1375 1838 1426 transeuntis
1867 1373 1996 1425 Petri
2027 1373 2252 1424 surrexit

1264 1455 1511 1501 mortuus.
1545 1449 1710 1502 Maius
1738 1448 1939 1499 videtur
1981 1447 2074 1498 hoc
2101 1461 2253 1515 quam

1263 1522 1410 1587 illud3
1454 1522 1540 1574 sed
1582 1521 1815 1574 Christus
1853 1522 1960 1573 sine
2003 1523 2150 1573 Petro
2184 1519 2253 1571 fa·

1264 1613 1378 1648 eere
1407 1604 1624 1665 poterat,
1651 1596 1831 1648 Petrus
1855 1596 1947 1647 nisi
1976 1595 2027 1646 in
2055 1594 2253 1646 Christo

1267 1688 1364 1723 non
1409 1678 1623 1739 poterat.
1668 1691 1693 1719 »
1737 1701 1809 1709 —
1848 1669 2094 1733 Quoniam
2134 1683 2253 1734 ergo
2323 1724 2332 1733 f

1267 1745 1491 1813 Apostoli
1550 1752 1600 1797 et
1658 1745 1743 1797 alii
1797 1745 2065 1796 eredentes
2104 1757 2255 1810 opera

1267 1822 1392 1872 mira
1422 1819 1584 1871 solum
1617 1835 1703 1886 per
1733 1820 1973 1870 virtutem
2002 1834 2032 1869 a
2059 1815 2257 1869 Christo
2308 1810 2318 1820 ⁰

1266 1894 1430 1961 eapite
1452 1910 1542 1945 suo
1571 1894 1662 1945 sibi
1693 1894 2121 1945 communicatam
2152 1905 2271 1959 per-¹
2312 1908 2332 1922 2

1267 1968 1516 2034 fecerunt,
1538 1968 1816 2020 clarissime
1836 1973 2064 2035 apparet,
2079 1981 2167 2033 per
2183 1971 2255 2016 ta·
2325 1965 2332 2026 f

1269 2042 1333 2094 lia
1374 2058 1524 2110 opera
1582 2043 1855 2110 potentiam
1914 2039 2099 2092 Christi
2156 2054 2254 2091 non
2328 2083 2332 2097 ,

1268 2118 1591 2168 obscuratam
1619 2157 1631 2177 ,
1675 2116 1761 2167 sed
1803 2115 1963 2182 magis
2009 2112 2259 2180 glorifica·
2320 2108 2332 2133 ¹

1269 2196 1371 2242 tam
1416 2192 1588 2242 fuisse.
1633 2188 1903 2241 Praeterea
1939 2187 2172 2239 Christus
2198 2186 2260 2238 de

1269 2265 1568 2333 quibusdam
1612 2264 1886 2331 operibus,
1948 2277 2079 2330 quae
2136 2268 2260 2313 tunc

1271 2339 1660 2390 admirabantur
1701 2337 1901 2398 ludaei,
1946 2352 2045 2388 non
2087 2342 2261 2388 autem

1270 2413 1330 2464 de
1358 2413 1595 2465 omnibus
1623 2412 1860 2479 operibus
1889 2410 2109 2475 locutuS‚
2130 2425 2261 2477 quae

1273 2503 1360 2554 per
1399 2487 1564 2555 ipsum
1607 2486 1740 2538 facta
1774 2491 1912 2537 sunt.
1958 2483 2095 2535 Inter
2135 2482 2260 2534 haec

1271 2561 1406 2612 enim
1450 2560 1570 2611 talia
1598 2566 1739 2618 sunt,
1771 2574 1900 2627 quae
1940 2572 2090 2609 nemo
2130 2556 2261 2607 alius

1272 2635 1409 2698 fecit3
1452 2634 1583 2702 qnod
1625 2634 1777 2684 etiam
1806 2633 2046 2684 observat
2072 2629 2129 2683 S.
2162 2628 2264 2681 Au-

1271 2708 1495 2775 9ustiuus
1548 2704 1621 2776 (5)
1680 2706 1854 2757 dicens
1911 2705 1974 2756 de
2024 2703 2258 2756 Christo:

1276 2802 1301 2831 «
1325 2781 1528 2850 Aliquid
1566 2782 1825 2848 proprium
1852 2779 2017 2831 facere
2056 2778 2260 2830 debuit:

1273 2857 1409 2908 nasci
1434 2855 1495 2907 de
1517 2854 1748 2922 Virgine,
1779 2868 2048 2921 resurgere
2068 2868 2098 2904 a
2127 2867 2262 2903 mor·
2310 2886 2319 2921 ‘-

1274 2930 1394 2991 tuis‚
1438 2929 1638 2981 coelum
1666 2928 1962 2981 ascendere.
2007 2925 2114 2978 Hoc
2161 2925 2263 2977 Deo
2312 2989 2317 3000 .,

1272 3005 1356 3072 qui
1398 3019 1577 3072 parum
1618 3009 1783 3071 putat,
1814 3001 1934 3071 quid
1963 3000 2076 3069 plus
2108 3013 2264 3067 expc-

1274 3085 1409 3135 ctet,
1453 3079 1649 3144 ignoro.
1687 3097 1714 3126 »
2316 3079 2318 3081 ·

1347 3151 1477 3203 Nola
1517 3152 1570 3202 2.
1616 3150 1763 3202 Haud
1811 3163 2018 3201 necesse
2057 3151 2162 3207 est,
2206 3151 2265 3196 ut

1277 3226 1500 3293 praecise
1559 3224 1816 3292 explicare
1858 3221 2107 3290 possimus
2157 3233 2269 3270 mo-

1275 3300 1394 3350 dum
1422 3340 1434 3358 ‚
1477 3314 1576 3367 quo
1635 3314 1724 3366 per
1762 3296 2018 3348 Christum
2066 3293 2264 3361 gratiae
2308 3316 2311 3321 ·

1276 3373 1664 3441 dispensantur,
1711 3369 1955 3424 miracula
1994 3373 2309 3442 patrantur

2316 2605 2332 2855 :Adia—..QZ
2320 2403 2332 2549 -·‹,.·›·.e
2328 2375 2332 2378 .
2318 2307 2332 2346 .›-
2307 2252 2332 2277 ,“
2328 2168 2332 2173 .

1320 3501 1374 3546 (4)
1397 3503 1438 3536 In
1454 3502 1527 3537 fine
1545 3506 1651 3536 tract·
1676 3474 1716 3536 Ἦ
1740 3499 1778 3535 in
1796 3500 1846 3534 10.
1859 3503 1896 3534 et
1918 3498 1956 3533 in
1972 3497 2051 3533 init.
2064 3479 2271 3546 tract-seq}

1319 3546 1373 3588 (ὅ)
1395 3547 1437 3580 ln
1463 3545 1572 3588 Epist.
1597 3544 1663 3579 137
1684 3545 1729 3579 ad
1754 3542 1935 3578 Volusian.
1961 3549 2034 3581 cap.
2062 3540 2093 3576 3.
2279 3551 2281 3554 ⁴
