2332 3860
239 158 344 209 ab&

576 173 638 210 Dr:
677 172 770 210 nEo
809 172 940 210 LAPS!
977 166 1166 210 numm
1204 171 1413 213 GENERIS
1444 173 1781 213 REDEMPTORE.

2226 122 2229 123 f
2252 99 2332 172 ε

163 252 430 307 definitum
450 255 923 322 tempuscruciatae
944 254 1155 320 expian-
1214 253 1303 306 dit.
1336 252 1666 325 Nequaquam
1705 255 1843 310 enim
1864 249 2203 308 anima‘chrts
2275 243 2332 311 ,ἶ

1214 327 1278 379 sti
1319 338 1418 380 non
1459 326 1856 399 derelinquenda
1895 330 1946 382 in
1987 329 2202 394 inferno,
2287 353 2332 419 ’,ᾗ

164 336 268 390 tur,
312 334 369 381 ut
406 329 478 381 eis
518 328 568 379 in
608 336 873 381 aeternam
937 329 1150 397 patriam

163 403 426 470 ingressus
466 409 640 470 patere
682 403 855 471 possit,
900 403 950 454 in
1001 407 1155 471 quam

162 476 286 528 nihil
309 476 631 545 inquinatum
660 477 1012 543 ingreditur...
1039 474 1157 527 Ter·

164 551 292 603 tium
334 557 587 618 postremo
627 551 936 619 receptaculi
990 565 1155 619 genus

164 631 261 686 est,
331 627 381 676 in
431 639 531 693 quo
594 626 797 677 animae
860 631 1155 677 sanctorum

162 705 284 751 ante
323 697 508 751 Christi
536 698 738 751 Domini
766 698 1045 751 adventum
1067 714 1156 750 ex·

162 771 502 841 cipiebantur,
546 773 716 841 ibique
756 774 866 825 sine
908 772 1010 824 ullo
1070 772 1157 823 do-

165 846 285 899 loris
312 863 487 908 sensu,
513 847 657 899 beata
688 848 1051 915 redempt-ionis
1070 862 1157 914 spe

164 922 456 981 sustentati,
493 921 663 989 quieta
692 921 1005 973 habitatione
1027 921 1156 972 frue-

164 996 371 1048 bantur.
407 1014 434 1044 ³)
482 1024 541 1035 -—
575 994 625 1047 Si
656 1003 829 1047 autem
857 1002 1153 1064 quaeratur,

165 1068 228 1121 ad
268 1085 419 1139 quem
460 1069 738 1121 inferorum
803 1070 970 1122 locum
1020 1068 1159 1121 Chri-

165 1149 277 1196 stus
323 1143 689 1202 descenderit,
757 1145 1045 1196 communis
1108 1151 1159 1195 et

166 1224 306 1270 certa
348 1225 425 1270 est
473 1217 823 1286 theologorum
888 1217 1162 1271 catholico-

167 1307 280 1343 rum
348 1292 611 1352 doctrina,
685 1295 909 1345 animam
974 1291 1157 1344 Christi

167 1365 374 1418 realiter
413 1373 464 1418 et
503 1366 910 1419 substantialiter
949 1367 999 1418 in
1065 1374 1162 1418 ter·

168 1442 296 1491 tium
359 1441 635 1493 inferorum
703 1440 892 1503 locum,
953 1457 1043 1493 seu
1107 1442 1157 1492 in

166 1514 393 1566 Limbum
450 1514 795 1574 descendisse,
840 1522 896 1568 ut
947 1515 1161 1567 Sanctos

167 1589 234 1640 ibi
293 1589 526 1642 detentos
582 1590 935 1641 consolaretur
991 1597 1043 1643 et
1100 1589 1158 1640 li-

166 1663 369 1715 beraret
395 1706 408 1726 ,
451 1680 665 1733 eamque
705 1664 898 1716 tamdiu
947 1664 997 1715 in
1064 1664 1160 1715 isto

167 1737 276 1789 loco
311 1739 674 1806 permansisse,
706 1739 947 1807 quamdiu
978 1754 1161 1805 corpus

168 1812 323 1864 iacuit
362 1813 411 1864 in
466 1813 722 1879 sepulcro,
766 1813 1017 1875 Quoniam
1071 1829 1160 1864 au-

169 1893 271 1938 tern
298 1888 468 1938 anima
497 1886 682 1939 Christi
711 1887 1030 1956 hypostatice
1054 1903 1163 1954 per-

168 1976 321 2012 sonae
358 1959 510 2014 Verbi
555 1963 691 2013 unita
739 1962 847 2027 fuit,
878 1961 988 2013 ideo
1024 1968 1160 2012 recte

169 2033 353 2086 dicitur
394 2039 530 2086 totus
570 2034 801 2087 Christus
842 2036 905 2086 ad
973 2035 1161 2087 inferos

169 2108 511 2161 descendisse.
536 2107 885 2160 —Calviniaui
903 2109 1159 2162 Christum

170 2198 292 2235 vere
331 2183 394 2235 ad
436 2183 623 2235 inferos
683 2183 1008 2235 descendisse
1076 2200 1161 2235 ne·

168 2264 312 2324 gant.
356 2255 544 2310 Contra
583 2258 706 2310 istos
729 2274 791 2310 ex
821 2258 873 2309 S.
905 2256 1161 2328 Scriptura

169 2338 220 2383 et
263 2330 541 2383 Traditioue
593 2332 842 2385 articulus
884 2332 1001 2383 fidei
1056 2348 1163 2400 pro-

170 2406 368 2458 bandus
407 2412 504 2467 est,
548 2404 807 2460 Christum
849 2421 970 2458 vere
998 2406 1061 2459 ad
1090 2407 1163 2458 in—

170 2479 303 2532 teros
341 2479 684 2534 descendisse.

243 2554 295 2606 l.
325 2552 379 2606 S.
405 2553 663 2622 Scriptura
690 2555 995 2607 descensum
1022 2552 1162 2606 Chri-

171 2628 234 2678 sti
274 2627 336 2680 ad
379 2629 565 2680 inferos
605 2635 940 2682 contestatur.
974 2629 1161 2682 Psalm.

170 2699 287 2764 XV,
333 2702 418 2767 10,
460 2703 669 2755 Messias
708 2703 770 2755 de
819 2705 981 2772 seipso
1025 2719 1164 2770 prae·

173 2775 336 2828 dicit:
408 2776 522 2828 Non
577 2777 876 2846 derelinques
946 2778 1163 2829 animam

172 2865 327 2901 meam
370 2850 424 2902 in
473 2851 689 2918 inferum
741 2868 825 2904 uec
870 2851 1004 2903 dabis
1032 2849 1165 2903 Sau-

171 2931 301 2975 ctum
354 2931 495 2976 tuum
549 2926 704 2977 videre
755 2925 1113 2994 corruptionem
1144 2943 1162 2976 :

173 3012 304 3066 quae
345 2999 499 3050 verba
540 3015 639 3050 non
684 3007 895 3067 possunt
933 3000 995 3051 de
1059 3000 1163 3052 Da-

177 3070 290 3122 vide
329 3071 564 3139 intelligi,
605 3074 688 3142 qui
715 3076 763 3126 in
786 3073 1022 3141 sepulcro
1058 3089 1166 3126 cor-

174 3145 398 3213 ruptioni
463 3147 713 3199 obnoxius
765 3147 878 3208 fuit,
947 3147 1036 3200 sed
1101 3147 1164 3199 ad

174 3217 413 3273 Messium
451 3227 703 3289 spectant,
765 3222 913 3273 cuius
977 3237 1165 3289 corpus

136 3304 139 3305 ’
175 3293 228 3346 in
267 3292 504 3361 sepulcro
555 3295 908 3363 incorruptum
952 3296 1160 3355 mansit,

176 3373 229 3421 et
265 3368 412 3420 cuius
449 3367 620 3420 anima
651 3369 716 3421 ad
743 3370 930 3423 inferos
959 3369 1168 3423 descen-

225 3496 275 3541 (ι)
301 3498 376 3532 Act.
390 3499 454 3541 Ap.
480 3497 513 3539 ε,
541 3496 594 3532 ει.

226 3541 278 3584 (2)
303 3541 353 3576 aa
378 3540 550 3585 uphem,
573 3540 610 3583 a,
633 3543 703 3575 etc.
797 3540 849 3586 (3)
874 3542 1025 3586 pumpp.
1051 3542 1085 3585 2,
1110 3542 1164 3577 ιο.

1215 401 1302 454 sed
1331 418 1397 455 ex
1425 402 1520 455 isto
1548 403 1855 456 retrahenda
1884 403 1981 456 dici
2009 409 2200 475 posset,

1219 476 1312 528 nisi
1337 491 1457 528 vere
1477 483 1528 529 et
1560 474 1965 530 substantialiter
1990 477 2054 530 ad
2082 471 2206 530 infe-

1218 560 1299 602 ros
1332 550 1694 604 descendisset.
1721 547 1903 604 Petrus
1928 552 2035 620 ipse
2066 547 2206 619 prae·

1218 623 1378 676 fatum
1419 626 1718 677 vaticinium
1758 625 1958 679 Christo
1985 625 2208 693 applicat

1218 698 1430 751 dicens:
1473 697 1742 752 Providens
1782 696 1992 771 (David)
2022 699 2208 752 locutus

1217 780 1284 823 est
1328 773 1384 824 de
1431 774 1783 826 resurrectione
1835 773 2044 834 Christi,
2093 774 2208 842 quia

1219 862 1370 914 neque
1420 848 1676 899 derelictus
1744 855 1811 900 est
1869 849 1923 900 in
1974 848 2168 915 inferno
2194 888 2207 908 ,

1219 934 1369 988 neque
1401 938 1514 973 caro
1542 922 1647 974 eius
1677 921 1795 973 vidit
1851 923 2213 991 corruptionem

1221 992 1318 1065 (l).
1357 995 1545 1057 Quodsi
1587 996 1820 1048 Christus
1876 1012 1973 1048 non
2035 995 2215 1048 dereli-

1220 1076 1334 1120 ctus
1373 1077 1449 1122 est
1488 1072 1538 1121 in
1581 1070 1801 1132 inferno,
1845 1085 1966 1137 ergo
2006 1070 2075 1122 ibi
2122 1069 2214 1122 ali-

1221 1144 1445 1211 quandiu
1482 1144 1591 1197 suit.
1615 1144 1803 1196 Paulus
1832 1142 1907 1213 (Q)
1931 1144 1992 1195 de
2013 1141 2215 1196 Christo

1221 1219 1432 1269 scribit:
1477 1217 1612 1281 Quod
1640 1226 1804 1269 autem
1825 1218 2056 1278 ascendit,
2096 1218 2217 1285 quid

1221 1300 1288 1342 cst
1327 1293 1425 1343 nisi
1463 1293 1581 1360 quia
1625 1301 1668 1345 et
1714 1292 1951 1344 descendit
1988 1294 2217 1360 primum

1222 1366 1275 1416 in
1330 1367 1586 1433 inferiores
1635 1375 1804 1436 partes
1859 1366 2072 1418 terrae?
2129 1367 2217 1434 qui

1222 1440 1461 1492 descendit
1499 1441 1597 1507 ipse
1643 1448 1731 1500 est,
1776 1443 1863 1509 qui
1907 1449 1950 1492 et
2003 1440 2217 1492 ascendit

1222 1530 1366 1581 super
1412 1530 1573 1574 omnes
1641 1514 1820 1575 coelos,
1884 1524 1942 1567 ut
1999 1514 2218 1582 impleret

1223 1588 1402 1641 omnia.
1447 1591 1539 1640 Ubi
1589 1590 1778 1641 verba:
1840 1588 1894 1640 in
1956 1588 2216 1658 inferiores

1221 1671 1384 1729 parles
1407 1670 1565 1715 terrae
1600 1679 1700 1714 non
1727 1663 2017 1730 significant
2050 1670 2218 1715 terrae

1223 1737 1546 1804 superficiem
1606 1737 1759 1807 (quae
1817 1744 1895 1789 est
1948 1753 2066 1806 pars
2132 1753 2218 1789 su-

1226 1811 1433 1882 perior),
1471 1828 1637 1881 nequc
1685 1812 1978 1879 sepulcrum
2005 1810 2214 1873 Christi,

1224 1886 1356 1953 quod
1401 1886 1554 1942 etiam
1608 1901 1762 1953 super
1827 1893 2017 1938 terram
2079 1886 2213 1947 fuit,

1223 1960 1339 2020 sed,
1387 1967 1440 2011 ut
1481 1961 1720 2012 observat
1759 1959 1811 2013 S.
1862 1960 2213 2027 HieronymuS,

1225 2051 1314 2101 per
1353 2035 1590 2086 inferiora
1631 2041 1799 2086 terrae
1841 2034 2072 2085 infernus
2130 2049 2214 2085 ac·

1224 2109 1430 2175 cipitur,
1474 2124 1563 2160 seu
1618 2108 1759 2160 locus
1823 2109 2213 2169 subterraneuS‚

1225 2184 1273 2233 in
1293 2198 1392 2251 quo
1408 2182 1609 2234 animae
1636 2182 2069 2243 detinentur‚tum
2098 2182 2219 2251 quia

1224 2258 1295 2307 sic
1338 2257 1618 2323 proprietas
1659 2258 1932 2309 verborum
1961 2256 2215 2318 salvatur,

1225 2337 1334 2382 tum
1355 2332 1471 2398 quia
1517 2331 1779 2397 apostolus
1819 2331 2121 2398 subiungit:
2165 2339 2219 2382 ut

1225 2404 1439 2472 impleret
1461 2405 1644 2464 omnia,
1677 2406 1709 2458 i.
1741 2421 1787 2457 e.
1818 2412 1874 2457 ut
1903 2406 1952 2456 in
1983 2403 2220 2457 omnibus

1225 2480 1364 2547 regni
1405 2480 1481 2530 sui
1525 2479 1753 2547 partibus
1799 2479 2014 2546 gloriam
2072 2494 2220 2532 suam

1223 2553 1535 2614 ostenderet,
1578 2559 1629 2605 et
1669 2554 1720 2604 in
1758 2553 1964 2605 nomine
2021 2568 2114 2606 suo
2172 2569 2220 2604 o-

1222 2643 1332 2679 mne
1374 2643 1499 2695 yenu
1532 2627 1754 2695 flectatur
1805 2627 2097 2690 coelestium,
2130 2634 2222 2679 ler-

1224 2702 1456 2754 restrium
1493 2710 1536 2752 et
1576 2702 1885 2768 infernorum
1907 2699 2006 2773 (5).

1298 2775 1350 2827 ⁸2.
1396 2775 1477 2827 Sa.
1522 2773 1696 2827 Patres
1736 2775 1968 2830 unanimi
2007 2790 2221 2828 consen-

1224 2866 1284 2901 su
1324 2849 1581 2901 Christum
1627 2849 1691 2902 ad
1758 2850 1979 2902 inferos·
2012 2849 2223 2902 descen-

1226 2925 1357 2976 disse
1397 2923 1600 2975 docent.
1656 2922 1714 2976 S.
1747 2923 1969 2992 anatius
2010 2923 2081 2976 M.
2116 2921 2216 2993 (lt):

1231 3019 1252 3047 «
1286 2997 1519 3053 Christus
1558 2997 1823 3050 descendit
1856 2998 1919 3052 ad
1960 2998 2220 3049 infernum

1226 3072 1382 3138 solus,
1423 3086 1688 3138 regressus
1728 3079 1901 3124 autem
1959 3078 2038 3124 est
2095 3085 2215 3123 cum

1226 3146 1600 3206 multitudine,
1668 3152 1719 3197 et
1780 3153 1981 3214 septum
2047 3143 2215 3205 illud,

1226 3219 1358 3288 quod
1397 3235 1426 3270 a
1467 3219 1674 3272 saeculo
1714 3226 1844 3279 erat,
1888 3219 2043 3286 rupit,
2115 3233 2222 3270 me·

1227 3294 1468 3362 diumque
1530 3294 1775 3361 parietem
1831 3291 1967 3345 illius
2020 3291 2222 3343 'destru-

1228 3368 1321 3419 xit.
1351 3387 1377 3416 »
1408 3395 1478 3406 -
1504 3366 1556 3419 S.
1588 3366 1822 3420 Irenaeus
1853 3363 1951 3436 (5):
1985 3384 2013 3414 u
2042 3364 2096 3418 Si
2122 3365 2223 3418 Do-

1271 3496 1324 3584 g)
1347 3498 1388 3549 In
1414 3497 1571 3541 Epistola
1590 3497 1635 3532 ad
1653 3497 1762 3532 Trall.
1787 3506 1816 3531 c.
1830 3495 1865 3531 9.

1311 3541 1325 3585 )
1350 3542 1428 3576 Lib.
1453 3539 1489 3581 ³.
1514 3549 1593 3584 cup.
1619 3540 1673 3583 ³1,
1698 3547 1733 3576 n.
1759 3539 1794 3574 9.
