2332 3860
1020 50 1048 81 {n

762 163 882 204 uns
917 167 954 205 1.
997 163 1162 204 sse-rio
1200 166 1231 204 i.
1280 163 1433 205 caput·
1471 169 1525 205 lt.

54 255 56 257 ’
119 246 623 321 bique-nobis'legem
648 245 894 299 moralem
925 245 1106 308 dictat,

120 332 172 378 et
198 323 385 392 ubique
409 332 670 372 summum
698 319 897 372 Bonum
925 319 1112 372 ardens

123 395 378 451 felicitatis
401 393 713 447 desiderium
754 394 806 444 in
850 393 996 446 nobis
1022 408 1111 445 ex-

119 473 278 538 ci·tat;
308 468 382 520 sic
403 483 493 534 per
513 482 726 518 sensum
766 467 1007 519 intimum
1047 466 1111 518 ad

122 541 499 613 agnoscendam
515 541 914 593 immensitatem
935 546 988 592 et
1007 555 1116 593 om-

122 616 523 685 nipraesentiam
549 614 641 666 Dei
664 614 996 682 impellimur.

192 690 324 743 Nota
371 689 422 741 l.
471 687 618 740 Circa
659 687 755 740 hoc
807 687 1115 740 attributum

119 764 350 816 divinum
403 763 710 815 aberrarunt
764 757 824 812 1⁰
868 759 1022 812 Stoici
1067 767 1117 812 et

123 837 372 894 Platonici,
416 837 555 904 quia,
599 841 728 887 teste
771 834 1071 886 Tertulliano
1100 876 1111 896 ‚

137 911 444 971 docuerunt,
475 909 637 962 Deum
666 927 691 957 «
719 909 938 976 positum
967 916 1115 960 extra

131 984 382 1036 mundum
423 982 589 1044 stoici,
620 982 725 1051 qui,
756 982 902 1049 figuli
941 981 1112 1043 m0d0,

129 1058 454 1111 extrinsecus
482 1063 718 1125 torqueat
740 1055 874 1107 hanc
904 1055 1088 1107 molem
1098 1073 1112 1118 3

124 1133 258 1184 intra
298 1130 548 1182 mundum
589 1128 862 1190 Platonici,
895 1130 997 1197 qui,
1026 1145 1119 1195 gu-

129 1206 414 1258 bernatoris
465 1203 744 1271 exemplo,
795 1204 931 1254 intra
990 1202 1117 1254 illud

126 1285 350 1339 maneat,
393 1277 526 1346 quod
567 1283 743 1344 regat:
794 1297 817 1324 »
864 1276 955 1328 lios
997 1292 1117 1328 vero

126 1352 359 1406 nonnulli
411 1367 598 1418 graves
645 1357 883 1402 auctores
929 1350 992 1401 ab
1044 1366 1119 1402 er-

126 1443 241 1480 rore
283 1425 573 1478 vindicant:
618 1425 677 1475 ‘2⁰
717 1423 999 1476 Manichaei
1035 1425 1117 1491 qui

127 1501 437 1569 principium
461 1499 651 1551 bonum
676 1499 727 1549 in
756 1499 963 1564 regione
992 1498 1119 1549 lucis

128 1582 180 1626 et
221 1573 415 1626 malum
445 1574 497 1624 in
538 1573 747 1638 regione
788 1572 1118 1623 tenebrarum

128 1647 486 1710 collocarunt3
533 1643 591 1696 5⁰
633 1645 978 1696 Rationalistae
1016 1661 1116 1695 non

126 1722 298 1790 pauci,
330 1721 413 1788 qui
444 1719 643 1780 dicunt,
674 1734 790 1770 cum
814 1718 995 1770 Fausto
1023 1717 1117 1770 So-

124 1795 252 1856 cino‚
277 1794 440 1846 Deum
467 1808 566 1844 non
595 1793 837 1853 essentia,
883 1792 971 1843 sed
1013 1792 1120 1843 sola

125 1869 319 1920 virtute
370 1867 556 1935 ubique
611 1871 934 1933 praesentem
984 1879 1114 1915 esse.

124 1941 465 1995 Difficultates
505 1946 683 1992 contra
737 1939 1122 2005 omnipraesen-

130 2018 254 2068 tiam
283 2015 370 2067 Dei
402 2021 588 2073 motae,
622 2012 768 2064 facile
797 2012 1092 2064 solvuntur.

204 2088 312 2142 Obi.
347 2089 428 2140 l.⁸
473 2088 527 2140 S.
571 2086 838 2154 Scriptura
879 2092 1116 2146 testatur,

130 2162 293 2215 Deum
318 2178 418 2214 non
448 2162 655 2229 ubique,
682 2161 768 2213 sed
794 2162 842 2211 in
874 2160 1015 2211 coelo
1044 2175 1121 2210 re-

127 2236 295 2289 sidere
324 2234 432 2306 (l):
482 2235 619 2286 unde
654 2250 801 2287 orare
843 2234 1118 2285 iubemur:

130 2310 274 2362 Pater
318 2316 501 2369 noster,
542 2309 627 2375 qni
666 2324 714 2360 es
754 2308 810 2359 in
850 2307 1008 2360 coelis.
1051 2337 1122 2346 —

130 2383 249 2436 Ideo
284 2384 436 2436 etiam
477 2382 616 2434 Deus
655 2381 895 2434 hincinde
937 2382 1122 2432 descen-

130 2457 241 2509 dere
281 2458 372 2526 (Ξ),
415 2458 806 2525 appropinquare
852 2453 948 2525 (3),
996 2470 1123 2507 recc-

131 2531 241 2583 dcre
267 2529 365 2601 (lt),
398 2531 461 2582 ad
490 2531 652 2582 iustos
674 2530 853 2590 venire,
898 2535 949 2580 et
988 2530 1122 2596 apud

134 2619 221 2657 eos
247 2605 551 2656 mansionem
577 2604 734 2670 facere
763 2602 836 2672 (5)
866 2602 1071 2654 dicitur.

206 2677 347 2750 Resp.
380 2677 434 2730 S.
451 2677 716 2745 Scriptura
732 2677 894 2728 Deum
914 2678 961 2728 in
984 2683 1124 2728 certo

140 2751 250 2804 loco
289 2752 470 2803 adesse
497 2751 640 2811 dicit,
684 2751 734 2802 in
777 2766 875 2818 quo
915 2751 1122 2819 speciali

137 2824 286 2877 modo
328 2826 670 2891 praesentiam
719 2839 865 2876 suam
912 2825 1126 2876 manife-

9 3551 51 3601 ’.ι

136 2905 258 2951 stat.
312 2897 431 2950 Ideo
471 2898 523 2948 in
562 2897 718 2949 coelis
764 2913 874 2949 esse
915 2898 1121 2959 dicitur,

137 2973 253 3040 quia
279 2971 348 3023 ibi
382 2973 606 3038 seipsum
645 2971 696 3021 in
740 2971 935 3023 visione
963 2971 1124 3023 heati-

139 3046 235 3098 fica
262 3044 435 3098 Beatis
474 3044 683 3113 speciali
724 3044 874 3096 modo
914 3045 1126 3096 manife-

136 3125 263 3172 stat.
306 3118 494 3171 Nullibi
546 3125 720 3170 autem
765 3117 817 3169 S.
862 3116 1126 3185 Scriptura

139 3193 282 3254 dicit,
313 3192 477 3245 Deum
518 3198 710 3244 tantum
750 3193 800 3243 in
841 3192 998 3244 coelis
1040 3192 1126 3244 ha-

140 3266 323 3327 bitare,
367 3266 455 3318 sed
500 3267 668 3334 potius
714 3272 952 3330 testatur,
1008 3281 1125 3319 eum

203 3378 238 3423 1)
262 3382 308 3414 Is.
334 3380 387 3421 66,
414 3381 448 3422 1ς
473 3381 527 3415 Ps.
554 3379 608 3415 10.
635 3380 666 3414 5.

203 3424 224 3458 2
264 3425 351 3459 Gen.
377 3424 431 3465 11,
457 3424 486 3459 5.

160 3486 161 3489 ’
186 3379 226 3524 {a
265 3469 335 3502 lact
362 3467 396 3509 4,
421 3469 452 3503 8·

187 3509 239 3556 (ι)
263 3512 280 3546 1
301 3512 390 3556 neg.
415 3511 473 3555 18,
498 3512 553 3557 ιθ.

2018 161 2089 214 87

1175 247 1486 300 immensum
1513 254 1565 300 et
1593 247 1781 319 ubique
1807 278 1828 292 -
1854 253 1904 304 in
1949 261 2082 309 terra·
2103 273 2162 311 ac

1174 321 1224 372 in
1255 321 1361 389 ipso
1400 320 1600 374 interno
1628 351 1646 361 -
1676 331 1998 390 praesentem
2027 344 2159 383 esse.

1174 393 1339 447 Sensu
1361 394 1582 462 figurato
1595 394 1742 448 'Deus
1765 397 2096 464 descendere,
2114 411 2166 456 et

1175 468 1238 520 ad
1269 484 1359 521 nos
1385 460 1634 521 accedere
1661 468 1869 531 dicitur,
1900 471 2020 524 dum
2049 491 2163 542 pro-

1177 542 1332 609 pitius
1360 541 1492 594 dona
1524 542 1778 610 largitur3
1814 545 2052 598 recedere
2077 565 2167 600 ve·

1178 631 1253 675 rc,
1285 631 1402 667 eum
1425 616 1490 667 ab
1519 616 1688 684 impiis
1715 618 1915 683 gratias
1942 634 2063 671 suas
2089 637 2170 686 re·⁴

1179 688 1354 740 trahit.
1403 708 1428 737 «
1467 687 1613 742 Sicut
1653 690 1813 751 enim,
1857 691 1928 744 ait
1959 683 2170 746 &Thil-

1177 777 1280 813 mas
1293 759 1391 834 (6),
1409 762 1596 814 dicitur
1620 764 1694 815 sol
1718 763 1913 817 intrare
1940 764 2167 826 domum,

1180 835 1259 887 vel
1290 837 1448 898 exire,
1480 837 1528 888 in
1559 843 1808 905 quantum
1851 837 2024 891 radius
2064 841 2171 893 eius

1182 909 1424 976 pertingit
1472 909 1534 961 ad
1575 910 1813 974 domum3
1867 910 1942 964 sic
1988 913 2173 966 dicitur

1182 982 1321 1035 Deus
1351 984 1764 1052 appropinquare
1813 985 1876 1036 ad
1925 1002 2050 1047 neS,
2093 989 2172 1039 vel

1181 1056 1426 1108 recedere
1454 1073 1483 1108 a
1508 1058 1671 1119 nobis,
1698 1060 2031 1127 inquantum
2063 1077 2174 1128 per·

1180 1131 1396 1198 cipimus
1448 1131 1778 1187 influentiam
1818 1132 2063 1186 bonitatis
2103 1135 2174 1202 ip-

1180 1206 1305 1264 sius,
1332 1203 1413 1255 vel
1445 1206 1508 1256 ab
1537 1221 1596 1256 eo
1638 1205 1927 1257 deficimus.
1964 1227 1989 1255 »
2033 1206 2175 1269 Quod

1183 1279 1339 1329 iustos
1379 1279 1563 1330 attinet
1596 1319 1608 1339 ‚
1649 1279 1701 1331 S.
1750 1280 2056 1347 Augustinus
2100 1279 2173 1350 (7)

1183 1351 1370 1403 babet:
1418 1371 1444 1399 «
1486 1351 1776 1404 Fatendum
1822 1359 1930 1416 est,
1989 1354 2176 1422 ubique

1181 1441 1291 1477 esse
1318 1425 1481 1476 Deum
1508 1442 1596 1493 per
1624 1427 1906 1479 divinitatis
1937 1443 2176 1495 praesen-

1185 1500 1326 1559 tiam,
1359 1499 1447 1550 sed
1478 1515 1579 1551 non
1619 1501 1808 1569 ubique
1850 1516 1938 1569 per
1976 1500 2174 1553 inhabi-

1182 1573 1388 1624 tationis
1415 1574 1655 1639 gratiam.
1689 1594 1711 1622 »

1256 1645 1361 1697 Obi.
1397 1647 1479 1697 2³
1509 1646 1559 1698 Si
1607 1647 1746 1699 Deus
1795 1646 1982 1716 ubique
2031 1662 2176 1715 prae·

1182 1734 1300 1771 sens
1352 1726 1520 1778 esset,
1575 1727 1918 1788 sequeretur,
1963 1736 2084 1772 eum
2125 1722 2175 1772 in

1183 1793 1436 1851 sordibus,
1469 1794 1518 1843 in
1550 1794 1773 1861 peccatis
1812 1795 1940 1857 etin
1969 1794 2175 1846 daemo-

1183 1866 1331 1917 nibus
1385 1866 1590 1930 adesse3
1639 1868 1773 1934 quod
1828 1868 2081 1920 maiestati
2125 1877 2177 1920 et

1183 1940 1442 1992 sanctitati
1469 1941 1579 1991 eius
1606 1946 1880 2007 repugnat.

1257 2013 1395 2080 Resp.
1451 2012 1916 2081 Omnipraesentia-
1941 2013 2033 2065 Dei
2077 2030 2175 2067 non

1184 2086 1435 2138 materiali
1488 2088 1635 2139 modo
1689 2095 1766 2139 est
1814 2089 2171 2155 concipienda.

1186 2160 1321 2212 Deus
1366 2160 1551 2228 ubique
1594 2162 1899 2228 purissimus
1955 2167 2033 2213 est
2077 2163 2176 2229 spi-

1186 2235 1345 2297 ritus3
1408 2240 1459 2285 et
1510 2236 1646 2286 sicut
1685 2234 1760 2286 sol
1803 2250 1902 2286 non
1946 2235 2178 2287 foedatur

1185 2308 1534 2360 obscoenitate
1567 2309 1819 2370 locorum,
1864 2324 1991 2377 quos
2025 2309 2179 2361 radiis

1186 2383 1291 2433 suis
1325 2381 1587 2446 illustrat3
1633 2389 1684 2434 et
1730 2383 1864 2434 sicut
1907 2383 2078 2434 anima
2109 2382 2178 2434 le·

1189 2471 1332 2523 pram
1362 2471 1460 2507 non
1499 2455 1757 2508 contrahit
1795 2471 1862 2507 ex
1891 2455 2031 2523 lepra
2071 2471 2179 2508 cor-

1188 2531 1353 2597 poris:
1387 2530 1458 2581 ita
1499 2529 1659 2581 multo
1703 2529 1871 2580 minus
1909 2529 2049 2581 Deus
2089 2545 2179 2597 per

1186 2604 1382 2664 sordes,
1408 2603 1592 2671 quibus
1639 2602 1803 2664 adest,
1853 2603 2172 2671 inquinatur.

1187 2677 1383 2746 Neque,
1427 2692 1558 2745 quae
1601 2677 1744 2728 nobis
1783 2676 2006 2728 taedium
2036 2677 2177 2744 inge·

1188 2758 1328 2813 runt,
1360 2766 1533 2803 coram
1560 2750 1661 2803 Deo
1689 2749 1892 2802 sordida
1918 2756 2059 2810 sunt,
2087 2750 2178 2802 sed

1187 2827 1306 2894 quia
1333 2841 1394 2876 ex
1426 2825 1686 2892 principiis
1727 2825 1790 2876 ab
1830 2839 1890 2877 eo
1918 2824 2178 2892 productis

1189 2900 1500 2960 consistunt,
1538 2899 1671 2951 hona
1712 2903 1859 2961 sunt3
1904 2913 2023 2951 nam
2062 2897 2178 2951 vidit

1191 2974 1319 3025 Dens
1346 2980 1515 3024 cuncta
1542 2966 1670 3039 qnae
1708 2972 1914 3038 fecerat,
1954 2978 1998 3022 et
2036 2978 2178 3023 erant

1190 3047 1321 3099 valde
1337 3047 1456 3099 bona
1473 3045 1564 3115 (8).
1578 3045 1850 3097 Peccatum
1875 3045 2016 3096 iuxta
2043 3046 2178 3111 prin-

1189 3121 1319 3188 cipia
1358 3120 1410 3172 S.
1455 3118 1724 3186 Auqnstini
1765 3124 1816 3170 et
1862 3118 1922 3171 S.
1968 3117 2179 3170 Thomce

1192 3210 1290 3246 non
1332 3201 1430 3251 est,
1477 3194 1570 3244 nisi
1606 3192 1835 3244 defectus
1887 3192 2025 3252 boni,
2084 3191 2179 3257 pri-

1190 3268 1327 3320 vatio
1391 3266 1614 3318 iustitiae
1647 3307 1659 3328 ,
1722 3281 1812 3318 seu
1875 3264 2177 3318 inordinatio

1234 3381 1285 3424 (5)
1311 3383 1360 3415 ιο.
1387 3382 1440 3421 14,
1467 3381 1519 3415 23.

1234 3425 1283 3469 (6)
1309 3427 1322 3458 1
1346 3435 1381 3468 (ι.
1408 3425 1443 3464 9,
1469 3430 1536 3460 art.
1563 3424 1596 3460 1.
1621 3426 1664 3459 ad
1689 3423 1718 3459 3.

1236 3469 1286 3512 (7)
1314 3470 1375 3511 Ep.
1402 3469 1475 3503 187.

1235 3513 1284 3552 (8)
1310 3514 1398 3549 Gen·
1425 3513 1460 3550 1,
1484 3512 1536 3548 31.
