2332 3860
309 158 378 210 502

232 256 356 318 rint,
387 270 551 325 pauca
594 261 768 308 tamen
794 256 984 324 scripta
1013 254 1221 322 dogma-

232 331 365 392 tica,
433 335 486 382 et
524 330 773 398 polemica
825 336 1037 382 exarata
1095 329 1217 381 sint.

229 402 472 456 Nonnulli
532 410 704 456 tamen
754 404 1029 472 scriptores
1090 403 1221 454 sacri

167 538 171 547 Ι
230 478 412 531 merito
439 477 523 530 hic
548 484 1035 530 commemorantur.
1081 475 1137 528 ln
1164 476 1225 529 O-

230 553 395 604 riente
434 552 534 604 Leo
559 551 763 621 Sapiens
791 553 1068 620 imperator
1095 551 1222 602 scri-

228 627 328 692 psit
355 626 640 694 Epistolam
666 627 919 691 insignem
940 626 1001 676 ad
1034 625 1225 691 Regem

226 699 605 752 Saracenorum
635 700 707 752 de
747 700 1056 752 christianae
1108 699 1222 750 fidei

227 775 466 826 veritate.
491 775 763 843 Eutychius
793 774 932 826 Patr.
966 773 1118 824 Alex.
1151 772 1224 823 di-

674 174 994 211 INTRODUCTIO
1032 173 1083 210 IN
1120 160 1442 211 THEOLOGIAttf
1466 173 1830 211 THEORETtCAM.

1283 254 1379 308 bus
1405 254 1598 307 credita
1616 262 1756 307 sunt.
1789 255 1941 308 Porro
1969 253 2030 308 ad
2063 253 2276 324 proban-

1284 329 1426 391 dum,
1460 328 1741 382 Ecclesiam
1780 329 1830 381 in
1863 329 1961 381 hac
1999 329 2207 398 periodo
2245 346 2275 382 a

1286 403 1399 454 fidei
1432 403 1654 470 puritate
1682 418 1782 455 non
1825 403 2117 464 deflexisse,
2142 401 2277 455 suffi-

1285 477 1428 529 ciunt
1455 477 1815 544 promissiones
1842 477 2048 539 Christi,
2091 478 2277 546 quibus
2319 473 2322 476 ’

1286 551 1410 602 certi
1454 551 1735 613 reddimur,
1778 550 2064 602 Ecclesiam
2105 551 2277 603 visibi-

1288 625 1385 676 lem
1428 624 1491 677 ab
1531 625 1638 693 ipso
1680 625 1965 676 institutam
2015 640 2277 693 nunquam

1287 698 1506 750 deficere
1544 715 1710 766 posse.
1767 698 1907 750 Haec
1946 699 2085 750 enim
2122 714 2275 766 supra

1288 773 1489 824 firmam
1528 779 1727 840 petram
1768 773 2037 824 aedificata
2078 779 2183 834 est,
2228 778 2279 829 el

227 849 578 915 sputationem
617 849 754 900 inter
793 847 1134 900 heterodoxos
1175 854 1225 898 et
1279 855 1455 914 portae
1495 847 1646 914 inseri
1684 863 1780 898 non
1814 846 2155 914 praevalebunt
2194 846 2279 898 ad-

227 921 534 974 christianos
564 923 809 990 scriptam
832 922 1085 973 exaravit.
1112 920 1225 972 Sui-

226 993 541 1048 das‘lexicon
566 996 823 1064 prolixum
846 996 1024 1059 edidit,
1058 997 1107 1046 in
1126 1011 1225 1063 quo

227 1069 494 1123 historiam
534 1071 937 1123 ecclesiasticam
976 1069 1220 1130 illustrat,

227 1150 278 1196 et
330 1145 474 1197 varia
510 1152 745 1197 veterum
800 1145 1085 1212 fragmenta
1138 1159 1223 1194 re-

164 1279 165 1282 *
227 1219 344 1271 sert.
395 1218 453 1270 In
514 1218 792 1271 Occidente
835 1221 1026 1286 scripta
1087 1217 1226 1269 theo-

225 1292 392 1360 logica
433 1293 708 1346 ediderunt
761 1293 1026 1346 Ratherius
1064 1291 1122 1344 Ο.
1167 1291 1219 1343 S.

225 1366 283 1418 B.
316 1366 410 1434 Ep.
439 1366 773 1428 VeronensiS‚
817 1365 931 1419 Αιιο
973 1367 1066 1433 Ep.
1099 1365 1222 1420 Ver-

225 1440 487 1501 cellensi5‚
511 1440 564 1494 S.
598 1441 701 1494 Odo
723 1439 896 1493 Abbas
924 1440 1225 1492 Cluniaeen-

224 1516 322 1575 sis,
366 1514 637 1582 Heriqerus
676 1514 849 1567 Abbas
890 1514 1219 1574 LaubiensiS‚

226 1588 550 1641 Burchardus
625 1590 719 1656 Ep.
790 1587 1218 1646 WormatiensiS,

222 1661 493 1727 Stephanus
520 1663 614 1730 Ep.
644 1663 917 1723 Edvensis,
935 1670 986 1714 et
1011 1662 1104 1713 Leo
1137 1661 1230 1712 VII

225 1737 382 1804 quiin
413 1737 647 1804 pluribus
691 1736 921 1804 epistolis
948 1751 1097 1787 suam
1138 1735 1226 1786 do-

225 1812 445 1862 ctrinam
473 1818 526 1862 et
566 1811 809 1878 pietatem
853 1810 1217 1860 manifestavit.

223 1882 499 1936 Caeterum
527 1899 557 1934 a
579 1884 787 1936 saeculo
815 1884 1033 1950 septimo
1062 1898 1222 1950 usque

222 1957 287 2010 ad
319 1957 652 2009 undecimum
692 1973 954 2009 summum
994 1958 1222 2007 virorum

222 2031 586 2099 religiosorum
612 2032 840 2084 studium
883 2048 940 2082 eo
970 2031 1220 2082 directum

224 2112 356 2164 erat,
391 2112 449 2157 ut
487 2107 680 2167 omnia,
721 2122 853 2174 quae
894 2106 1027 2156 cirea
1070 2105 1222 2156 fidem

225 2195 253 2231 a
285 2179 565 2232 maioribus
596 2179 858 2252 praeclare
888 2179 1076 2231 tradita
1115 2179 1225 2230 sue-

224 2260 375 2314 rant,
421 2253 483 2305 ad
528 2261 756 2321 posteros
797 2253 1017 2305 fideliter
1058 2259 1223 2304 trans-

227 2328 575 2380 mitterentur.
620 2327 752 2379 Hinc
791 2327 983 2379 sactum
1025 2333 1123 2387 est,
1168 2333 1223 2398 ut

225 2403 500 2470 praecipue
548 2402 600 2453 in
660 2401 946 2462 coenobiiS,
1003 2395 1222 2469 quorum

224 2477 467 2528 iam’erat
494 2479 753 2527 maximus
784 2491 1050 2532 numerus,
1085 2474 1223 2525 indc-

225 2549 358 2601 fesso
387 2549 582 2610 labore,
627 2556 678 2601 et
718 2565 921 2602 summa
959 2549 1223 2616 diligentia

225 2622 317 2675 SS.
350 2623 634 2676 Bibliorum
675 2629 726 2675 et
765 2623 855 2674 SS.
901 2623 1112 2674 Patrum
1141 2638 1224 2673 co-

226 2696 365 2747 dices
407 2698 896 2748 transcriberentur.
942 2696 1224 2747 -Existi-

228 2777 370 2821 mant
406 2771 614 2838 quidem
654 2770 887 2822 nonnulli
931 2770 1223 2822 Protestan-

226 2844 375 2906 tium,
409 2844 505 2896 hoc
532 2845 856 2913 ignorantiae
896 2844 1103 2895 saeculo
1133 2859 1223 2911 pu-

227 2932 336 2968 ram
379 2916 655 2984 Religionis
684 2919 995 2970 christianae
1038 2918 1223 2969 doctri·

228 3006 348 3042 nam
388 2990 535 3042 facile
563 2994 789 3058 potuisse
819 2993 1098 3060 corrumpi.
1131 2991 1224 3043 Ast

228 3070 406 3116 notum
433 3072 591 3115 estex
614 3066 823 3118 historia
846 3065 1217 3124 ecclesiastica,

227 3152 326 3190 nec
353 3154 545 3190 novum
573 3139 669 3191 hoc
693 3140 900 3192 saeculo
935 3140 1120 3208 dogma
1148 3140 1222 3190 in-

229 3218 468 3273 vectum,
542 3228 639 3263 nec
704 3221 853 3266 vetus
917 3215 1221 3281 abrogatum

227 3285 406 3346 fuisse,
433 3286 573 3355 quia,
618 3293 675 3338 ut
713 3288 764 3338 in
806 3288 1024 3340 decursu
1066 3287 1224 3339 Theo-

228 3358 395 3427 logiae
414 3360 734 3422 ostendetur,
761 3363 930 3413 omnia
959 3362 1218 3428 dogmata,

228 3447 361 3502 quae
401 3448 539 3485 nunc
577 3439 720 3486 tenet
759 3433 989 3487 Ecclesia
1046 3433 1222 3487 catho-

230 3505 349 3568 lica,
385 3521 609 3576 semper,
640 3507 830 3577 ubique
868 3512 922 3560 et
958 3507 1023 3560 ab
1061 3505 1224 3560 omni·

1289 937 1453 972 tersus
1491 920 1662 989 eam(l
1677 919 1716 987 ).
1748 919 1893 973 Sicut
1920 936 2041 988 ergo
2068 935 2164 972 nec
2192 935 2280 987 per

1289 996 1442 1062 impia
1482 991 1769 1046 infidelium
1812 1003 1862 1047 et
1903 995 2276 1047 haereticorum

1288 1070 1593 1130 conamina,
1612 1070 1701 1120 ita
1745 1084 1839 1120 nec
1882 1085 1971 1137 pet
2011 1068 2280 1121 desidiosu-

1288 1158 1401 1194 rum
1449 1143 1715 1194 hominum
1752 1144 2002 1195 incuriam
2033 1149 2084 1194 et
2137 1144 2280 1210 igno·

1290 1217 1509 1269 rantiam
1540 1217 1649 1268 fieri
1682 1224 1865 1285 potest,
1899 1224 1955 1269 ut
1994 1217 2222 1269 Ecclesia
2251 1232 2297 1275 a,

1288 1298 1427 1344 recta
1456 1291 1555 1344 fide
1577 1291 1835 1344 deflectat.

1600 1451 1884 1488 ARTICULUS
1908 1452 1963 1487 11.

1585 1541 1729 1584 Epocha
1754 1541 1979 1577 scholastica.

1698 1646 1736 1703 ς
1777 1646 1869 1690 aa.

1359 1734 1477 1787 Post
1504 1736 1770 1787 saeculum
1814 1737 2070 1788 decimum
2111 1736 2279 1788 studia

1287 1807 1570 1875 theologica
1596 1809 1836 1862 reflorere
1853 1817 2153 1877 caeperunt:
2182 1811 2279 1862 imo

1287 1884 1439 1934 etiam
1471 1883 1698 1935 studium
1726 1883 2103 1951 Philosophiae,
2139 1900 2281 1952 prae-

1286 1958 1460 2008 sertim
1504 1956 1860 2010 Aristotelicae
1894 1959 1944 2009 in
1975 1958 2281 2025 Theologiac

1286 2031 1574 2083 subsidium
1615 2032 1746 2084 felici
1806 2048 2046 2084 successu
2088 2032 2281 2084 adbibi-

1288 2111 1393 2156 tum
1423 2113 1527 2166 est,
1560 2107 1627 2157 ita
1671 2113 1726 2157 ut
1754 2107 1956 2173 integra
2003 2106 2281 2174 Religionis

1287 2180 1547 2231 tcvelatae
1562 2180 1791 2232 doctrina
1807 2180 2092 2232 scientifico
2113 2180 2279 2244 mode,

1286 2260 1336 2304 et
1363 2255 1696 2322 systematico
1720 2254 1939 2322 quodam
1962 2254 2140 2306 ordine
2169 2270 2280 2322 per—

1288 2334 1618 2380 tractaretur.
1666 2328 1795 2380 Cum
1835 2335 2010 2380 autem
2043 2328 2092 2380 id
2134 2343 2281 2395 prae-

1287 2402 1433 2470 cipue
1474 2402 1523 2452 in
1581 2402 1795 2469 publicis
1834 2401 2024 2454 scholis
2089 2401 2235 2454 fieret
2263 2442 2274 2461 ‚

1288 2474 1406 2526 hinc
1450 2475 1640 2527 factum
1681 2492 1789 2528 esse
1831 2476 2090 2537 creditur,
2134 2481 2191 2526 ut
2228 2491 2280 2526 o-

1288 2564 1451 2609 mnes,
1496 2551 1579 2617 qui
1625 2550 1850 2632 praefato
1894 2550 2039 2600 modo
2080 2550 2280 2600 institu-

1288 2625 1449 2674 tiones
1498 2609 1810 2690 theologicas
1865 2623 2274 2679 elucubtarunt

1286 2697 1719 2764 subsequentibus
1778 2696 2094 2764 temporibus
2138 2696 2280 2748 Theo·

1287 2769 1378 2837 loyi
1398 2770 1670 2822 scholaste'ci
1688 2771 2093 2838 appellarentur.
2118 2769 2279 2821 Theo-

1288 2843 1384 2910 logi
1410 2845 1490 2895 isti
1516 2844 1838 2911 Philosophia
1866 2845 1929 2895 ad
1960 2843 2278 2911 Religionem

1287 2917 1667 2979 illustrandam,
1699 2918 1883 2973 nonad
1906 2933 2020 2969 eam
2049 2933 2277 2969 corrum-

1288 2991 1505 3058 pendam
1548 2993 1625 3043 usi
1665 2998 1819 3055 sunt;
1860 3006 1982 3043 nam
2037 2991 2172 3043 dicto
2212 2990 2271 3043 S.

1284 3063 1555 3133 Auyustini
1586 3084 1611 3114 «
1656 3065 1836 3127 crede,
1882 3073 1938 3117 ut
1966 3064 2271 3131 intelligas»

1287 3140 1536 3190 tenaciter
1562 3138 1915 3199 inhaerentes,
1941 3139 2178 3204 dogmata
2202 3153 2277 3188 rc·

1286 3212 1475 3272 velata,
1508 3219 1559 3263 et
1593 3213 1656 3264 ab
1695 3212 1924 3264 Ecclesia
1963 3212 2026 3263 ad
2054 3210 2277 3262 'creden-

1284 3286 1407 3337 dum
1435 3287 1686 3353 proposita
1718 3292 1962 3354 tanquam
1988 3284 2273 3337 indubitata

1283 3367 1334 3410 et
1386 3359 1703 3411 inconeussa
1767 3359 2016 3426 principia
2070 3373 2275 3425 recepe·

1284 3438 1424 3494 runt,
1455 3437 1507 3484 et
1535 3431 1882 3500 philosophica
1921 3431 2282 3500 speculatione

1326 3530 1377 3578 (1)
1401 3531 1526 3570 mauu.
1547 3530 1599 3574 te,
1625 3529 1680 3571 18.
