2332 3860
732 140 851 179 'Ans
890 142 942 181 Π.
987 142 1154 182 sumto
1192 144 1259 182 ΙΙ..
1288 140 1462 182 carin·
1479 141 1536 180 n.

1971 122 2081 174 MJ5

0 186 232 286 satum
241 218 456 290 gratiae,
498 208 609 273 tum
636 221 792 274 etiam
832 221 1001 278 libero
1017 240 1097 278 ar·
1157 241 1240 280 res
1276 238 1474 285 omneS‚
1517 223 1621 275 imo
1647 219 1816 290 ipsum
1855 215 2023 270 Deum
2049 218 2164 270 ine-

46 284 90 363 9
77 294 253 349 bitrio
302 292 442 347 recte
491 293 833 349 adscribatur.

58 362 294 436 gratiae
350 372 403 419 et
441 365 585 420 liberi
637 368 843 423 arbitrii
877 372 1092 424 coniun-

902 297 956 350 ln
996 298 1094 352 hac
1155 297 1490 366 luctabilifalo
1516 295 1870 378 subiecerunt.
1901 290 1997 342 iste
2035 307 2153 358 gra·

1157 373 1394 427 vissimus
1424 386 1587 430 error,
1629 368 1717 438 qui
1756 366 1921 448 ipsam
1958 362 2148 418 Divini-

71 438 264 494 ctione
301 438 556 493 infinitam
611 441 702 494 Dei
753 444 1091 509 gubernantis
1156 453 1310 498 tatem
1340 444 1558 498 destruit
1591 441 1936 495 communiter
1974 438 2147 490 tribui-

82 513 397 582 sapientiam
436 529 495 566 eo
524 516 687 582 magis
720 516 962 570 admirari
1002 517 1090 571 de-
1153 526 1238 572 tur
1262 519 1454 572 Stoicis,
1485 514 1767 569 Aristoteles
1802 510 2024 566 asseruit
2076 511 2147 563 di-

94 586 292 650 bemus,
334 602 434 656 quo
462 588 630 640 minus
667 590 836 658 ipsum
875 593 1087 644 coniun—

53 658 274 731 fetionis
330 661 539 713 modum
599 671 771 715 mente
811 671 985 717 nostra
1027 667 1088 718 li-

73 732 270 788 ·mitata
308 736 747 803 comprehendere
787 739 1042 792 valemus.

76 811 98 866 g
160 807 309 860 Nota.
353 808 545 871 Multa,
598 827 729 879 quae
768 812 819 863 in
861 813 1081 865 decursu

76 879 372 950 theologiae
386 882 548 936 fusius
566 886 925 952 pertractanda
943 894 1080 955 sunt,

87 953 310 1008 breviter
367 956 450 1008 hic
507 959 776 1042 indigitata
830 961 1075 1022 fuerunt,

86 1033 195 1081 tum
234 1036 290 1082 ut
328 1031 704 1098 sapientissima
756 1034 935 1086 mundi
979 1051 1080 1088 mo·

48 1101 206 1161 stalis
242 1104 549 1172 gubernatio
588 1107 922 1167 ostendatur,
967 1116 1077 1161 tum

83 1175 235 1229 etiam
277 1185 334 1230 ut
372 1188 648 1247 appareat,
703 1183 953 1249 quomodo
995 1199 1077 1235 ve-

58 1250 259 1308 ‚ritates
285 1251 603 1320 theologicae
642 1255 821 1308 intime
849 1257 983 1308 inter
1020 1274 1074 1309 se

82 1333 474 1388 connectantur,
506 1344 785 1397 omnesque
818 1331 882 1383 ad
914 1347 1072 1384 unum

81 1398 399 1483 eu‘ndemque
420 1402 788 1455 nobilissimum
804 1404 957 1457 finem
974 1406 1075 1457 col·

46 1469 290 1548 liment,
334 1475 575 1528 nimirum
623 1478 686 1529 ad
731 1479 1070 1532 moralitatem

46 1517 298 1599 hominis
319 1551 739 1616 promovendam,
760 1560 810 1605 et
837 1553 1072 1606 ultimato

78 1618 141 1672 ed
173 1620 391 1689 gloriam
418 1623 511 1675 Dei
546 1626 992 1681 manifestandam.

371 1801 606 1849 CAPUT
658 1805 737 1848 n.

53 1901 281 1932 -wcurto
312 1905 506 1934 Por-emm
537 1908 586 1935 DE
624 1908 886 1938 Pnovmwru
920 1911 1068 1939 muru.

454 2039 493 2098 ς
531 2042 681 2087 eoa.

146 2133 290 2188 Circa
331 2135 618 2190 doctrinam
645 2140 706 2191 de
749 2142 1068 2208 providentii

59 2203 248 2261 ,divina
310 2212 541 2263 nonnulli
602 2216 817 2281 turpiter
867 2217 1070 2269 aberra·

76 2289 215 2333 runt.
260 2283 871 2350 Epicuraeidictitaiunt,
905 2290 1068 2343 Deum

0 2420 1 2424 Ἰ
75 2353 268 2408 deliciis
293 2363 491 2410 cunctis
510 2361 857 2414 abundantem
881 2365 943 2416 de
972 2372 1070 2417 ter·

0 2445 1 2487 l
76 2430 214 2482 renis
253 2432 405 2484 rebus
431 2450 608 2485 curam
639 2436 834 2488 nullam
861 2454 1060 2504 gerere.

69 2499 344 2562 Daulis-tae
373 2513 429 2558 ut
456 2509 707 2561 bonorum
735 2518 785 2562 et
816 2513 1065 2565 malorum

73 2571 320 2645 originem
359 2581 698 2648 explicarent,
730 2585 830 2637 duo
865 2603 1065 2639 summa

75 2651 319 2718 principia
377 2656 730 2720 admiserunt,
788 2660 1061 2723 docenteS‚

62 2723 375 2790 {principium
436 2730 627 2783 malum
693 2750 747 2783 se
797 2734 885 2785 Dei
948 2736 1062 2787 boni

72 2798 295 2851 consiliis
319 2803 563 2856 continuo
601 2821 877 2873 opponere,
910 2825 1062 2874 opera

67 2870 182 2923 eius
218 2888 567 2943 corrumpere,
594 2886 646 2931 et
688 2883 983 2965 praesertim
1012 2884 1062 2935 in

69 2943 336 3001 materiam
389 2950 676 3004 dominari:
743 2955 952 3022 impiam
1003 2973 1065 3009 ac

69 3009 319 3074 {insanam
351 3021 488 3075 hanc
513 3027 823 3081 sententiam
856 3030 906 3080 in
934 3046 1063 3083 aevo

71 3088 346 3150 christiano
384 3098 661 3165 amplexati
702 3103 1063 3156 suntMarcio·

70 3154 201 3217 initae
237 3175 289 3220 et
321 3169 620 3231 Manichaei,
651 3175 735 3242 qui
777 3175 839 3228 de
878 3177 968 3229 Dei
1009 3195 1063 3232 0-

70 3239 404 3306 mnipotentia
443 3251 495 3296 et
533 3246 757 3300 dominio
785 3251 918 3302 male
945 3268 1063 3304 sen-

68 3308 257 3365 tientes
279 3316 425 3369 inter
464 3318 669 3373 divinae
710 3324 1061 3389 providentiae

59 3380 387 3457 puceu-sorios
449 3394 632 3446 merito
697 3405 1054 3451 numerantur.

59 3444 149 3509 ,Aa
189 3455 279 3510 lios
316 3462 470 3516 etiam
526 3473 764 3535 spectant
820 3470 932 3533 illi,
974 3473 1059 3540 qui

54 3686 123 3798 ‘'3'‘ss
164 3770 174 3794 ,r

56 3765 124 3860 s
146 3830 154 3850 .

1152 595 1327 646 vinam
1356 591 1732 660 providentiam
1758 586 1822 639 ad
1844 585 2144 639 sublunaria

1148 683 1202 718 se
1243 683 1344 720 non
1384 665 1687 718 extendere.
1731 661 1807 715 M.
1856 659 1910 712 T.
1951 659 2142 722 Cicera,

1146 743 1381 808 quamvis
1409 738 1738 808 caeteroquin
1781 732 2048 803 praeclare
2081 733 2142 786 de

1145 814 1317 866 divina
1340 813 1661 882 providentia
1682 810 1951 871 scriberet,
1964 806 2028 859 ab
2046 806 2143 861 hac

1147 894 1316 940 tamen
1346 888 1603 941 humanas
1641 885 1871 939 actiones
1895 882 2137 949 excepit,

1142 964 1382 1029 quoniam
1421 978 1523 1014 non
1565 958 1843 1019 intellexit,
1887 956 2143 1039 quomodo

1142 1035 1227 1087 illa
1251 1035 1540 1104 posita‚liae
1569 1035 1758 1088 liberae
1780 1048 1891 1084 esse
1921 1037 2134 1098 possint.

1140 1109 1526 1162 Recentioribus
1550 1107 1869 1176 temporibus
1908 1105 2139 1157 divinam

1139 1185 1512 1249 providentiam
1596 1183 1801 1251 penitus
1879 1186 2139 1246 negarunt

1141 1256 1344 1310 Thomas
1365 1257 1549 1310 Hobbes
1589 1264 1640 1309 et
1675 1255 1906 1315 Volcaire,
1947 1255 2031 1322 qui
2061 1270 2138 1306 as-

1136 1346 1307 1383 serere
1337 1349 1438 1384 non
1467 1332 1689 1397 erubuit,
1711 1330 1947 1382 homines
1974 1343 2137 1396 aeque

1133 1421 1164 1456 a
1204 1405 1307 1457 Deo
1347 1407 1546 1468 curari,
1588 1421 1650 1457 ac
1689 1422 1717 1458 a
1761 1404 1906 1455 nobis
1943 1417 2137 1470 mures,

1134 1480 1218 1546 qui
1272 1481 1323 1531 in
1363 1482 1501 1547 agris
1550 1480 1736 1531 nostris
1795 1478 2132 1541 discurrunt3

1134 1552 1317 1605 similia
1348 1556 1499 1605 etiam
1530 1553 1615 1606 alii
1653 1550 2137 1621 pseudophilosophi

1135 1628 1523 1679 deblaterarunt
1575 1626 1672 1698 (l).
1705 1626 1793 1678 His
1826 1624 2136 1678 accensendi

1134 1708 1255 1752 sunt
1295 1702 1673 1762 Naturalislae,
1718 1700 1801 1768 qui
1862 1699 1999 1750 omni
2041 1697 2136 1750 Dei

1135 1775 1333 1826 influxu
1374 1777 1608 1833 secluso,
1665 1774 1785 1825 solis
1825 1773 2039 1832 viribuS‚
2083 1778 2137 1824 et

1134 1847 1333 1910 legibus
1375 1849 1695 1900 naturalibus
1723 1854 1908 1898 cuncta
1938 1846 2135 1907 adscri-

1135 1923 1279 1974 bunt.
1339 1923 1475 1975 lnter
1515 1922 1887 1975 intensissimos
1928 1920 2135 1972 divinae

1134 1997 1486 2063 providentiae
1501 1998 1673 2049 hostes
1691 1993 1994 2046 numerandi
2013 2001 2136 2047 sunt

1132 2070 1454 2130 Puntlzeistae,
1481 2072 1698 2140 quicum
1724 2069 2134 2138 Spinozaomnia

1131 2161 1197 2196 ex
1262 2147 1569 2197 necessitate
1636 2151 1851 2195 naturae
1924 2145 2134 2195 evenire

1131 2219 1327 2280 dicunt,
1372 2227 1424 2271 et
1451 2222 1523 2271 sic
1546 2235 1751 2272 omnem
1782 2218 1987 2269 divinae
2018 2216 2134 2273 Pro·

1133 2293 1389 2344 videmiae
1430 2294 1596 2344 ideam
1624 2295 1824 2359 penitus
1864 2297 2126 2343 evertunt.
2172 2326 2180 2332 -
2264 2328 2285 2348 .

1204 2365 1310 2419 obi.
1360 2368 1409 2418 l.
1455 2366 1614 2418 Nemo
1644 2366 1842 2418 inficias
1870 2366 1982 2426 ibit,
2017 2365 2131 2431 plu-

1130 2440 1258 2492 rima
1301 2440 1351 2491 in
1395 2440 1489 2492 hoc
1544 2441 1734 2491 mundo
1801 2439 1934 2490 mala
1992 2438 2133 2491 inve-

1132 2515 1248 2574 niri,
1294 2516 1433 2566 varia
1476 2514 1798 2566 incommoda
1844 2529 1931 2580 pro
1973 2512 2132 2564 homi·

1130 2589 1313 2650 nibu5‚
1357 2596 1596 2640 austerae
1636 2588 1989 2644 calamitates,
2034 2586 2131 2639 fre·

1127 2669 1343 2730 quentes
1366 2663 1584 2730 dolores,
1612 2663 1986 2728 innumeraque
2016 2676 2130 2728 pec-

1127 2743 1240 2787 cata
1281 2743 1331 2788 et
1372 2736 1586 2803 flagitia:
1650 2736 1950 2807 homicidia,
1985 2734 2131 2794 adul·

1130 2812 1275 2871 teria,
1319 2810 1454 2863 furta
1495 2819 1595 2871 etc.
1641 2810 1693 2863 Si
1736 2810 1873 2861 Deus
1913 2824 2014 2861 non
2044 2824 2129 2874 co·

1125 2886 1326 2950 gnoscit
1369 2886 1495 2936 haec
1536 2883 1693 2942 mala,
1727 2899 1826 2935 non
1855 2890 1933 2935 est
1967 2883 2128 2935 omni-

1126 2960 1281 3018 sciuS,
1325 2958 1367 3011 si
1408 2975 1467 3010 ea
1496 2959 1778 3025 cognoscit,
1810 2964 1859 3009 et
1891 2971 1990 3009 non
2021 2963 2129 3025 pot-

1125 3039 1202 3084 est
1242 3032 1423 3084 tollere
1453 3049 1552 3084 non
1582 3039 1660 3084 est
1694 3031 2040 3099 omnipotens3
2083 3031 2125 3083 si

1127 3112 1329 3173 potest,
1373 3107 1460 3158 sed
1505 3122 1606 3158 non
1649 3105 1761 3158 vult
1799 3121 1860 3157 ea
1899 3105 2082 3157 tollere
2107 3145 2121 3166 ,

1125 3196 1223 3231 non
1266 3186 1344 3230 est
1382 3179 1578 3232 infinite
1631 3180 1833 3232 bonus:
1876 3177 2123 3247 quidquid

1124 3269 1245 3318 ergo
1285 3253 1514 3321 dicatur,
1556 3254 1792 3322 neganda
1832 3259 1909 3305 est
1950 3254 2124 3304 divina

1126 3327 1484 3393 providentia,
1527 3327 1610 3380 vel
1652 3329 1831 3386 etiam¹
1872 3327 1981 3394 ipsa
2029 3324 2122 3378 Dei

1123 3400 1419 3471 eitistentia²

1165 3497 1222 3543 ιι)
1245 3498 1377 3543 wien.
1401 3498 1426 3546 s
1451 3499 1529 3538 ιη
