2332 3860
0 266 131 327 ’τοι
150 271 408 326 conantem
430 276 571 329 esse‚'
586 270 627 322 si
651 271 763 322 eius
790 267 1023 324 obiectum

22 349 311 415 {spectetur3
353 344 675 413 eundemque
716 346 869 396 etiam
914 361 1023 397 con-

19 419 446 475 'vonienlissivnum
521 432 578 469 ac
647 417 1025 470 saluberrimum

16 503 166 553 resse,
222 493 261 544 si
321 492 431 544 eius
493 491 726 545 motivum
790 493 1023 544 conside-

23 571 197 619 ⁴retur.

31 658 35 662 ·
112 639 162 690 1.
215 635 459 690 obiectum
518 638 672 691 huius
729 639 899 690 cultus
950 644 1025 702 est

24 711 412 765 'sanctissimum
471 710 567 764 Cor
619 711 730 765 lesu
781 711 892 763 Filii
934 711 1023 762 Dei

26 785 307 846 incarnati,
339 786 423 853 qui
454 801 570 842 cum
595 786 848 854 perfectus
877 785 1026 836 homo

36 860 121 921 sit,
163 860 295 911 sicut
335 858 555 927 reliquas
595 859 807 911 humani
853 874 1027 926 corpo-

18 933 106 984 ⁷ris
144 940 333 1001 parteS‚
365 934 435 985 ita
464 935 617 986 etiam
657 949 744 985 cor
782 949 1025 985 carneum

37 1021 128 1058 seu
186 1006 421 1059 naturale
479 1007 755 1074 assumpsit
808 1014 857 1059 et
910 1022 1026 1058 cum

13 1078 313 1132 ‘Divinitate
346 1096 438 1132 sua
467 1081 785 1149 hypostatice
824 1082 1030 1138 coniun-

36 1153 130 1206 xit.
156 1153 289 1221 Ergo
311 1154 506 1206 licitum
548 1160 599 1206 et
626 1154 942 1207 orthodoxae
973 1154 1030 1205 fi-

20 1226 115 1278 ·dei
156 1228 385 1296 apprime
439 1244 719 1281 consonum
772 1236 889 1290 est,
943 1244 1030 1281 cor

38 1301 173 1353 istud
213 1301 412 1362 colere,
456 1303 558 1354 imo
598 1304 750 1354 etiam
792 1318 1030 1369 supremo

38 1373 216 1427 latriae
256 1375 398 1427 cultu
438 1376 670 1428 adorare.
726 1376 799 1427 De
839 1376 939 1428 fide
980 1393 1031 1427 e-

38 1449 143 1501 nim
183 1455 278 1509 est,
324 1456 380 1501 ut
420 1465 485 1501 ex
526 1449 888 1506 demonstratis
917 1466 1034 1501 con-

37 1529 176 1582 stat,
222 1524 462 1575 unionem
522 1523 896 1592 hypostaticam
944 1526 1034 1575 im-

39 1596 258 1648 mediate
299 1613 416 1655 cum
478 1604 581 1649 tota
622 1596 806 1650 Christi
856 1598 1034 1650 huma-

35 1670 217 1721 nitate·
238 1686 298 1722 ac
339 1671 557 1736 singulis
585 1672 814 1723 eiusdem
855 1672 1032 1723 huma-

39 1744 212 1795 nitatis
256 1746 483 1811 partibus
525 1746 710 1797 factam
751 1761 888 1806 esse,
934 1747 1031 1797 imo

40 1816 411 1885 hypostaticam
454 1820 692 1871 unionem
734 1819 887 1870 Verbi
917 1835 1033 1870 cum

42 1891 361 1949 humanitate
412 1909 522 1943 esse
563 1895 811 1949 rationem
853 1894 1036 1949 forma-

41 1963 170 2026 lem,
215 1981 314 2034 qua
356 1966 647 2018 humanitas
687 1968 795 2033 ipsa
834 1983 894 2019 ac
933 1969 1034 2019 sin·

41 2039 194 2107 gulae
249 2041 358 2091 eius
418 2047 588 2108 partes
646 2042 927 2093 subsistant
976 2058 1051 2106 ac,

16 2115 265 2165 *existant
305 2114 354 2165 in
398 2128 571 2165 rerum
620 2122 803 2166 natura
854 2131 942 2167 seu
986 2117 1034 2166 in

43 2195 300 2239 concreto.
363 2186 495 2254 Ergo
554 2195 663 2239 tum
703 2188 1032 2249 humanitaS‚

47 2266 153 2318 tum
183 2260 417 2328 singulae
445 2262 674 2313 eiusdem
704 2262 1038 2314 humanitatis

49 2341 216 2402 partes
255 2330 500 2387 colendae
540 2343 658 2387 sunt
687 2336 829 2388 cultu
860 2338 1038 2389 latriae

51 2408 108 2460 ob
148 2408 306 2460 divini
349 2407 504 2462 Verbi
546 2425 849 2477 personam,
893 2411 1039 2461 cuius

42 2483 279 2551 ,propriae
320 2482 483 2535 factae
511 2490 651 2538 sunt.
696 2482 1036 2545 Quamobrem

43 2556 273 2620 graviter
313 2555 612 2609 hallucinati
666 2563 787 2608 sunt
821 2557 1038 2623 theologi

46 2628 138 2689 illi,
181 2630 266 2697 qui
306 2635 463 2681 totam
504 2631 711 2699 quidem
752 2631 1043 2684 humanita-

47 2709 148 2754 tem
191 2703 242 2753 in
298 2701 498 2756 Christo
555 2705 871 2758 adorandam
931 2722 1041 2757 esse

47 2776 404 2836 admiserunt,
464 2784 518 2829 at
577 2779 797 2830 eundem
863 2779 1042 2831 latriae

47 2847 243 2901 cultum
270 2848 418 2901 Cordi
455 2850 566 2902 lesu
602 2852 829 2904 delatum
859 2855 1049 2920 impro-

47 2923 256 2983 barunt,
304 2939 403 2975 uon
426 2925 770 2986 attendentes,
814 2928 946 2994 quod
976 2933 1048 2978 et-

48 2997 150 3048 iam
195 3003 299 3048 tota
340 2997 635 3050 humanitas
689 3015 788 3051 non
851 3001 1046 3052 ratione

49 3071 126 3122 sui
168 3077 220 3122 et
263 3077 466 3138 propter
505 3088 581 3132 se,
624 3073 710 3124 sed
754 3074 950 3125 ratione
993 3090 1048 3124 u·

49 3144 217 3195 nionis
244 3143 596 3213 hypostaticae
619 3153 670 3197 et
696 3154 899 3215 propter
927 3146 1051 3201 Ver-

49 3217 171 3270 bum
212 3233 302 3269 seu
345 3219 394 3269 in
437 3218 605 3271 Verbo
654 3221 912 3273 adoranda
954 3222 1046 3281 sit,

49 3297 102 3342 et
124 3291 296 3358 quod,
334 3293 467 3343 sicut
507 3300 612 3344 tota
639 3292 950 3356 humanitas,
982 3296 1049 3347 ita

51 3369 108 3416 et
144 3378 233 3416 cor
273 3364 593 3434 hypostatice
633 3366 802 3420 Verbo
850 3370 1050 3420 unitum

55 3437 161 3500 sit,
203 3443 256 3489 et
296 3438 414 3491 licet
469 3456 570 3492 non
631 3443 826 3495 ratione
883 3444 960 3495 sui
1002 3449 1054 3494 et

0 3531 1 3536 κ
38 3515 264 3580 propter
302 3526 378 3580 se,
408 3521 635 3567 attamen
671 3516 868 3568 ratione
911 3517 1054 3569 uuio-

614 189 734 228 mns
771 190 846 228 m.
895 189 1059 227 senno
1098 190 1134 229 1.
1168 175 1332 227 ‘carm'
1367 188 1440 226 m.

1901 171 2010 226 489

1085 270 1164 322 nis
1220 268 1572 338 hypostaticae
1610 272 1664 322 et
1702 274 1908 337 propter
1959 267 2080 322 Ver-

1087 346 1207 397 bum
1246 349 1298 395 et
1324 342 1383 394 in·
1416 340 1583 412 Verbo
1622 357 1862 410 supremo
1902 341 2082 394 latriae

1086 417 1239 470 cultu*
1256 415 1458 469 adorari
1495 416 1652 484 possit
1690 422 1741 468 et
1781 415 1983 468 debeat.
2026 413 2078 466 Id

1087 491 1420 544 confirmatur
1460 499 1526 540 ex
1572 504 1825 541 consensu
1872 487 2083 541 Pati-um

1087 571 1139 617 et
1167 573 1399 617 veterum
1427 562 1803 629 theologorum,
1833 562 1918 631 qui
1964 577 2085 615 con·

1088 645 1286 691 stanter
1323 638 1643 696 docuerunt,
1688 637 1856 688 triduo
1908 635 2085 688 mortis

1090 713 1317 766 Verbum
1356 727 1475 765 cum
1514 711 1686 763 anima
1726 716 1779 762 et
1817 725 1935 762 cum
1975 724 2084 761 cor-

1091 802 1210 853 pore
1240 787 1441 837 unitum
1469 785 1741 845 mansisse,
1772 790 1927 852 atque
1971 783 2085 834 ideo

1090 859 1287 911 cultum
1328 858 1508 911 latriae
1558 865 1666 910 tum
1726 857 1928 909 animae
1977 857 2086 908 sine

1090 949 1334 1001 corpore,
1379 940 1487 990 tum
1529 931 1726 1000 corpori
1767 931 1877 983 sine
1918 931 2086 986 anima

1092 1007 1422 1059 deferendum
1463 1007 1636 1058 fuisse.
1693 1005 1852 1058 Sicuti
1893 1019 2015 1072 ergo
2055 1005 2087 1053 i·

1091 1083 1182 1133 stis
1210 1075 1803 1148 humanitatis‘par'tibus
1841 1095 1872 1131 a
1899 1093 1954 1129 se
1980 1077 2091 1146 qui·

1093 1156 1208 1206 dem
1249 1156 1519 1222 separaum,
1562 1154 1650 1205 sed
1695 1151 1863 1206 Verbo
1907 1151 2086 1211 unitiS‚

1093 1230 1160 1281 ita
1201 1230 1356 1280 etiam
1415 1227 1735 1280 sanctissimo
1783 1225 1933 1278 Cordi
1974 1224 2088 1277 lesu

1093 1303 1262 1355 cultus
1319 1302 1498 1354 latriae
1558 1301 1739 1353 merito
1793 1299 2087 1352 exhibetur.

1093 1377 1291 1429 Exinde
1332 1377 1485 1428 etiam
1524 1381 1681 1443 patet,
1749 1389 1904 1443 quam
1944 1381 2092 1426 atrox

1094 1451 1352 1502 calumnia
1426 1449 1708 1502 cultoribus
1784 1446 2094 1500 sanctissimi

1094 1525 1273 1576 Coi-dis
1302 1524 1414 1575 lesu
1442 1524 1505 1576 ab
1535 1523 1635 1574 illis
1657 1523 1987 1590 impingatur,
2008 1520 2095 1588 qui

1096 1600 1292 1660 dicunt,
1326 1614 1415 1666 per
1441 1596 1732 1654 huiusmodi
1767 1596 2097 1647 devotionem

1097 1672 1557 1727 Nestorianismum
1599 1670 1916 1727 resuscitari,
1949 1667 2096 1720 Chri-

1095 1753 1230 1798 stum
1261 1746 1437 1809 dividi,
1462 1744 1717 1812 duplicem
1745 1743 2098 1796 adorationem

1098 1821 1267 1872 induci
1309 1828 1360 1872 et.
1402 1826 1598 1887 partem
1641 1818 1867 1886 aliquam
1917 1816 2098 1868 huma-

1100 1895 1270 1946 nitatis
1310 1910 1425 1946 cum
1457 1893 1779 1960 separatione
1818 1898 1910 1943 aut
1951 1904 2098 1957 prae-

1098 1969 1344 2019 cisionea
1392 1967 1675 2019 Divinitate
1721 1965 1900 2017 illicito
1947 1962 2097 2016 modo

1097 2043 1319 2094 adorari.
1340 2041 1624 2092 -Cultum
1650 2038 1958 2092 sanctissimi
1983 2036 2102 2089 Cor-

1099 2117 1173 2168 dis
1215 2117 1324 2167 lesu
1368 2116 1565 2167 licitum
1607 2121 1659 2166 ct
1697 2113 1813 2166 fidei
1862 2111 2100 2169 orthodo-

1101 2207 1195 2242 xae
1237 2190 1387 2258 plane
1439 2204 1723 2241 consonum
1765 2203 1903 2248 esse,
1960 2192 2102 2238 certe

1099 2271 1301 2316 constat
1341 2280 1404 2315 ex
1447 2279 1527 2323 eo,
1570 2263 1688 2330 quia
1718 2262 1781 2314 ab
1810 2259 2102 2328 Apostolica

1100 2338 1230 2389 Sede
1271 2338 1580 2405 approbatus
1621 2343 1672 2388 et
1710 2334 2103 2387 commendatus

1102 2413 1222 2472 fuit,
1268 2427 1383 2466 cum
1426 2427 1526 2478 qua
1567 2411 1722 2461 etiam
1765 2409 1919 2461 totius
1953 2407 2103 2459 orbis

1102 2485 1337 2537 catholici
1358 2485 1585 2552 Episcopi
1611 2481 2105 2535 consentiunt..Rem

1103 2559 1379 2611 conficiunt
1435 2572 1685 2610 censurae
1725 2573 1755 2610 a
1796 2557 1896 2608 Pio
1943 2555 2011 2606 VI
2053 2555 2102 2605 in

1103 2633 1291 2685 celebri
1339 2632 1713 2687 Constitutione
1769 2650 1795 2678 «
1843 2627 2104 2681 Auctorem

1103 2707 1215 2777 fidei
1247 2726 1269 2754 »
1316 2706 1447 2758 latae
1487 2707 1537 2757 in
1581 2705 1968 2773 propositione5‚
1994 2702 2105 2771 qui-

1107 2782 1200 2833 bus
1251 2778 1480 2845 Synodas
1535 2779 1853 2831 Pistoriensis
1907 2777 2104 2829 cultum

1105 2855 1413 2907 sanc-tissimi
1454 2853 1630 2907 Cordis
1690 2852 1820 2904 lesu.
1865 2851 2107 2904 vellicare

1107 2945 1229 2980 ausa
1270 2934 1366 2979 est.
1431 2927 1660 2979 Censura
1721 2926 1858 2983 enim
1900 2926 1951 2977 in
1995 2941 2102 2993 pro-

1111 3003 1411 3070 positionem
1452 3001 1543 3061 62,
1587 3001 1667 3052 his
1708 3000 1882 3052 verbis
1925 3015 2103 3052 conce·

1113 3083 1197 3142 pta
1237 3082 1352 3126 est:
1407 3095 1433 3123 (ι
1467 3075 1707 3126 Doctrina
1734 3114 1746 3135 ‚
1785 3089 1917 3142 quae
1957 3073 2103 3125 devo·

1111 3151 1305 3200 tionem
1363 3164 1485 3214 erga
1549 3149 1956 3204 sacratissimum
2012 3147 2108 3199 Cor

1112 3222 1223 3274 Iesu
1266 3222 1427 3274 reiicit
1455 3223 1589 3274 inter
1615 3222 1940 3283 devotioneS‚
1983 3237 2109 3292 quas

1115 3303 1256 3348 notat
1294 3295 1557 3364 (Synodus
1597 3295 1798 3365 Pistor.)
1840 3296 2110 3349 velutno-

1116 3385 1206 3421 vas
1229 3410 1242 3430 ‚
1286 3385 1526 3421 erroneas
1564 3377 1655 3423 aut.
1693 3370 1877 3423 saltem
1918 3371 2109 3438 pericu-

1116 3444 1270 3504 losaS‚
1314 3443 1576 3496 intellecta
1603 3444 1667 3496 de
1708 3444 1804 3497 hac
1842 3445 2110 3497 devotione

1115 3517 1280 3583 qualis
1318 3523 1396 3571 est
1433 3518 1498 3572 ab
1539 3517 1831 3587 Apostolica
1869 3516 2001 3570 Sede
2027 3533 2109 3587 ap·
