2332 3860
306 182 416 235 1202
493 180 497 183 ’

634 199 699 237 ΒΕ
734 200 831 237 DEO
867 198 922 237 m
955 196 1225 236 Rutulum:
1263 197 1328 235 ἈΒ
1366 194 1571 236 Mummi!
1605 194 1866 237 spaeram.

2157 208 2160 209 γ
2283 203 2290 211 ἱ
2330 191 2332 193 ¹

2081 219 2086 226 Δ
2188 216 2192 218 “
2289 222 2292 227 ,
2308 214 2332 234 ‘⁸-

2283 236 2332 268 *ἃ

231 278 324 332 Dei
363 264 668 353 sapientiam
708 281 792 334 vel
833 281 1059 334 maxime
1103 295 1226 332 con·
1288 278 1488 333 dolores
1523 280 1761 344 timeant,
1791 279 1949 342 Deus,
1983 285 2050 332 ut
2086 265 2325 367 iliacam}

229 354 461 422 spicuam
501 346 679 418 reddi,
721 353 857 425 quod
896 370 962 407 ex
1001 353 1228 408 dicendis

230 427 518 497 apparebit.

304 501 358 554 1.
393 500 536 554 Sicut
572 501 706 554 entia
746 501 944 554 ratione
984 501 1226 553 destituta

230 579 323 643 per
358 577 465 627 vim
506 575 936 636 necessitantem‚
978 575 1049 627 ita
1088 575 1225 626 entia

228 647 393 702 libera
431 664 524 717 per
562 647 683 717 leyes
721 649 785 701 ad
824 649 954 701 fines
994 663 1113 700 suos
1153 647 1226 699 di-

229 723 489 789 riguntur.
551 721 670 774 Ideo
711 722 849 775 Deus
889 722 1180 774 hominibus
1210 762 1221 783 ‚

229 811 358 864 quos
398 795 547 849 modo
587 802 804 849 naturae
833 797 1059 864 ipsorum
1089 811 1226 863 pror-

229 884 319 943 sus
357 876 704 923 consentaneo
752 870 1042 939 gubernat,
1087 869 1227 937 leges

230 943 390 996 dedit.

304 1017 359 1070 2.
402 1016 470 1071 Ut
497 1016 731 1069 homines
758 1023 898 1069 recte
925 1023 1098 1084 agant,
1122 1032 1223 1068 non

229 1087 438 1152 suflicit,
483 1098 540 1143 ut
578 1106 756 1143 eorum
784 1090 1079 1143 intellectus
1106 1091 1225 1159 quid

230 1165 524 1218 faciendum
571 1165 906 1217 vitandumve
941 1165 1007 1217 sit
1043 1180 1227 1233 cogno-

229 1246 378 1304 scat3
422 1239 512 1292 sed
554 1239 770 1291 ulterius
810 1240 1126 1308 requiritur,
1172 1245 1227 1290 ut

230 1328 408 1365 eorum
450 1313 691 1365 voluntas
724 1312 788 1364 ad
815 1313 1005 1365 bonum
1034 1313 1225 1379 eligen-

230 1386 388 1448 dum,
453 1387 646 1438 malum
706 1402 828 1439 vero
881 1388 1224 1454 respuendum

230 1466 521 1512 moveatur.
554 1460 749 1513 ldcirco
773 1477 863 1512 nos
890 1476 1089 1530 quoque
1119 1476 1225 1511 rem

229 1533 488 1602 quandam
528 1533 899 1595 desiderantes,
931 1536 1079 1586 cuius
1106 1550 1226 1585 con-

229 1608 392 1660 cessio
432 1608 495 1660 ab
535 1607 747 1659 alterius
786 1608 996 1659 arbitrio
1038 1609 1226 1675 depen-

230 1682 351 1742 det,
395 1697 495 1733 non
540 1681 731 1733 nudam
774 1682 1072 1749 petitionem
1114 1698 1226 1749 pro-

228 1757 362 1807 ferre
380 1797 391 1816 ,
415 1755 505 1807 sed
547 1756 702 1807 etiam
735 1759 925 1807 motiva
949 1772 1226 1824 suggerere

229 1828 484 1890 solemu5‚
529 1829 714 1898 quibus
755 1830 966 1897 praefati
1008 1831 1227 1881 hominis

225 1902 468 1954 voluntas
507 1903 570 1955 ad
612 1904 1000 1954 concedendum
1048 1905 1226 1971 impel-

229 1977 388 2027 latur.
440 1974 636 2044 Cuique
678 1977 814 2028 enim
867 1984 1043 2028 notum
1105 1984 1222 2037 est,

227 2048 445 2102 liberam
494 2049 715 2101 hominis
773 2051 1093 2102 voluntatem
1140 2068 1226 2118 per

228 2124 409 2190 gravia
435 2164 448 2186 ,
492 2139 624 2191 quae
674 2125 765 2191 ipsi
828 2131 1184 2191 proponuntur
1211 2166 1222 2183 ‚

228 2198 422 2248 motiva
460 2197 523 2248 ad
564 2199 948 2249 assentiendum
977 2214 1075 2248 non
1118 2199 1227 2266 qui·

228 2270 347 2322 dem
387 2270 708 2339 pathologice
748 2272 881 2337 cogi,
926 2272 1012 2323 sed
1055 2280 1224 2323 tamen

229 2344 431 2396 fortiter
470 2345 682 2411 impelli.
715 2344 832 2396 Ideo
861 2345 999 2397 Deus
1027 2362 1226 2414 quoque

229 2418 553 2480 horninibus,
601 2424 655 2473 ut
698 2418 882 2470 liberas
921 2435 1098 2470 eorum
1144 2437 1230 2471 vo-

231 2492 461 2543 luntates
499 2508 528 2544 a
571 2491 706 2543 malo
736 2493 1042 2553 absterreat,
1087 2499 1138 2544 et
1164 2495 1224 2545 ad

229 2564 421 2617 bonum
476 2566 692 2626 excitet,
738 2568 927 2617 motiva
970 2569 1223 2634 proponit,

231 2644 281 2689 et
320 2639 526 2706 quidem
568 2639 689 2691 talia
741 2644 931 2691 motiva
961 2681 972 2699 ‚
1029 2649 1083 2691 ut
1126 2641 1228 2691 Deo

231 2711 485 2778 digniora,
529 2719 579 2764 et
608 2715 656 2765 in
699 2729 753 2764 se
792 2714 1030 2780 graviora
1071 2730 1130 2765 ac
1158 2715 1229 2765 et-

231 2785 778 2857 ficacioraexcogitari
812 2804 839 2837 a
884 2789 1087 2838 nemine
1118 2804 1227 2855 pos·

231 2859 352 2909 sint,
385 2858 704 2927 Quapropter
732 2861 1005 2928 praecipue
1034 2863 1082 2912 in
1121 2862 1229 2912 istis

231 2931 456 2990 motiviS,
500 2949 631 3000 quae
662 2950 751 3001 per
791 2935 991 2986 divinae
1031 2935 1228 2985 revela·

234 3004 386 3055 tionis
427 3005 598 3057 lumen
643 3015 1018 3075 proponuntur,
1064 3008 1231 3058 infini-

235 3083 341 3128 tam
382 3076 470 3128 Dei
527 3080 757 3133 homines
812 3081 996 3133 liberos
1045 3083 1229 3148 guber-

233 3150 408 3201 nantis
448 3154 750 3218 sapientiam
803 3155 1030 3223 aliasque
1075 3155 1233 3222 perfe-

235 3223 431 3274 ctiones
458 3224 658 3276 divinas
685 3229 927 3280 admirari
967 3229 1229 3280 debemus,

236 3294 292 3347 Id
320 3296 479 3348 'facile
522 3300 732 3364 patebit,
790 3303 829 3353 si
873 3303 999 3353 haec
1039 3304 1231 3353 motiva

232 3371 350 3422 'tum
389 3370 583 3421 timoris
627 3374 734 3423 tum
762 3376 867 3440 spei
897 3382 1008 3427 tum
1043 3379 1255 3427 amoris,

236 3443 320 3494 vel
361 3443 527 3495 obiter
555 3447 951 3511 perpendamus.
984 3448 1109 3499 Cum
1151 3449 1235 3506 lio—

236 3516 406 3567 mines
444 3516 750 3569 naturaliter
802 3519 1145 3573 adversitates
1179 3524 1234 3572 et

1289 353 1512 422 peccatis
1542 354 1806 408 deterreat
1829 395 1842 416 ,
1882 354 1959 407 eis
1995 359 2113 406 tum
2146 356 2329 434 tem&

1290 426 1656 496 potinem-*tum
1692 435 1953 489 aeternaS,
1979 434 2035 480 et
2074 422 2332 495 quidem&

1287 501 1631 553 atrocissimas
1657 517 1846 569 poenas
1872 503 1924 553 in
1965 500 2164 552 inferno
2181 502 2281 553 ¹mi·-

1289 581 1459 627 natur.
1504 573 1632 626 Cum
1675 589 1825 643 porro
1862 575 2093 627 homines
2134 575 2306 626 natus-7

1290 648 1382 701 rali
1423 647 1673 700 desiderio
1700 648 1995 700 felicitatem
2024 663 2171 699 suam
2194 664 2321 714 >ap-4-

1290 728 1521 790 petentes
1561 722 1624 773 ad
1646 721 1759 774 illas
1785 723 2014 775 actiones
2043 721 2281 774 facillime
2307 723 2318 779 J.

1290 803 1614 863 moveantur,
1637 795 1699 847 de
1719 797 1910 864 quibus
1930 810 2122 862 magna
2147 809 2282 847 eme.-

1289 869 1518 922 lumenta
1559 876 1882 937 exspectant,
1914 869 2050 922 Deus
2082 873 2296 937 quoque„

1288 943 1632 996 servientibus
1671 943 1786 1004 sibi,
1815 943 2138 1010 virtutesque
2171 957 2282 1001 imo-
2319 971 2322 975 ·

1290 1017 1424 1070 rales
1463 1017 1828 1069 exercentibus
1874 1017 2094 1068 maxima
2139 1011 2313 1083 prce-⁴

1288 1092 1390 1144 mia
1432 1092 1681 1160 promisit,
1728 1091 1911 1159 partim
1945 1092 2052 1142 iarn
2093 1091 2143 1141 in
2187 1089 2298 1142 hac.

1289 1167 1393 1219 vita
1420 1207 1432 1227 ‚
1477 1166 1748 1234 praecipue
1808 1180 1930 1216 vero
1970 1164 2020 1215 in
2071 1170 2283 1216 aeterna
2322 1170 2323 1173 ’

1289 1246 1339 1291 et
1379 1241 1627 1292 immensa
1669 1239 1794 1291 coeli
1838 1237 2155 1291 beatitudine
2200 1238 2283 1290 ob-

1290 1313 1515 1366 tinenda.
1579 1313 1646 1366 Ut
1703 1320 1875 1364 autem
1917 1312 2150 1363 homines
2183 1326 2282 1362 non

1289 1403 1354 1439 ex
1393 1403 1533 1439 mero
1576 1401 1855 1454 poenarum
1914 1386 2093 1438 timore
2119 1425 2133 1447 ,
2190 1400 2283 1437 nec

1289 1477 1353 1512 ex
1393 1462 1499 1514 sola
1541 1477 1629 1529 spe
1671 1460 2044 1527 praemiorum,
2089 1458 2179 1510 sed
2218 1474 2283 1510 ex

1288 1535 1539 1587 charitate
1600 1534 1734 1585 mala
1793 1534 2022 1585 devitent
2062 1539 2114 1584 et
2153 1532 2282 1584 bona

1291 1609 1578 1676 perficiant,
1613 1607 1753 1659 Deus
1782 1623 1870 1675 per
1899 1607 2166 1658 innumera
2202 1606 2284 1658 be·
2326 1623 2327 1626 ¹

1292 1682 1470 1734 neficia
1497 1724 1509 1744 ‚
1570 1683 1841 1749 praecipue
1880 1697 2002 1734 vero
2045 1696 2133 1747 per
2174 1695 2314 1747 pas-2

1289 1758 1481 1807 sionem
1521 1763 1572 1807 et
1605 1762 1838 1816 mortem,
1883 1762 1933 1805 et
1964 1770 2050 1821 per
2089 1753 2282 1805 Eucha-

1291 1831 1460 1881 ristiae
1478 1837 1858 1881 sacramentum
1886 1828 2136 1879 infinitam
2164 1827 2282 1879 cha·

1291 1905 1492 1955 ritatem
1552 1919 1699 1955 suam
1765 1908 2165 1962 commonstrat,
2229 1906 2282 1952 ut

1291 1978 1519 2030 homines
1560 1977 1695 2028 dulci
1737 1978 1924 2029 amoris
1965 1975 2173 2028 vinculo
2217 1975 2280 2027 ad

1290 2060 1428 2103 recte
1469 2052 1724 2117 agendum
1769 2052 2059 2103 trahantur.

1363 2126 1414 2176 5.
1461 2127 1588 2177 (lum
1630 2125 1860 2176 homines
1902 2140 1991 2192 per
2033 2123 2168 2175 vires
2197 2119 2288 2174 na

1289 2200 1482 2250 turales
1521 2206 1693 2251 actum
1748 2197 2195 2266 supernaturalem
2233 2211 2260 2247 e

1291 2273 1604 2324 meritorium
1648 2289 1736 2340 pro
1786 2274 1884 2325 vita
1927 2278 2135 2328 aeterna
2179 2283 2278 2337 per·

1291 2347 1442 2397 ficere
1487 2363 1583 2398 non
1629 2348 1856 2405 valeant,
1888 2353 1938 2397 et
1973 2361 2087 2396 cum
2129 2345 2282 2397 etiam

1293 2420 1553 2472 naturales
1581 2421 1860 2471 eorundem
1893 2419 2165 2470 facultates
2197 2432 2284 2483 per

1293 2503 1558 2560 peccatum
1599 2494 1846 2560 originale
1901 2493 2193 2543 debilitatae
2233 2496 2284 2541 et

1294 2568 1595 2619 vulneratae
1635 2570 1757 2624 sint,
1800 2565 1997 2618 infinita
2028 2564 2117 2616 Dei
2148 2563 2281 2615 boni·

1291 2647 1366 2690 tas
1407 2641 1595 2692 eisdem
1641 2656 1726 2706 per
1765 2639 1955 2690 auxilia
1984 2645 2305 2704 supernatus*

1292 2715 1416 2764 ralia
1463 2715 1744 2774 subvenit,
1802 2719 1858 2764 ut
1915 2712 2285 2771 nobilissimum¹

1290 2803 1437 2837 suum
1482 2787 1635 2838 finem
1665 2788 1904 2854 consequi
1950 2788 2160 2851 possint.
2194 2783 2313 2836 ‘ra-⁸}

1293 2862 1352 2912 lis
1391 2869 1565 2911 autem
1604 2863 1769 2924 gratia
1811 2861 1932 2927 ipsis
1971 2853 2311 2941 conceditusg}

1294 2950 1382 3001 per
1408 2950 1562 3002 quam
1593 2934 1804 2985 libertas
1827 2949 1920 2984 uec
1951 2933 2163 2987 tollitur.
2191 2940 2329 2990 ned*

1295 3010 1555 3059 minuitur.
1606 3008 1728 3059 Nam
1763 3008 1976 3058 liberum
2016 2998 2310 3074 arbitrium}

1291 3098 1317 3131 a
1362 3082 1466 3132 Deo
1508 3088 1702 3133 motum
1731 3088 1782 3131 et
1810 3081 2092 3131 excitatum
2124 3075 2332 3149 potes-j⁴

1293 3155 1593 3212 dissentire,
1637 3156 1678 3205 si
1721 3154 1883 3214 velit3
1939 3167 2103 3220 neque
2145 3150 2332 3225 velqr„

1293 3228 1516 3278 inanime
1555 3225 1964 3295 quoddamnihil
2005 3226 2332 3306 omninoffi'53

1291 3303 1381 3367 git,
1410 3315 1651 3368 mereque
1682 3302 1880 3367 passive
1907 3316 1963 3351 se
1993 3297 2209 3361 babet...-
2228 3305 2332 3366 ‘2¹:3¹'

1295 3379 1414 3424 v'ere
1453 3382 1758 3440 cooperatur
1804 3372 1908 3425 Deo
1949 3363 2319 3438 excitanij..‘:›24

1295 3448 1492 3498 vocanti
1537 3446 1611 3515 (l)
1641 3488 1651 3506 ,
1710 3447 1777 3498 itia
1803 3452 1874 3496 rut
1904 3461 2081 3511 opus«,
2104 3464 2147 3504 0„-
2172 3465 2197 3505 ¹.
2224 3452 2275 3511 33*
2302 3435 2328 3500 4

1322 3545 1389 3590 Ἡ)
1412 3548 1520 3582 Cone.
1547 3546 1708 3582 Trideut.
1729 3544 1876 3588 senze.
1900 3552 1934 3580 ο.
1957 3543 1990 3580 ε.
2122 3569 2126 3576 .
2169 3559 2201 3591 ¹5·
2314 3504 2327 3622 ξ
