2332 3860
273 215 379 268 566

611 232 673 268 DE
712 231 804 269 DEO
841 232 974 270 tapsi
1014 230 1202 268 fimum
1238 230 1442 268 ommis
1480 231 1814 270 nanumronss.

197 311 397 366 infinita
437 312 548 366 eius
573 313 920 367 misericordia
954 329 981 366 e
1021 312 1186 366 medio
1248 312 1463 367 ricordia
1518 313 1777 369 infinitam
1841 316 2041 384 quoque
2089 313 2234 370 iusti-

199 385 414 440 tollitur.

273 459 409 530 Resp.
478 459 907 515 Adversariorum
970 460 1182 528 argutiis

194 537 501 604 opponimus
527 552 607 597 ea,
634 553 764 606 quae
791 535 828 606 S
856 536 924 588 77
954 536 1016 588 de
1045 552 1181 588 nexu

193 608 416 662 iustitiae
455 616 508 664 et
561 611 937 663 misericordiae
978 611 1180 662 divinae

193 682 327 736 dicta
367 691 521 746 sunt,
565 701 630 737 ex
679 686 860 754 quibus
914 685 1179 737 manifeste

193 764 353 825 patet,
386 775 452 811 ex
481 775 634 826 opere
662 759 1042 827 Redemptionis
1071 766 1176 811 tum

189 831 440 885 infinitam
470 834 715 885 iustitiam
746 841 852 886 tum
874 834 1174 885 immensam

189 907 593 959 misericordiam
633 906 722 959 Dei
751 908 1030 960 clarissime
1070 908 1174 960 elu-

187 995 323 1033 cere.
389 981 726 1034 Difficultates
779 989 950 1034 autem
1008 990 1174 1035 motae

186 1056 369 1123 partim
435 1073 501 1108 ex
560 1072 658 1107 non
720 1063 856 1108 recte
914 1057 1172 1109 intellecta

184 1128 539 1195 theologorum
580 1130 840 1192 doctrina,
886 1133 1068 1199 partim
1108 1149 1172 1184 ex

182 1204 754 1273 anthropomorpliitieis
811 1205 872 1257 de
913 1206 1017 1258 Deo
1057 1223 1173 1259 con-

181 1280 413 1347 ceptibus
440 1280 695 1341 oriuntur,
727 1279 873 1331 cuius
901 1282 1090 1333 iustitia
1121 1288 1171 1333 et

182 1353 384 1405 bonitas
441 1354 646 1406 motivis
685 1362 737 1406 et
782 1354 980 1421 legibus
1019 1356 1171 1407 subii·

179 1428 405 1490 ciuntur,
450 1436 500 1481 et
526 1428 669 1480 iuxta
697 1430 820 1482 istas
848 1445 1168 1482 commensu-

179 1509 378 1554 rantur.
435 1502 603 1555 Primo
644 1504 780 1554 enim
824 1503 1043 1572 theologi
1086 1521 1167 1556 ca·

178 1574 351 1628 tholici
394 1577 689 1629 nullatenus
718 1580 997 1646 potentiam
1039 1578 1167 1631 divi-

175 1666 293 1702 nam
312 1653 650 1720 rest1·ingunt‚
669 1653 755 1704 sed
779 1654 980 1720 docent,
1002 1653 1165 1705 Deum

176 1725 407 1777 absolute
460 1726 715 1795 loquendo
774 1729 996 1795 potuisse
1057 1730 1165 1780 sine

174 1800 521 1853 satisfactione
587 1809 794 1869 peccata
860 1803 1121 1854 remittere
1147 1844 1160 1865 ‚

173 1874 291 1941 quia
332 1875 491 1942 ipsius
519 1876 707 1927 iustitia
737 1892 837 1927 non
866 1884 922 1929 ut
962 1876 1046 1928 illa
1077 1877 1163 1929 ho-

173 1948 369 1999 minum
411 1949 609 2016 legibus
649 1951 844 2002 subest.
878 1980 947 1989 -—
977 1950 1161 2013 Quodsi

172 2020 356 2074 dicitur
383 2063 394 2082 ‚
437 2023 600 2075 Deum
647 2028 867 2092 potuisse
915 2025 1119 2093 quidem
1146 2068 1157 2088 ,

170 2095 257 2147 sed
302 2097 520 2149 noluisse
542 2099 650 2150 sine
674 2100 1017 2151 satisfactione
1047 2117 1161 2168 pec·

170 2176 282 2222 cata
310 2171 621 2233 condonare,
650 2173 772 2224 nibil
803 2173 913 2225 ideo
947 2175 1054 2226 eius
1077 2176 1161 2227 bo-

170 2244 318 2296 nitati
359 2245 666 2299 detrahitur.
713 2248 850 2299 Haec
889 2250 1025 2300 enim
1061 2266 1157 2300 non

170 2325 224 2370 ut
245 2319 331 2371 illa
359 2319 625 2372 bominum
655 2323 858 2374 motivis
886 2330 936 2374 et
965 2323 1161 2389 legibus

168 2393 363 2458 subest3
410 2412 575 2464 neque
618 2396 754 2448 Deus
780 2396 842 2447 ad
884 2397 1044 2449 instar
1071 2398 1159 2449 ho-

167 2468 361 2519 minum
402 2470 592 2538 aliquid
634 2471 765 2538 agit,
810 2473 927 2540 quia
970 2473 1157 2525 bonum

167 2548 256 2593 aut
297 2543 479 2595 melius
519 2551 617 2610 est3
643 2545 730 2596 sed
760 2546 929 2598 omnia
969 2548 1158 2614 optima

166 2622 325 2677 sunt,
370 2633 499 2685 quae
541 2617 678 2670 Deus
720 2619 832 2671 vult
877 2627 927 2671 et
970 2637 1067 2672 non
1110 2638 1160 2671 a·

47 2727 55 2736 .
120 2714 122 2717 ·
168 2687 339 2742 liunde
392 2692 487 2743 nisi
527 2693 646 2760 quia
700 2692 831 2745 vult.
884 2693 1157 2761 Perperam

167 2778 306 2830 ergo,
339 2773 389 2817 et
409 2766 575 2817 solum
603 2767 1158 2836 antliropomorpbitice

167 2836 229 2888 de
254 2837 357 2891 Deo
386 2839 589 2906 dicitur,
617 2841 751 2910 quod
781 2841 931 2894 aliter
959 2843 1158 2907 agendo

138 2912 411 2978 ⁴maiorem
464 2914 743 2967 bonitatem
799 2923 850 2967 et
901 2916 1160 2968 excellen-

168 2985 349 3054 tiorem
387 2988 790 3042 misericordiam
818 2991 1152 3043 exercuisset.

167 3059 284 3126 Ipsa
341 3068 513 3114 autem
555 3065 684 3116 ratio
737 3063 963 3115 bumana
1012 3065 1158 3116 facile

167 3133 438 3203 perspicit}‚
481 3136 647 3189 Deum
686 3138 737 3190 in
781 3138 1160 3206 Redemptionis

168 3209 464 3260 oeconomia
491 3213 680 3278 optime
708 3219 759 3264 et
786 3212 1162 3280 sapientissime

168 3283 495 3350 processisse.
539 3283 669 3337 Nam
697 3286 737 3338 si
767 3287 926 3355 gratis
954 3292 1158 3355 peccata

167 3354 525 3418 condonasset,
571 3360 973 3413 misericordiam
999 3360 1159 3413 solam

169 3429 493 3494 ostendisset3
539 3446 720 3485 verum
762 3435 1161 3487 satisfactionem

168 3502 421 3557 infinitam
461 3521 491 3557 a
531 3503 660 3558 Filio
687 3522 780 3559 suo
821 3509 1082 3560 incarnato
1110 3524 1162 3560 e·

168 3577 353 3644 xigens
390 3578 543 3631 simul
574 3595 693 3632 cum
723 3579 971 3632 immensa
1013 3581 1162 3634 mise-

1247 389 1389 450 tiam,
1419 389 1742 442 sanctitatem
1765 387 1966 460 aliaque
1985 390 2232 444 attributa

1244 462 1417 514 divina
1458 463 1821 517 manifestavit.
2221 520 2225 522 .

1318 535 1422 590 obi.
1440 536 1781 591 5.·1niustum
1804 543 1881 590 est
1901 537 2239 599 innocentem,

1243 626 1331 678 pro
1372 627 1458 663 reo
1498 611 1684 678 plecti3
1740 612 1836 665 hoc
1894 614 2028 666 enim
2088 620 2229 668 vetat

1242 692 1381 738 recta
1423 686 1570 746 ratic,
1604 692 1744 738 vetat
1780 686 1951 739 divina
1991 687 2096 750 lex,
2142 703 2226 741 ve·

1242 765 1350 812 tant
1376 761 1605 812 omnium
1630 760 1780 829 plane
1798 761 2081 829 politiorum
2105 777 2227 830 gen-

1242 834 1366 886 tium
1407 836 1536 887 iura.
1575 834 1639 886 Et
1677 835 1909 903 quamvis
1934 836 1998 888 ab
2025 853 2103 896 eo,
2137 839 2223 906 qui

1237 924 1530 976 sponsorem
1554 910 1675 976 egit,
1699 909 1881 961 solutio
1906 909 2057 963 debiti
2086 913 2221 978 exigi

1239 985 1419 1050 possit3
1450 983 1494 1034 id
1528 989 1724 1036 tantum
1765 984 1816 1036 in
1857 984 2023 1036 causis
2062 985 2222 1037 civili-

1237 1057 1330 1110 bus
1368 1058 1654 1111 admittitur
1680 1099 1692 1121 ,
1747 1074 2008 1127 nunquam
2047 1066 2220 1113 antem

1236 1132 1284 1183 in
1326 1132 1694 1194 criminalibuS‚
1739 1133 1789 1185 in
1830 1133 2014 1202 quibus
2051 1127 2222 1201 agitur

1234 1206 1295 1258 de
1334 1214 1498 1260 morte
1539 1208 1845 1271 subeunda3
1890 1208 2030 1260 nefas
2083 1208 2220 1262 enim

1233 1287 1328 1342 est,
1373 1283 1422 1334 in
1463 1298 1618 1335 causa
1645 1282 1847 1351 capitali
1878 1284 1986 1335 sive
2013 1285 2219 1350 sangni-

1234 1356 1310 1408 nis
1349 1372 1647 1425 sponsorem
1703 1372 1858 1425 agere
1908 1365 1997 1411 aut
2034 1358 2218 1412 admit-

1233 1437 1358 1482 tere.
1628 1462 1631 1465 -

1305 1505 1440 1573 Resp.
1475 1505 1807 1558 Innocentem
1844 1512 2215 1575 repugnantem

1233 1579 1472 1648 nullaque
1544 1580 1918 1632 interveniente
1990 1580 2214 1648 legitima

1228 1670 1382 1705 causa
1425 1671 1512 1722 pro
1553 1671 1638 1707 reo
1667 1656 1866 1723 punire,
1909 1654 2100 1723 absque
2126 1656 2216 1709 du·

1230 1728 1307 1780 bio
1336 1728 1580 1781 iniustum
1612 1735 1705 1783 est.
1739 1729 1791 1781 Si
1823 1745 1941 1781 vero
1970 1731 2214 1785 innocens

1230 1802 1384 1855 libere
1425 1820 1514 1872 pro
1554 1820 1613 1857 eo
1672 1804 2016 1856 vadimonium
2069 1820 2214 1873 prae-

1226 1884 1358 1940 stat,
1402 1885 1452 1931 et
1494 1878 1588 1931 boc
1627 1894 1656 1930 a
1695 1879 1946 1931 creditore
1984 1886 2215 1948 accepta-

1230 1960 1339 2013 tur,
1384 1953 1529 2005 iuxta
1587 1954 1758 2005 omnia
1799 1955 1909 2005 iura
1950 1952 2121 2006 divina
2161 1961 2212 2006 et

1226 2026 1450 2079 bumana
1477 2028 1557 2079 liic
1579 2028 1642 2079 ab
1669 2027 1754 2079 illo
1793 2027 2097 2079 solutionem
2124 2028 2210 2080 de-

1225 2101 1310 2154 biti
1353 2109 1524 2169 petere
1565 2107 1747 2170 potest.
1779 2101 2022 2164 Quamvis
2057 2103 2211 2169 igitur

1224 2175 1451 2227 Christus
1474 2176 1919 2227 innocentissimus
1943 2175 2111 2244 fuerit,
2137 2184 2212 2230 at·

1226 2256 1393 2301 tamen
1435 2251 1553 2319 quia
1594 2250 1750 2302 libere
1792 2251 2055 2302 hominum
2095 2267 2210 2319 pec·

1223 2331 1335 2376 cata
1376 2325 1425 2374 in
1468 2341 1521 2375 se
1561 2325 1785 2391 suscepit
1823 2331 1874 2376 et
1912 2340 2209 2392 sponsorem

1223 2398 1343 2464 egit,
1372 2398 1647 2450 iustissime
1677 2398 1813 2451 Deus
1842 2398 1990 2450 Pater
2017 2401 2207 2468 abipso

1222 2472 1620 2525 satisfactionem
1670 2473 1842 2540 exegit
1886 2478 1938 2525 et
1974 2482 2210 2543 accepta-

1223 2547 1311 2598 vit.
1358 2545 1461 2598 Nec
1503 2548 1694 2609 refert,
1738 2546 1870 2616 quod
1931 2546 1993 2599 de
2045 2555 2207 2600 morte

1224 2637 1310 2687 pro
1367 2620 1655 2673 hominibus
1713 2619 1978 2673 subeunda
2034 2629 2206 2675 actum

1222 2695 1390 2746 fuerit.
1435 2694 1561 2746 Nam
1591 2695 1700 2747 ideo
1741 2702 1942 2747 tantum
1978 2695 2208 2748 homines

1224 2770 1271 2820 in
1311 2769 1478 2820 causis
1517 2768 1820 2836 capitalibus
1858 2769 2207 2822 vadimonium

1224 2850 1480 2910 praestare
1522 2859 1620 2895 non
1664 2850 1903 2911 possunt,
1946 2844 2065 2912 quia
2106 2861 2206 2896 non

1221 2923 1341 2969 sunt
1380 2917 1569 2969 domini
1615 2918 1748 2970 vitae
1786 2933 1944 2976 suae,
2000 2923 2051 2970 et
2089 2919 2209 2987 quia

1223 2991 1339 3042 talis
1364 2992 1567 3059 sponsio
1590 2993 1834 3059 pessimos
1862 2991 2073 3044 effectus
2098 2999 2210 3061 pro·

1222 3066 1451 3127 duceret,
1483 3080 1601 3117 cum
1653 3066 1939 3117 membrum
1978 3063 2209 3118 societati

1224 3140 1432 3191 noxium
1455 3145 1849 3192 conservaretur
1862 3145 1913 3192 et
1933 3141 2209 3192 innocuum

1225 3214 1450 3280 periret3
1510 3213 1700 3267 idcirc-o
1763 3213 1883 3266 talis*
1937 3208 2140 3283 s‘p'onsio
2181 3229 2213 3266 a

1225 3285 1365 3338 nulla
1395 3293 1646 3355 potestate
1683 3288 1907 3340 bumana
1933 3285 2136 3340 admitti
2160 3294 2215 3340 ‘et

1223 3362 1478 3428 acceptari
1519 3367 1701 3429 potest.
1747 3361 1853 3430 Qua
1894 3359 2040 3413 dere
2067 3361 2216 3414 intel-

1224 3434 1429 3500 ligenda
1468 3441 1590 3486 sunt
1615 3450 1747 3504 quae
1773 3433 1925 3487 Deut.
1966 3430 2138 3490 XXIV
2163 3441 2217 3489 et

2130 2 2171 19 a·—
2211 0 2253 9 ,Ἣ

2230 23 2268 43 ν’.

2038 47 2047 60 Ι
2192 60 2194 62 .
2279 46 2282 50 ’

2070 74 2079 83 ι
2279 80 2283 86 .

2254 0 2332 225 n!

2123 116 2127 125 .

2037 235 2041 243 1

2045 254 2049 266 ,
2190 251 2197 258 .

2299 288 2332 382 ἓ

1225 3507 1410 3560 Ezech.
1459 3507 1628 3560 XVlll
1677 3507 1936 3561 dicuntur.
1981 3501 2216 3562 Christos
2268 3538 2288 3551 ·

1226 3587 1402 3635 autem
1440 3596 1540 3650 qua
1579 3578 1740 3635 Filius
1779 3579 1871 3635 Dei
1910 3585 2216 3650 potestatem
