2332 3860
259 145 365 198 548

186 241 268 309 sac
304 242 520 304 bonum,
564 249 616 296 et
654 259 770 296 cum
818 243 922 299 hoc
962 244 1143 299 feceris
1167 285 1181 307 ‚

187 331 401 370 securus
440 323 656 386 expecta
716 320 916 385 vitam3
971 327 1021 372 et
1061 326 1185 371 tuno

185 389 320 444 bona
366 392 534 444 fronte
574 392 754 445 dices:
798 393 1042 455 Domine,
1087 394 1180 446 feci

185 465 319 533 quod
361 467 570 527 iussisti,
616 467 770 519 redde
824 469 956 537 quod
998 469 1183 536 promi-

183 540 313 592 sisti.
350 560 376 590 »
406 540 457 594 S.
497 540 701 594 Thomas
730 541 806 613 (l)
835 544 903 595 ita
934 543 1177 612 loquitur·

186 635 209 662 «
257 614 430 667 Passio
463 614 648 669 Christi
690 618 901 669 sortitur
941 618 1177 670 effectum

181 703 335 741 suum
375 690 426 742 in
466 689 566 742 illis
591 732 604 753 ‚
658 692 840 759 quibus
891 693 1181 761 applicatur

182 778 273 829 per
314 764 465 817 fidem
507 771 557 816 et
612 765 916 819 charitatem
943 808 955 829 ‚
1000 774 1050 820 et
1090 783 1179 836 per

181 836 299 889 fidei
341 846 684 892 sacramenta.
732 860 758 890 »

253 912 306 964 5.
339 912 500 965 Homo
529 921 751 975 creatuS‚
787 914 1064 984 multisque
1094 916 1179 967 do-

178 985 257 1038 nis
300 988 618 1040 naturalibus
677 995 728 1041 et
774 990 1179 1057 supernaturali-

176 1059 273 1113 bus
302 1063 562 1128 praeditus
590 1063 704 1125 fuit,
737 1070 793 1115 ut
828 1063 933 1116 Deo
961 1068 1171 1126 serviat,

178 1136 433 1189 mandatis
456 1138 564 1189 eius
581 1137 737 1189 libere
759 1139 1174 1207 obtemperandO,

177 1215 228 1261 et
266 1211 340 1261 sic
366 1218 629 1263 aeternam
659 1212 1029 1266 beatitudinem
1058 1230 1174 1267 con-

174 1291 437 1371 sequatur.
483 1285 627 1338 Hanc
667 1302 776 1339 esse
818 1287 1038 1340 hominis
1090 1290 1175 1341 de-

172 1355 521 1421 stinatior’iem,
547 1363 700 1413 etiam
725 1363 1036 1414 recentiores
1066 1364 1174 1431 phi-

171 1431 367 1500 losophi
427 1434 738 1496 admittunt,
802 1438 885 1505 qui
947 1454 1011 1489 ex
1053 1439 1173 1506 ipsis

169 1508 358 1559 nativis
386 1508 606 1562 hominis
637 1510 967 1563 facultatibus
1003 1520 1053 1563 et
1085 1515 1173 1564 sti-

169 1582 323 1633 mulis
364 1584 580 1650 probant
609 1584 763 1636 finem
799 1585 1018 1637 hominis
1060 1604 1171 1655 per-

170 1655 357 1708 fectam
379 1672 490 1710 esse
508 1660 875 1719 moralitatem,
907 1678 994 1728 per
1017 1678 1170 1730 quam

168 1734 574 1800 correspondens
620 1734 836 1786 felicitas
885 1736 1164 1789 obtinetur.

168 1835 238 1843 —
272 1804 367 1858 Ast
434 1824 521 1876 per
588 1816 856 1876 peccatum
921 1811 1169 1878 originale

166 1878 318 1932 homo
360 1882 410 1933 in
452 1883 802 1935 tristissimum
843 1891 1034 1937 statum
1083 1886 1169 1937 de-

166 1952 342 2022 lapsus
382 1963 434 2007 et
476 1958 787 2009 nobliissimo
827 1974 918 2009 suo
958 1959 1044 2010 fini
1083 1961 1167 2013 ob-

169 2028 378 2081 tinendo
419 2031 584 2099 impar
626 2032 788 2083 factus
828 2033 1169 2086 est.—Chri-

166 2108 277 2155 stus
333 2120 454 2157 vero
514 2105 823 2174 Redemptor
884 2109 1057 2169 venit,
1113 2118 1167 2162 ut

167 2182 309 2230 tanto
350 2178 614 2231 hominum
656 2180 791 2232 malo
842 2182 1161 2244 mederetur,

166 2258 405 2305 naturam
448 2270 622 2305 eorum
672 2263 964 2323 corruptam
1021 2274 1167 2326 repa-

165 2333 342 2388 raret,
391 2327 574 2380 salutis
625 2330 926 2391 obstacula,
983 2347 1165 2401 nempe

165 2408 375 2468 peccata
416 2402 641 2466 tolleret,
687 2411 737 2456 et
765 2404 956 2456 auxilia
998 2405 1165 2459 effica-

165 2475 369 2527 cissima
425 2478 619 2530 meritis
659 2479 765 2530 suis
806 2482 1159 2547 comparavit,

166 2550 349 2617 quibus
404 2550 637 2605 homines
676 2552 869 2605 suffulti
919 2556 1071 2607 etiam
1113 2559 1160 2608 in

167 2629 301 2675 statu
344 2633 561 2678 naturae
603 2627 775 2696 lapsae
816 2627 970 2679 finem
1012 2646 1162 2684 suum

167 2700 403 2767 consequi
450 2702 661 2766 possint
708 2701 1013 2754 Nullatenus
1042 2721 1162 2774 ergo

166 2769 397 2824 Christus
423 2774 787 2843 Redemptione
816 2793 904 2828 sua
931 2778 1159 2831 divinum

165 2844 228 2896 de
270 2846 487 2901 hominis
516 2851 856 2902 destinatione
897 2852 1158 2905 decretum

166 2927 255 2971 aut
276 2921 517 2983 abolevit,
540 2931 629 2978 aut
653 2925 956 2978 immutavit.
978 2926 1162 2989 Quam-

167 2994 342 3046 obrem
383 2995 531 3050 homo
571 3002 723 3052 etiam
764 3008 870 3066 post
911 3000 1158 3054 infinitam

167 3068 564 3123 satisfactionem
622 3090 650 3126 a
710 3074 908 3126 Christo
951 3080 1161 3142 praesti-

168 3147 271 3194 tam
303 3148 506 3196 tenetur
544 3147 605 3198 ad
639 3148 914 3214 perfectam
956 3151 1160 3203 morali-

171 3221 326 3268 tatem
367 3218 596 3280 tendere,
630 3221 732 3275 Deo
772 3225 985 3283 servire,
1019 3242 1161 3278 man-

169 3290 299 3342 datis
346 3291 456 3343 eius
517 3293 669 3347 libere
721 3298 1155 3365 obtemperando,

169 3365 270 3417 imo
323 3371 374 3417 et
432 3365 612 3419 salutis
671 3371 833 3422 media
892 3389 918 3423 a
962 3372 1159 3426 Christo

168 3438 259 3490 sibi
302 3446 593 3505 comparata
633 3442 844 3497 solerter
883 3447 1155 3511 adhibere,

212 3538 264 3585 (1)
288 3539 323 3585 ³,
348 3549 384 3586 q.
408 3540 466 3586 4⁹,
492 3546 559 3579 art.
582 3542 616 3588 3,
639 3544 695 3582 ad.
719 3544 752 3581 1.

570 163 667 201 DE
702 163 795 201 1)Εο
833 164 979 203 tapsi
1003 163 1192 202 numm
1230 161 1434 212 GENERIS
1470 162 1805 204 REDEMPTORE.

1247 249 1304 296 ut
1342 244 1417 297 sic
1454 245 1519 298 ad
1558 252 1826 300 aeternam
1873 196 2291 313 beatitudinem
2282 260 2332 339 g

1247 320 1514 386 pervenire
1554 321 1727 390 possit.
1758 320 2158 386 —Quinimmo,
2200 324 2242 380 si

1248 394 1575 446 immobiliter
1613 395 1730 448 finis
1780 396 1999 449 bominis
2038 398 2088 449 in
2131 414 2243 466 per·

1246 467 1376 520 fecta
1398 469 1686 523 moralitate
1707 471 1955 538 consistit,
1978 487 2067 540 per
2087 487 2300 542 quam

2294 348 2332 470 l}

1246 557 1366 594 vera
1407 543 1623 595 felicitas
1662 551 1739 597 est
1778 546 2076 614 obtinenda3
2118 562 2243 618 quo·
2303 500 2324 612 {3

1243 617 1380 668 niam
1431 618 1605 670 divina
1657 620 1977 704 providentia
2017 619 2150 674 sicut
2187 622 2237 675 in
2299 622 2322 690 ‘-

1242 691 1434 744 mundo
1476 692 1718 776 physion,
1761 693 1830 745 ita
1866 700 1918 746 et
1955 695 2006 746 in
2048 695 2240 750 mundo
2312 735 2322 746 >.

1245 767 1422 818 morali
1456 768 1626 819 omnia
1659 767 1723 819 ad
1763 766 1918 820 finem
1958 784 1988 821 a
2016 784 2070 820 se
2097 785 2240 823 crea-

1243 842 1370 892 turis
1413 842 1700 908 praefixum
1759 842 2135 910 sapientissime
2188 851 2240 898 et
2321 871 2323 874 ·

1241 913 1589 968 efficacissime
1635 916 1874 980 ordinat3
1920 917 2068 985 pleno
2128 919 2280 972 iure'

1239 991 1594 1051 adseveratur,
1625 991 1878 1058 integram
1914 991 2238 1062 Redemptio-

1242 1065 1318 1115 nis
1357 1066 1705 1117 oeconomiam
1734 1066 1801 1117 ita
1830 1065 2138 1127 institutam,
2178 1075 2238 1122 ut

1240 1155 1328 1206 per
1369 1139 1511 1191 illam
1551 1140 1667 1192 finis
1709 1139 1954 1202 hominm,
1992 1141 2235 1196 nimirum

1239 1214 1445 1265 moralis
1503 1214 1783 1282 perfectio,
1844 1230 1934 1267 seu
1988 1217 2235 1270 sanctitas

1239 1289 1373 1340 vitae
1415 1304 1515 1340 non
1555 1289 1721 1341 solum
1763 1304 1863 1340 non
1907 1290 2233 1360 impediatur,

1235 1363 1323 1413 sed
1367 1370 1747 1430 promoveatur.
1811 1362 1875 1414 Et
1939 1379 2062 1416 sane
2115 1380 2235 1419 cum

1238 1453 1325 1503 per
1366 1438 1527 1504 ipsam
1567 1438 1990 1505 Redemptionem
2029 1454 2059 1490 a
2090 1437 2234 1491 Chri-

1235 1517 1311 1562 sto
1341 1519 1600 1579 peractam
1636 1528 1768 1563 nova
1796 1512 1941 1564 nobis
1968 1511 2233 1567 charitatis

1235 1601 1356 1652 erga
1396 1586 1561 1639 Deum
1602 1586 1840 1638 ferendae
1892 1587 2081 1639 motiva
2125 1603 2233 1655 pro·

1237 1661 1414 1726 posita,
1462 1661 1729 1730 mediaque
1770 1659 2013 1723 efficacia,
2045 1662 2231 1730 quibus

1234 1736 1387 1787 etiam
1431 1737 1477 1787 in
1522 1743 1659 1788 statu
1715 1743 1929 1787 naturae
1963 1743 2231 1804 reparatae

1235 1817 1371 1862 recte
1413 1811 1588 1862 vivere
1617 1826 1909 1878 possumuS‚
1944 1811 2088 1863 nobis
2113 1812 2232 1864 sub-

1235 1885 1521 1936 ministrata
1562 1885 1684 1949 sint3
1730 1892 1932 1937 tantum
1972 1885 2132 1949 abest,
2173 1893 2230 1939 ut

1234 1975 1321 2025 per
1363 1961 1542 2011 merita
1582 1958 1768 2011 Christi
1808 1959 1873 2011 ab
1919 1959 2228 2023 obligatione

1230 2035 1291 2084 ad
1318 2034 1561 2088 moralem
1580 2034 1939 2102 perlectionem
1966 2033 2225 2103 tendendi,

1230 2115 1280 2160 et
1320 2125 1349 2160 a
1389 2116 1598 2160 strenuo
1629 2110 1874 2161 bonorum
1914 2124 2127 2176 operum
2165 2126 2227 2163 ac

1231 2183 1478 2235 virtutum
1521 2185 1766 2235 exercitio
1809 2183 2124 2245 liberemur,
2170 2192 2226 2238 ut

1232 2259 1396 2324 potius
1436 2258 1499 2308 ad
1529 2265 1799 2327 utramque
1837 2258 1998 2325 magis
2039 2259 2226 2326 magis-

1228 2348 1326 2402 que
1365 2333 1742 2393 excitemuraet
1780 2331 2168 2402 compellamur.

1626 2493 1663 2553 ς
1694 2493 1824 2540 επ.

1269 2603 1324 2639 1v.
1341 2604 1555 2647 Redemptio
1570 2610 1624 2639 est
1640 2604 1871 2646 universatis,
1895 2604 1982 2648 quia
2005 2604 2173 2640 Christus

1355 2673 1421 2708 pro
1444 2665 1613 2699 omnibus
1634 2664 1804 2699 homibus
1824 2669 1995 2699 mortuus
2018 2668 2086 2700 est.

1297 2778 1511 2831 Saeculo
1543 2776 1598 2828 5⁰
1626 2778 1841 2831 Lucidus
1869 2777 2142 2847 Presbyter
2168 2778 2220 2830 in

1225 2852 1399 2906 Galliis
1440 2854 1671 2906 docuisse
1712 2853 1916 2911 dicitur,
1961 2850 2220 2905 Christum

1226 2945 1313 2996 pro
1354 2929 1452 2979 illis
1494 2928 1763 2980 dumtaxat
1804 2933 2061 2978 mortuum
2088 2942 2218 2993 esse,

1224 3003 1304 3071 qui
1348 3003 1579 3055 absoluto
1619 3001 1707 3053 Dei
1762 3002 1966 3054 decreto
2007 2999 2219 3069 praede-

1224 3078 1396 3128 stinati
1448 3083 1591 3143 sunt;
1647 3075 1786 3128 nullo
1839 3082 2012 3128 autem
2066 3073 2215 3127 modo

1226 3168 1312 3218 pro
1354 3151 1471 3212 illiS,
1514 3152 1596 3220 qui
1626 3150 1857 3202 absoluto
1883 3147 1973 3201 Dei
2010 3147 2216 3201 decreto

1225 3225 1473 3293 reprobati
1532 3231 1671 3276 sunt.
1730 3222 1968 3276 Eiusdem
2027 3223 2216 3275 erroris

1221 3299 1423 3350 saeculo
1465 3297 1522 3350 9⁰
1569 3299 1894 3350 insimulatur
1950 3311 1979 3348 a
2040 3296 2215 3350 multis

1223 3372 1574 3440 Goihescaccus,
1597 3372 1874 3425 Monachus
1897 3370 2212 3424 orbacensis.

1226 3448 1499 3514 Praecipue
1526 3455 1697 3499 autem
1726 3444 1959 3498 Calvinus
2001 3460 2212 3513 pravam

1221 3522 1352 3574 hanc
1403 3521 1686 3574 doctrinam
1739 3519 2082 3591 propugnavit
2129 3520 2220 3574 dos
2253 3590 2256 3591 ⁷
2293 3551 2332 3559 »

2259 3663 2332 3860 ,οὲ

2187 3858 2190 3860 ,
2224 3831 2275 3860 ,w

2139 3763 2143 3791 l
