2332 3860
712 112 830 151 PARS
865 111 921 151 11.
963 110 1128 150 SECTIO
1163 111 1219 149 n.
1263 110 1414 149 cnm·
1450 110 1505 148 n.

1966 94 2074 150 403

8 205 89 278 :z
111 197 332 259 existere
351 193 492 261 leges
511 192 731 255 divinaS,
756 194 940 263 quibus
957 208 1099 247 crea·
1160 208 1259 246 nus
1313 198 1485 254 acute,
1545 203 1699 261 quam
1737 191 1892 260 impie
1931 194 2151 263 proposi⁴

11 280 94 354 ἕξ,
111 281 258 327 turae
317 267 594 322 rationales
657 267 980 336 dirigantur,
1048 274 1099 320 et

44 363 78 420 ςῇ
110 361 238 418 quas
274 343 609 397 observantes
648 357 794 396 suam
845 358 968 410 erga
995 341 1099 395 Ens

54 433 402 488 supremum
419 417 788 470 subiectionem
808 417 1098 469 ostendant.

104 495 296 550 bonum
337 493 526 560 pariter
571 497 679 552 est,
743 490 1001 544 hominem
1042 489 1099 541 li·

37 589 59 622 t
109 568 228 625 bero
265 566 474 618 arbitrio
495 564 784 633 praeditum
810 580 949 627 esse,
980 564 1099 633 quia

108 641 235 696 haec
289 640 533 701 libertaS,
577 638 892 707 praecellens
951 637 1100 691 Crea-

54 725 67 781 )
114 715 234 775 toris
275 713 493 775 donum,
560 713 848 765 necessaria
888 712 952 764 ad
999 712 1100 763 vir-

71 850 83 860 .
110 795 244 842 tutes
300 787 518 840 morales
578 794 628 839 et
666 787 730 839 ad
770 787 951 839 merita
986 802 1103 839 con—

66 868 70 874 ‘
110 863 231 919 ditio
259 869 358 926 est,
402 868 453 913 et
494 862 647 913 totius
710 861 935 913 universi
996 876 1100 912 ma-

109 937 310 990 ximum
349 942 735 988 ornamentum:
780 935 972 987 bonum
1013 935 1100 986 de-

109 1013 260 1080 nique
300 1016 412 1071 est,
467 1009 724 1061 hominem
783 1009 940 1061 finitis
992 1010 1102 1077 qui-

80 1085 245 1153 dem,
290 1084 378 1137 sed
423 1090 592 1136 tamen
631 1082 1001 1136 sufficientibus
1030 1084 1101 1134 vi-

109 1159 250 1212 ribus
300 1158 364 1210 ad
424 1157 591 1224 legem
651 1157 965 1226 implendam
1027 1158 1103 1208 in-

110 1239 366 1286 structum
405 1246 544 1298 esse3
590 1231 731 1283 nulla
779 1232 914 1283 enim
961 1247 1101 1282 crea-

59 1313 224 1360 -tura
268 1306 467 1358 infinita
509 1321 621 1358 esse
678 1312 871 1374 potest,
928 1312 979 1357 et
1038 1321 1101 1356 ex

110 1380 335 1450 qualibet
363 1381 667 1433 necessariis
688 1380 752 1432 ad
774 1380 930 1431 finem
952 1395 1103 1431 suum

110 1454 446 1508 obtinendum
488 1454 683 1506 viribus
742 1454 969 1522 praedita
1025 1470 1102 1505 sa-

59 1538 66 1541 *
109 1530 303 1599 pientia
344 1535 394 1581 et
435 1528 635 1581 bonitas
674 1528 847 1583 divina
888 1528 1025 1580 clare
1053 1543 1103 1579 e-

68 1664 71 1665 7
110 1603 305 1656 lucent.
341 1602 472 1670 Ergo
515 1603 726 1654 bonitati
769 1602 973 1653 divinae
1003 1618 1101 1654 non

110 1683 385 1746 repugnat,
432 1677 726 1742 permittere
767 1681 995 1744 peccata.

184 1750 328 1820 Resp.
363 1748 447 1802 2⁰
474 1749 527 1802 S.
571 1750 879 1818 Auqustinus
928 1756 1103 1803 contra

111 1825 243 1879 hanc
279 1825 639 1879 Δ01116611006111
700 1823 962 1892 praeclare
1019 1824 1104 1876 do·

113 1900 238 1961 cuit,
283 1899 455 1951 omnia
478 1914 608 1967 quae
638 1904 779 1960 sunt,
814 1900 946 1951 bona
969 1914 1100 1956 esse,

113 1974 305 2027 malum
349 1989 469 2026 vero
512 1989 609 2024 non
652 1989 782 2031 esse,
830 1974 923 2024 nisi
971 1973 1105 2024 defe-

47 2083 50 2086 -
116 2054 279 2109 ctum,
322 2062 413 2099 seu
458 2048 794 2115 privationem
833 2047 972 2099 11001.
1024 2045 1107 2098 Sic

116 2121 154 2175 l.
197 2122 227 2174 7
270 2120 498 2174 Confess.
531 2137 577 2175 c.
614 2122 703 2182 1⁹2,
743 2123 811 2173 ita
857 2121 1101 2190 loquitur:

122 2215 147 2244 «
179 2195 525 2265 Quaecunque
566 2202 707 2256 sunt,
770 2196 903 2248 bona
962 2202 1102 2255 sunt,

119 2271 415 2338 malumque
476 2269 641 2332 illud,
700 2272 833 2337 quod
892 2285 1105 2338 quaere·

117 2343 235 2398 bam
277 2344 412 2396 unde
454 2350 609 2405 esset,
654 2359 753 2395 non
777 2350 854 2396 est
876 2345 1110 2395 substan·

121 2419 212 2479 tia,
256 2419 394 2487 quia,
439 2418 481 2470 si
521 2418 807 2470 substantia
836 2424 990 2478 esset,
1023 2418 1110 2469 bo-

121 2507 245 2544 num
286 2498 440 2552 esset,
473 2498 601 2545 616.»
638 2492 732 2543 Ρ61
755 2492 885 2544 lianc
907 2497 1111 2543 senten-

121 2566 282 2628 tiam,
326 2582 481 2633 quam
530 2566 688 2618 etiam
727 2567 855 2618 ratio
921 2566 1110 2617 invicte

58 2681 65 2686 .
121 2640 299 2708 probat
322 2638 517 2710 (3199
538 2639 684 2709 affl),
705 2656 802 2692 uno
826 2639 982 2692 veluti
1006 2641 1109 2691 ictu

94 2719 226 2776 ,tota
268 2714 682 2766 adversariorum
723 2714 937 2766 obiectio
997 2730 1114 2766 con·

123 2787 647 2854 ciditur.Perpe1·am
689 2788 1112 2854 601111Ερ161111ιε,

83 2895 87 2897 -
123 2859 321 2913 Boetius
361 2868 412 2913 et
452 2861 536 2912 alii
577 2860 640 2912 ad
701 2877 759 2913 ea
818 2877 949 2929 quae
1013 2878 1110 2913 non

126 2941 304 2992 extant
346 2939 643 3002 provocant,
687 2942 743 2988 ut
783 2935 1006 2987 divinam
1035 2935 1116 2987 bo-

108 3009 338 3062 ·nitatem
355 3009 711 3061 criminentur.
741 3008 940 3069 Omnia,
967 3025 1117 3077 quae-

128 3093 329 3150 cunque
351 3085 601 3143 existunt,
626 3084 757 3136 sicut
789 3099 818 3135 a
839 3079 945 3135 Deo
973 3090 1112 3141 sunt,

84 3174 86 3177 ·
130 3155 200 3208 ita
238 3163 290 3208 et
329 3157 458 3209 bona
500 3164 641 3216 sunt,
667 3163 718 3208 et
740 3164 985 3210 enarrant
1013 3158 1118 3223 glo-

130 3228 259 3282 riam
298 3229 410 3284 Dei.
455 3229 564 3282 Non
597 3246 864 3297 negamuS‚
895 3231 1113 3283 admissa

132 3308 305 3362 nostra
344 3306 618 3364 sententia,
662 3306 875 3359 eandem
905 3303 1120 3357 difficul-

68 3388 82 3409 f
133 3381 292 3428 tatem
322 3384 526 3434 mutata
567 3385 736 3431 tamen
779 3379 904 3432 facie
929 3381 1117 3431 moveri

139 3465 308 3519 posse,
349 3465 562 3522 eamque
602 3470 632 3506 a
672 3451 844 3507 Baelio
884 3469 984 3507 non
1025 3454 1118 3506 mi-

1163 275 1267 320 tam
1330 272 1382 320 et
1435 281 1588 333 saepe
1634 265 1930 321 refricatam
1970 268 2145 322 fuisse.

1160 341 1259 394 Sed
1299 346 1499 393 certum
1540 340 1730 408 pariter
1769 346 1866 401 est,
1917 340 2154 408 blasphe-

1163 429 1302 468 mum
1342 414 1603 472 dilemma,
1646 413 1742 465 sub
1783 413 1878 467 hoc
1917 421 2152 482 respectu

1164 490 1475 557 propositum
1512 528 1525 550 ,
1593 486 1834 540 facillime
1899 487 2150 551 dissolvi,

1163 562 1438 616 dummodo
1465 562 1611 614 iuxta
1641 562 1945 614 inconcussa
1973 561 2025 614 S.
2051 561 2156 614 Au-

1161 637 1347 705 91131101·
1387 643 1436 688 61
1475 635 1527 688 8.
1565 635 1772 687 Thomae
1800 636 2049 703 principia
2078 652 2157 688 re-

1164 717 1245 764 cta
1285 711 1349 763 de
1388 710 1562 762 divina
1604 710 1830 762 bonitate
1872 710 2009 762 notio
2067 710 2157 766 ha-

1166 787 1364 837 beatur.
1412 784 1555 836 Ultro
1596 784 1838 843 fatemur,
1882 784 2048 836 Deum
2103 784 2157 836 li-

1165 866 1245 912 cet
1284 859 1683 925 omnipotentem
1736 859 2154 920 contradictoria,

1164 940 1254 985 aut
1294 934 1569 985 intrinsece
1598 934 1927 1000 impossibilia
1955 948 2154 994 creare,

1165 1006 1396 1069 efficere,
1466 1014 1514 1060 et
1581 1007 1753 1074 largiri
1820 1023 1922 1058 non
1988 1023 2152 1074 posse.

1163 1081 1261 1133 Sed
1303 1097 1552 1149 negamus
1594 1097 1799 1148 prorsus
1827 1080 1918 1133 Dei
1944 1081 2159 1133 bonitati

1165 1156 1356 1225 aliquid
1423 1155 1656 1221 derogari
1722 1155 1935 1208 dicendo
1994 1155 2160 1207 Deum

1164 1230 1354 1298 aliquid
1419 1245 1618 1290 creare,
1690 1245 1780 1281 seu
1842 1229 2014 1297 largiri
2057 1245 2158 1282 non

1165 1304 1319 1355 velle.
1365 1303 1572 1355 Bonitas
1612 1304 1750 1355 enim
1791 1303 1964 1355 divina
2003 1310 2081 1355 est
2120 1304 2158 1355 i-

1167 1394 1254 1446 psa
1297 1378 1557 1437 110Ιο0105,
1602 1385 1652 1430 61
1682 1379 1788 1445 ipsa
1816 1381 2037 1429 essentia
2066 1377 2159 1430 Dei

1168 1452 1508 1520 undequaque
1550 1452 1917 1521 independens.
1952 1452 2159 1504 Bonitas

1167 1543 1288 1594 ergo
1329 1527 1503 1578 divina
1545 1542 1639 1578 066
1687 1526 1885 1592 legibus
1941 1526 2155 1587 subest,

1170 1617 1262 1653 1166
1305 1601 1507 1652 motivis
1547 1601 1610 1651 ad
1639 1600 1898 1667 agendum
1929 1600 2012 1651 vel
2040 1615 2160 1651 con-

1167 1675 1455 1727 cedendum
1486 1675 1753 1738 incitatur3
1791 1690 1913 1740 ergo
1942 1689 2036 1726 nec
2062 1673 2161 1726 dici

1170 1756 1354 1816 potest,
1398 1749 1582 1807 Deum,
1630 1748 1753 1800 dum
1804 1748 1995 1816 aliquid
2059 1763 2160 1800 non

1170 1824 1287 1875 facit
1325 1830 1416 1875 aut
1455 1822 1709 1884 concedit,
1753 1838 1783 1874 a
1822 1822 2049 1874 bonitate
2077 1822 2162 1874 de-

1168 1898 1339 1949 ficere.
1384 1895 1485 1948 Sed
1526 1898 1690 1957 aiunt,
1735 1897 1972 1965 quamvis
2024 1895 2163 1948 Deus

1168 1972 1230 2023 ad
1274 1970 1397 2022 nihil
1438 1971 1716 2036 obligetur,
1763 1971 1952 2022 bonum
1989 1976 2163 2022 tamen

1169 2053 1220 2098 et
1259 2045 1490 2097 infinitae
1530 2045 1829 2112 benignitati
1896 2051 2166 2096 consenta-

1172 2136 1323 2172 neum
1365 2126 1519 2179 esset,
1565 2119 1659 2170 hoc
1704 2118 1782 2169 vel
1825 2117 1951 2169 illud
1996 2119 2165 2171 iacere

1170 2201 1259 2246 aut
1298 2194 1599 2251 concedere,
1626 2208 1690 2244 ex
1714 2208 1812 2260 quo
1840 2191 2004 2244 multa
2034 2193 2166 2244 bona

1173 2268 1596 2337 producerentur.
1628 2295 1700 2305 —
1729 2266 1944 2326 Verum,
1970 2267 2054 2334 qui
2096 2267 2165 2318 ita

1173 2343 1470 2410 loquuntur,
1491 2341 1651 2392 Deum
1674 2356 1793 2392 cum
1814 2340 2022 2391 homine
2049 2355 2166 2392 con-

1172 2417 1413 2475 fundunt,
1458 2433 1486 2467 a
1527 2430 1626 2482 quo
1669 2421 1840 2466 tamen
1868 2412 2065 2465 infinite
2093 2413 2166 2465 di-

1172 2498 1290 2543 stat.
1339 2490 1472 2543 Deus
1513 2490 1648 2544 enim
1693 2504 1791 2540 non
1833 2487 1946 2539 ideo
1973 2487 2166 2556 aliquid

1175 2564 1286 2617 vult
1324 2565 1441 2632 quia
1483 2564 1673 2615 bonum
1713 2568 1809 2621 est,
1854 2561 1943 2613 sed
1992 2562 2166 2614 omnia

1176 2640 1304 2691 bona
1346 2638 1476 2690 fiunt
1516 2637 1631 2704 quia
1697 2636 1834 2688 Deus
1893 2651 1952 2687 ea
2019 2634 2162 2687 vult:

1179 2713 1414 2764 voluntas
1454 2712 1640 2780 quippe
1687 2710 1860 2762 divina
1922 2715 2001 2761 651
2058 2710 2167 2776 ipsa

1175 2785 1463 2838 essentialis
1504 2786 1723 2843 bonitas,
1755 2789 1807 2835 et
1830 2784 1987 2850 prima
2012 2798 2170 2839 causa

1176 2859 1419 2921 efficiens,
1465 2858 1774 2926 exemplaris
1814 2863 1864 2909 et
1905 2856 2072 2909 finalis
2117 2873 2170 2909 o-

1180 2937 1310 2987 mnis
1350 2934 1590 2992 bonitatis
1623 2933 1672 2984 in
1702 2931 1970 2984 creaturis,
2002 2931 2170 2983 Homi-

1181 3025 1269 3062 nes
1327 3015 1383 3060 ut
1446 3009 1575 3060 bene
1614 3011 1791 3072 agant,
1835 3005 1899 3057 ad
1941 3005 2168 3057 divinam

1181 3083 1500 3134 voluntatem
1527 3097 1580 3131 se
1609 3079 1928 3132 conformare
1957 3079 2166 3141 debent3

1180 3159 1241 3208 de
1280 3156 1399 3223 ipsis
1441 3161 1576 3206 recte
1615 3154 1832 3207 dicitur:
1879 3154 2068 3206 bonum
2095 3159 2170 3204 est

1183 3238 1237 3282 ut
1278 3229 1372 3280 1106
1415 3229 1494 3280 vel
1536 3227 1660 3280 illud
1701 3233 1876 3292 agant,
1934 3234 1984 3279 61
2042 3227 2170 3279 11606

1182 3308 1489 3371 arguuntur,
1534 3303 1575 3354 si
1618 3302 1851 3369 regulam
1892 3300 2168 3367 praefixam

1185 3383 1283 3429 non
1326 3384 1630 3445 sequuntur.
1676 3377 1770 3429 Ast
1810 3376 1872 3427 de
1913 3375 2015 3425 Deo
2071 3387 2168 3424 non

1186 3454 1253 3505 ita
1294 3451 1523 3504 iudicare
1559 3450 1696 3504 licet.
1742 3450 1870 3503 Cum
1910 3448 2068 3508 enim,
2118 3451 2168 3498 ut
