2332 3860
4 204 6 210 '
31 161 37 230 s
53 207 214 269 nalem
241 203 385 260 Patra·
407 209 509 257 etc.
541 201 600 256 In
629 204 799 272 symb.
826 202 1036 258 Athana

646 122 764 161 PARS
799 124 836 162 1.
880 122 1047 164 sacrm
1086 125 1139 164 11.
1184 124 1341 164 CAPUT
1378 125 1451 165 ΠΙ.

1918 110 2022 167 185

1176 206 1231 260 2.
1266 204 1488 260 Traditio
1506 205 1644 260 idem
1663 208 1953 265 confirmat.
1983 210 2101 267 Pro-

52 283 214 341 Filius
250 295 282 333 a
317 277 462 332 Patre
488 276 590 330 solo
615 285 703 339 est,
734 294 834 330 non
859 280 1037 346 sactus,
1105 281 1390 334 cessionem
1420 281 1559 333 enim
1596 281 1816 350 Spiritus
1855 282 2030 338 Sancti
2069 302 2101 341 a

53 364 137 411 nec
165 361 379 413 creatus,
420 351 502 404 sed
536 351 749 419 genitus.
781 351 921 405 Haec
947 354 1044 406 fuit

53 431 207 487 etiam
244 424 554 480 universalis
587 431 638 478 et
678 431 920 481 constans
958 426 1038 481 Ss,

51 503 259 560 Petrum
289 499 546 557 doctrina.

439 622 477 680 ς
507 621 645 668 ιω.

161 713 205 751 11.
229 710 383 757 Spiritus
406 711 558 747 Sanctus
581 710 746 755 procedit
768 718 787 745 a
812 710 926 746 Patre.

7 818 11 821 ·
84 819 86 822 ·
123 795 167 851 A
207 796 368 864 prima
409 810 648 864 persona,
693 810 723 846 a
759 809 861 863 qua
886 793 1046 847 Filius

30 877 356 941 generatur,
394 869 551 923 etiam
592 868 746 920 tertia
775 868 1041 936 procedit,

54 945 141 1000 sed
170 960 268 996 non
301 959 388 1012 per
427 943 846 1010 generationem3
878 958 1046 1011 neque

55 1019 190 1074 enim
236 1019 287 1070 in
333 1017 387 1070 S.
439 1017 728 1085 Scriptura,
781 1032 947 1085 neque
995 1018 1043 1068 in

53 1093 345 1148 Traditione
370 1090 592 1160 Spiritus
629 1090 852 1143 Sanctus
891 1106 1047 1158 gene-

55 1167 155 1221 rari
185 1166 392 1229 dicitur,
422 1172 513 1218 aut
539 1166 745 1233 genitus
785 1163 868 1216 vel
911 1165 1047 1217 filius

55 1240 364 1310 appellatur:
406 1240 508 1292 imo
536 1240 791 1306 processio
831 1253 922 1307 per
960 1255 1049 1306 ge-

57 1315 375 1368 nerationem
417 1313 479 1365 de
518 1313 710 1380 Spiritu
746 1311 935 1365 Sancto
963 1329 1047 1365 ex-

57 1404 230 1459 presse
258 1395 499 1456 negatur,
525 1387 644 1456 quia
673 1386 902 1439 secunda
935 1403 1050 1455 per-

57 1479 181 1517 sona
207 1461 370 1515 Filius
398 1462 489 1515 Dei
529 1461 705 1513 unicus
746 1468 797 1513 et
823 1462 1050 1529 uniqeni·

59 1545 136 1590 tus
159 1537 477 1599 nominatur3
507 1536 631 1588 etin
660 1535 831 1604 symb.
858 1534 1047 1588 Athan.

58 1612 264 1670 dicitur,
295 1610 541 1679 Spiritum
567 1607 816 1661 Sanctum
845 1626 944 1660 non
976 1611 1052 1677 sa-

58 1693 187 1739 ctum
226 1700 310 1736 nec
331 1691 545 1736 creatum
573 1698 658 1735 nec
696 1683 910 1750 qen-itum
931 1699 1046 1736 esse.

61 1759 212 1826 Origo
241 1774 364 1825 ergo
391 1757 613 1824 Spiritus
641 1756 816 1808 Sancti
845 1773 874 1808 a
903 1757 1053 1809 Patre

60 1849 163 1886 non
191 1838 357 1899 potest
379 1830 474 1882 dici
500 1832 788 1898 generatiO,
820 1830 907 1882 sed
936 1832 1055 1882 sim-

63 1906 264 1978 pliciter
299 1905 561 1974 processio,
602 1904 687 1955 vel
721 1905 1049 1973 procedentia,

62 1981 144 2034 vel
186 1980 393 2049 spiratio
428 1985 779 2046 nuncupatur.
811 1978 1055 2047 Spiratio-

62 2070 181 2108 nem
228 2069 351 2106 vero
394 2054 547 2105 istam
588 2069 689 2105 non
718 2068 830 2105 esse
859 2069 1057 2121 proces-

63 2129 258 2182 sionem
286 2128 348 2180 ad
382 2134 548 2188 caetra,
579 2143 680 2195 qua
718 2133 988 2180 creaturae
1027 2144 1055 2180 a

65 2201 172 2255 Deo
218 2202 469 2268 originem
516 2200 746 2263 ducunt,
804 2201 891 2253 sed
945 2217 1056 2254 esse

67 2276 444 2345 processionem
465 2275 827 2336 immanentem,
863 2291 954 2327 seu
984 2278 1059 2327 in-

71 2358 277 2409 ternam,
321 2349 492 2407 omnia
537 2357 842 2415 argumenta
888 2357 1059 2402 osten-

70 2423 231 2485 dunt,
288 2423 472 2491 quibus
513 2424 779 2491 probatum
821 2430 899 2475 est
948 2423 1059 2491 Spi-

69 2498 223 2550 ritum
252 2495 497 2549 Sanctum
534 2512 646 2549 esse
675 2513 944 2564 personam
988 2498 1060 2549 di-

71 2571 262 2623 vinam.
290 2571 344 2622 ln
369 2570 466 2622 hoc
493 2587 644 2623 sensu
667 2570 914 2639 Spiritum
938 2571 1063 2624 San-

72 2651 215 2696 ctum
242 2660 268 2696 a
292 2644 442 2697 Patre
465 2644 763 2713 procedere,
794 2661 859 2697 ex
887 2646 1062 2699 divina

73 2716 408 2770 Revelatione
435 2725 654 2770 constat.

78 2818 83 2823 -
148 2790 200 2842 i.
249 2789 308 2843 S.
351 2790 611 2860 Scriptura
656 2793 914 2860 conceptis
953 2808 1065 2846 ver-

74 2859 150 2917 bis
208 2863 390 2926 docet,
439 2864 684 2930 Spiritum
737 2865 984 2918 Sanctum
1035 2884 1062 2919 a

74 2936 226 2990 Patre
286 2938 581 3005 procedere.
639 2937 872 2992 Christus
928 2941 1063 2993 enim

77 3012 327 3079 promittit
354 3011 600 3080 Spiritum
641 3014 874 3073 veritatis,
914 3015 1001 3081 qui
1037 3031 1067 3067 a

77 3082 230 3137 Patre
251 3085 466 3154 procedit
495 3084 592 3156 (1).
625 3086 744 3139 Ideo
771 3089 924 3140 etiam
954 3089 1064 3154 Spi-

79 3158 207 3210 ritus
251 3159 472 3212 Sanctus
517 3159 701 3212 dicitur
726 3161 939 3229 Spiritus
965 3161 1067 3214 Pa-

83 3231 171 3282 tris
199 3229 293 3302 (2),
325 3234 438 3287 dari
477 3248 506 3287 a
535 3232 688 3287 Patre
728 3233 827 3308 (5),
871 3237 1000 3290 mitti
1039 3253 1067 3290 a

84 3301 233 3356 Patre
273 3304 371 3377 (lt).

128 3431 181 3520 (ιζ
202 3433 253 3468 10.
270 3433 325 3476 15,
342 3435 394 3471 26.

128 3475 165 3518 12
203 3477 326 3516 Manu.
344 3478 398 3524 10,
418 3479 477 3519 20.

1108 354 1257 407 Patre
1283 369 1464 407 omnes
1503 360 1706 423 semper
1744 356 2096 423 admiserunt,

1106 429 1190 496 qui
1230 427 1478 497 Spiritum
1518 428 1767 482 Sanctum
1795 429 1960 484 Deum
1989 449 2100 487 esse

1107 503 1494 555 confessisunt.
1542 501 1672 555 Cum
1713 510 1891 557 autem
1931 503 2102 559 Mace-

1107 575 1315 628 doniani
1341 582 1394 628 et
1418 575 1727 630 Eunomiani
1759 577 2102 633 Divinitatem

1106 648 1326 718 Spiritus
1362 648 1539 702 Sancti
1586 651 1799 720 eiusque
1845 653 2104 707 internam

1107 739 1135 775 a
1189 723 1340 776 Patre
1385 726 1766 790 processionem
1806 735 2100 795 negarent,

1108 794 1253 849 Cone.
1303 794 1566 850 OPtanum
1604 799 1634 852 Ι
1670 799 1766 852 hoc
1815 800 2001 869 dogma
2042 802 2104 855 de

1107 870 1205 923 fide
1233 871 1547 924 credendum
1577 874 1841 942 proposuit
1868 876 1920 927 in
1959 875 2106 945 Sym-

1109 944 1222 997 bolo
1250 945 1446 998 dicens:
1480 947 1738 999 Credimus
1759 949 1814 1000 in
1859 947 2106 1018 Spiritum

1106 1017 1407 1072 Sanctum...
1452 1021 1540 1089 qui
1574 1037 1635 1074 em
1673 1019 1825 1075 Patre
1855 1024 2096 1092 procedit.

1491 1144 1530 1202 §
1571 1144 1714 1192 ωε.

1151 1230 1210 1265 111.
1236 1230 1391 1275 Spiritus
1415 1231 1568 1268 Sanctus
1590 1233 1756 1276 procedit
1777 1234 1887 1269 etiam
1911 1243 1932 1269 a
1955 1234 2061 1270 Filio.

1181 1313 1326 1367 Sicut
1372 1316 1689 1369 credendum
1731 1321 1810 1370 est
1859 1316 2108 1387 Spiritum

1109 1386 1357 1441 Sanctum
1398 1406 1427 1441 a
1480 1389 1631 1444 Patre
1678 1392 1988 1460 procedere,
2031 1394 2106 1446 sic

1111 1463 1266 1514 etiam
1339 1464 1657 1517 credendum
1707 1473 1784 1518 est
1860 1465 2109 1535 Spiritum

1111 1535 1362 1589 Sanctum
1409 1555 1438 1590 a
1483 1538 1613 1592 Filio
1673 1556 1878 1609 quoque
1931 1556 2108 1609 proce·

1113 1611 1273 1675 dere3
1323 1618 1601 1681 utrumque
1654 1615 1791 1665 enim
1845 1614 2110 1669 Revelatio

1115 1684 1281 1737 docet.
1313 1685 1409 1737 Sed
1439 1686 1536 1738 hoc
1575 1688 1626 1738 in
1673 1687 1915 1755 dogmate
1959 1689 2110 1741 aber-

1116 1765 1232 1810 rant
1268 1756 1443 1811 Graeci
1475 1760 1787 1823 schismatici,
1820 1763 1906 1830 qui
1934 1762 2114 1816 dicunt

1114 1832 1362 1900 Spiritum
1408 1833 1659 1886 Sanctum
1705 1851 1735 1886 a
1794 1835 1903 1888 solo
1960 1836 2112 1890 Patre

1117 1906 1415 1975 procedere.
1448 1907 1636 1960 Contra
1665 1909 1802 1976 ipsos
1839 1925 1964 1974 ergo
1993 1909 2111 1964 Pro-

1117 1982 1279 2034 cessio
1315 1981 1537 2050 Spiritus
1587 1982 1763 2035 Sancti
1810 1999 1839 2034 a
1887 1982 2015 2036 Filio
2054 2002 2115 2038 es:

1116 2054 1168 2107 S.
1196 2055 1482 2124 Scriptura,
1526 2072 1587 2108 ecc
1613 2055 1687 2108 Ss.
1717 2054 1956 2111 Patribus
1982 2065 2034 2111 et
2055 2076 2115 2112 eac

1119 2127 1351 2181 Conciliis
1381 2130 1642 2196 probanda
1671 2138 1768 2183 est.

1196 2204 1244 2255 1.
1270 2203 1348 2255 Ex
1377 2204 1430 2255 S.
1463 2203 1748 2272 Scriptura.
1782 2203 2017 2258 Christus
2039 2205 2110 2260 10.

1123 2275 1211 2337 16,
1250 2277 1338 2337 13,
1370 2279 1462 2330 ait:
1494 2277 1628 2330 Cum
1656 2281 1839 2331 venerit
1860 2280 1941 2332 ille
1960 2280 2116 2348 Spiri-

1122 2357 1197 2402 tus
1218 2352 1459 2410 veritatis,
1494 2351 1672 2404 docebit
1694 2369 1770 2404 eos
1788 2369 1982 2406 omnem
2000 2355 2118 2407 oeri-

1123 2432 1288 2487 taten23
1309 2441 1405 2476 non
1422 2427 1551 2477 enim
1569 2427 1791 2494 loquetur
1807 2443 1835 2478 a
1851 2429 2117 2496 semetipse,

1121 2499 1201 2550 sed
1253 2515 1565 2567 quaecunque
1616 2500 1816 2559 audiet,
1862 2500 2084 2568 loquetur
2097 2521 2118 2564 ;

1124 2578 1175 2623 et
1201 2588 1253 2623 v.
1289 2573 1391 2624 tlt:
1424 2573 1511 2624 Ille
1546 2589 1623 2625 me
1658 2573 1969 2643 clarificabit,
2002 2577 2120 2644 quia

1123 2646 1178 2697 de
1219 2661 1321 2698 meo
1363 2647 1563 2716 accipiet
1601 2655 1643 2699 et
1682 2648 1995 2701 annuntiabit
2046 2667 2122 2702 vo·

1126 2719 1221 2771 bis:
1268 2736 1360 2772 cur
1386 2728 1562 2774 autem
1590 2737 1619 2772 a
1648 2719 1850 2773 Christo
1876 2724 2117 2791 accipiat,

1126 2793 1313 2847 dicitur
1340 2811 1391 2846 ν.
1454 2796 1522 2848 15
1545 2836 1556 2857 ,
1590 2794 1770 2847 Omnia
1811 2811 2122 2866 quaecunque

1129 2867 1264 2920 habet
1308 2867 1494 2930 Pater,
1537 2884 1643 2920 mea
1688 2876 1823 2930 sunt,·
1865 2879 2121 2939 propterea

1127 2943 1257 2994 dixi:
1290 2944 1405 3010 quia
1446 2943 1502 2994 de
1548 2958 1651 2993 meo
1697 2942 1913 3011 accipiet,
1962 2952 2121 2997 etan-

1127 3017 1369 3068 nuntiabit
1390 3016 1540 3068 vobis.
1574 3015 1804 3070 Christus
1833 3016 1911 3069 his
1951 3019 2119 3072 verbis

1130 3105 1230 3140 non
1259 3090 1425 3142 solum
1453 3090 1700 3157 Spiritum
1725 3090 1975 3143 Sanctum
2001 3109 2031 3145 a
2064 3109 2118 3145 se

1129 3163 1383 3230 accipere,
1434 3179 1525 3215 seu
1573 3179 1603 3215 a
1647 3180 1702 3216 se
1731 3165 2007 3233 procedere
2046 3173 2119 3219 te·

1130 3244 1317 3298 statur,
1349 3237 1437 3288 sed
1480 3237 1632 3290 huius
1673 3240 2010 3306 processionis
2049 3247 2121 3293 et-

1132 3311 1233 3362 iam
1255 3311 1507 3364 rationem
1534 3311 1703 3367 reddit
1721 3313 1917 3367 dicens:
1943 3312 2118 3368 Omnia

1177 3439 1229 3529 (εἰ
1253 3441 1306 3476 10.
1329 3440 1456 3483 14,16.

1178 3484 1213 3527 (t
1250 3485 1326 3521 Gal.
1351 3485 1384 3530 4,
1408 3486 1444 3522 e.
