2332 3860
299 178 440 232 178·

219 275 440 330 Sanctus
489 271 566 346 (l)
615 273 769 328 virtus
821 270 1064 325 Alttssimi
1120 287 1208 341 ap-

221 350 460 420 pellatur.
503 378 574 388 —
615 350 723 399 lino
770 347 979 415 Spiritui
1018 346 1206 399 Sancto

219 427 270 478 in
309 424 389 476 Ss,
421 421 611 476 Bibliis
637 421 767 473 tales
799 421 1095 489 operationes
1123 421 1206 472 ad-

217 498 521 552 scribuntur
547 537 559 557 ‚
622 509 752 563 quae
822 495 915 546 soli
971 510 1092 546 vero
1157 500 1208 546 et

219 586 423 624 summo
449 571 556 622 Deo
576 575 894 636 competunt.
919 566 1046 620 Nam
1062 583 1208 636 prae-

219 645 364 698 dictio
402 645 689 711 futurorum
727 642 818 694 soli
861 642 966 693 Deo
1007 657 1207 709 compe-

219 719 282 771 tit
321 716 421 789 (ᾗς
465 717 601 769 unde
642 717 868 784 profetae
913 714 972 769 V.
1017 715 1072 767 T.
1114 731 1203 765 va-

219 793 395 845 ticinia
451 806 544 843 sua
583 804 787 857 semper
850 790 1075 857 supremi
1115 787 1206 839 Dei

222 866 425 918 nomine
453 864 797 933 proferebant.
842 862 940 914 Sed
975 863 1025 914 in
1049 861 1111 913 N.
1146 861 1201 913 T.

219 939 440 1007 Spiritus
478 937 699 990 Sanctus
749 945 991 1005 tanquam
1030 942 1208 987 auctor

220 1013 469 1065 librorum
510 1012 824 1071 divinorum,
853 1026 913 1062 ac
935 1010 1208 1077 praecipue

217 1086 545 1140 oraculorum
588 1085 1001 1153 propheticorum
1040 1083 1210 1134 decla-

219 1167 396 1213 ratur:
439 1158 633 1227 Spiritu
672 1158 849 1211 Sancto
878 1159 1110 1224 inspirati
1139 1156 1206 1207 to-

218 1235 318 1287 euti
338 1241 451 1285 suut
472 1237 624 1285 sancti
648 1233 735 1283 Dei
757 1232 971 1283 homines
993 1230 1087 1300 (5).
1108 1228 1210 1281 Pa-

223 1310 367 1359 tratio
393 1307 749 1359 miraculorum
769 1305 829 1357 ad
854 1305 1018 1357 solum
1040 1305 1208 1356 Deum

219 1388 435 1433 naturae
458 1381 734 1433 Dominum
759 1385 975 1447 spectat:
1009 1385 1087 1431 ast
1124 1378 1210 1428 illa

217 1454 428 1522 Spiritui
458 1455 646 1507 Sancto
693 1453 1019 1505 adscribitur.
1067 1451 1214 1502 Sum·

218 1543 358 1579 mum
402 1530 539 1579 enim
568 1526 873 1579 miraculum
902 1526 997 1577 fuit
1036 1541 1213 1576 conce-

219 1603 320 1669 ptio
340 1600 527 1653 Christi
555 1603 606 1653 in
632 1607 775 1652 utero
799 1598 1059 1666 virginali:
1087 1599 1212 1650 hacc

218 1682 393 1727 autem
428 1675 523 1727 fuit
562 1690 690 1742 opus
730 1672 946 1741 Spiritus
992 1672 1208 1734 Sancti3

218 1748 448 1816 Angelus
465 1749 600 1800 enim
621 1747 809 1799 Mariae
831 1747 978 1798 dixit:
994 1746 1213 1814 Spiritus

217 1821 422 1873 Sanctus
448 1822 743 1889 superveniet
771 1821 824 1871 iu
869 1828 934 1881 te,
980 1827 1022 1871 et
1055 1819 1214 1870 virtus

218 1893 466 1947 Altissimi
504 1893 802 1946 obumbrabit
842 1892 930 1944 tibi
970 1891 1064 1961 (lt).
1110 1892 1214 1944 Do-

218 1984 339 2019 num
383 1969 675 2035 linguarum
702 1966 928 2034 Apostoli
958 1982 987 2017 a
1027 1966 1214 2033 Spiritu

223 2041 412 2093 Sancto
441 2048 773 2110 acceperunt:
814 2039 997 2107 Repleti
1030 2048 1142 2090 sunt
1169 2056 1216 2090 o-

219 2130 353 2166 mues
373 2114 569 2182 Spiritu
595 2114 789 2176 Sanam,
814 2121 857 2165 et
877 2121 1128 2181 coeperunt
1150 2112 1217 2163 lo·

224 2188 313 2255 qui
345 2189 500 2241 variis
535 2189 715 2256 linquis
737 2229 748 2248 ,
802 2195 952 2254 prout
1001 2186 1215 2254 Spiritus

221 2261 425 2315 Sanctus
473 2262 615 2313 dabat
654 2261 816 2329 eloqui
852 2260 950 2311 iltis
978 2259 1074 2331 (5).
1108 2259 1215 2311 Imo

219 2336 393 2388 omnia
431 2336 564 2388 dona
591 2334 1004 2402 supernaturalia
1027 2340 1078 2386 et
1106 2350 1216 2401 pro-

220 2408 374 2476 digia,
398 2410 583 2477 quibus
609 2408 1122 2475 apostolicorumque
1144 2407 1217 2457 di-

225 2482 406 2550 scipuli
436 2483 751 2548 gaudebant,
783 2498 895 2533 esse
927 2497 1079 2549 opera
1107 2480 1216 2547 Spi-

225 2559 352 2608 ritus
407 2555 581 2609 Sancti
605 2597 616 2616 ‚
673 2562 892 2607 testatur
942 2555 1216 2621 Apostolus

221 2627 379 2681 ICor.
404 2630 492 2689 4²2,
514 2630 545 2681 lt
568 2637 668 2681 etc.
698 2628 872 2681 Gratia
898 2627 1215 2696 Saiietifioaas

221 2708 272 2753 et
313 2703 587 2755 infundens
624 2702 928 2755 charitatem
972 2717 1089 2754 cum
1132 2717 1215 2752 su-

221 2776 563 2841 pernaturalis
595 2777 680 2836 sit,
706 2793 734 2829 a
758 2776 866 2827 solo
890 2775 994 2826 Deo
1021 2775 1215 2826 obtine-

222 2854 306 2899 tur
334 2846 429 2918 (6).
462 2850 555 2902 Ast
577 2850 914 2902 sanctificatio
937 2855 987 2900 et
1014 2847 1215 2898 diffusio

220 2920 483 2973 charitatis
497 2924 851 2975 attribuuntur
864 2921 1074 2989 Spiritui
1091 2921 1155 2974 Sa
1166 2938 1216 2971 n-

221 2999 323 3044 cto:
354 2992 581 3047 Charitas
609 2997 699 3049 Dei
725 2996 903 3066 diffusa
937 3003 1004 3047 est
1030 2996 1082 3046 in
1117 3011 1217 3046 cor-

223 3065 360 3118 dibus
383 3072 562 3120 uostris
580 3086 668 3138 per
691 3070 933 3135 Spiritum
955 3069 1210 3127 Sanctum,

224 3139 313 3208 qui
331 3140 472 3193 datus
487 3150 555 3194 est
571 3143 705 3197 uobis
718 3143 814 3215 (7).
832 3141 1005 3195 Cultus
1021 3142 1215 3196 divinus

840 195 841 198 ’
910 192 974 231 Du
1012 193 1105 231 ΠΕΟ
1143 193 1197 230 rN
1230 193 1286 230 SE
1321 191 1580 231 seucum.
1625 193 1631 213 ³

2306 0 2332 54 :t

2252 55 2332 166 a}

2247 224 2304 274 ἶὲ

1267 280 1319 326 et
1363 287 1597 325 summus
1636 271 1740 326 Deo
1780 271 2008 325 defertur
2047 271 2332 342 inrisio-„412

1269 346 1414 398 randi
1465 346 1732 412 religione:
1799 346 1913 399 ideo
1961 362 2051 414 pcr
2090 343 2332 408 sotumi}

1269 420 1433 471 Deum
1471 420 1643 472 iurare
1683 418 1803 471 licet
1843 418 1939 490 (8).
1997 418 2150 487 Atqui
2191 391 2332 495 A-ssffffg

1270 493 1500 560 postolus
1561 492 1700 545 hunc
1748 492 1992 559 honorem
2046 490 2325 569 Spirituijf'oi

1270 566 1458 623 Sancto
1510 566 1737 625 exbibet,
1793 566 1925 625 sicut
1972 566 2065 633 ipsi
2119 560 2332 645 Chri}'{3

1269 647 1366 693 sto,
1406 640 1666 693 Veritatem
1707 639 1810 691 dico
1846 640 1903 691 iu
1930 638 2126 692 Christo
2164 635 2332 704 ηοῆζθτ

1270 714 1481 767 mentior
1506 755 1517 776 ‚
1570 713 1896 765 testimonium
1934 713 2058 765 mihi
2089 708 2258 782 perbis⁴
2287 714 2299 733 ‘

1271 788 1399 839 beate
1451 788 1742 840 conscientia
1793 791 1924 838 mea
1955 787 2013 839 in
2065 786 2283 854 Spiritu.

1269 859 1452 914 Sancto
1507 858 1603 931 (9).
1663 860 1998 927 Blasphemus
2056 859 2295 921 demum-¹2

1271 935 1456 986 dicitur
1495 934 1581 1002 qui
1622 934 1809 986 dixerit
1843 934 2059 986 verbum
2086 933 2291 1001 adver-‚4⁷
2315 951 2332 958 ··

1270 1024 1357 1061 sus
1421 1007 1667 1074 Spiritum
1716 1005 2142 1078 Sanctumth).

1344 1082 1396 1133 2.
1425 1081 1501 1133 Ss.
1524 1080 1702 1133 Patres
1722 1081 1940 1149 Spiritus
1966 1081 2140 1134 Sancti
2175 1079 2263 1132 Di·
2292 1092 2294 1096 ’

1273 1156 1541 1208 vinitatem
1587 1161 1962 1207 contestantur.
2005 1154 2283 1207 Tertullia-i'

1271 1246 1364 1281 nus
1391 1246 1437 1282 c.
1459 1229 1613 1282 Prax.
1633 1229 1769 1300 (tl):
1788 1249 1813 1277 «
1833 1229 1972 1281 Duos
1999 1224 2151 1291 Deos,
2175 1233 2266 1280 aut

1273 1303 1399 1355 duos
1424 1303 1665 1356 Dominos
1700 1319 1964 1371 nunquam
1984 1319 2050 1355 ex
2069 1319 2157 1355 ore
2179 1318 2286 1355 no·=

1274 1384 1378 1429 stro
1402 1379 1725 1445 proferimuS‚
1759 1394 1859 1429 non
1901 1377 2047 1445 quasi
2079 1392 2181 1429 non
2217 1373 2268 1430 et

1275 1451 1425 1506 Pater
1453 1451 1613 1513 Deus,
1635 1458 1686 1503 et
1714 1449 1877 1503 Filius
1903 1450 2062 1512 Beue,
2084 1457 2136 1502 et
2161 1449 2283 1518 Spin

1276 1526 1403 1576 ritus
1437 1524 1658 1577 Sanctus
1688 1525 1894 1577 Deus...
1939 1539 2090 1576 nemo
2131 1524 2281 1577 enim.

1275 1598 1428 1656 aliuS,
1458 1599 1555 1650 nisi
1598 1614 1730 1650 unus
1759 1598 1898 1650 Deus
1927 1604 1978 1649 et
2006 1613 2140 1649 unus
2168 1597 2264 1650 Do*

1276 1673 1446 1722 minus
1477 1672 1939 1739 praedicabatur.»
1978 1670 2036 1724 S.
2080 1664 2281 1738 Diouy'-¹

1275 1748 1378 1796 sius
1404 1743 1551 1798 Alea).
1586 1747 1635 1797 in
1667 1762 1803 1813 resp.
1850 1746 1914 1797 ad
1942 1761 2087 1813 prop.
2122 1739 2289 1796 Pauli*

1276 1818 1500 1870 Samos:
1538 1839 1564 1867 «
1589 1818 1700 1871 Non
1742 1819 1951 1887 impune
1981 1819 2142 1885 fertis,
2182 1817 2266 1886 qui
2285 1827 2293 1852 ‘⁸
2328 1850 2332 1852 -

1277 1893 1526 1944 adversus
1548 1893 1829 1961 benignum
1857 1893 2104 1961 Spiritum
2145 1891 2287 1964 San-v

1278 1973 1418 2017 ctum
1447 1966 1778 2034 blasphemus
1806 1973 1904 2018 est:
1935 1965 2154 2033 Spiritus
2183 1981 2271 2017 au·

1279 2047 1380 2091 tem
1400 2047 1477 2092 est.
1494 2040 1646 2094 Deus,
1665 2060 1686 2088 »
1705 2039 1757 2092 S.
1781 2040 2037 2094 Martialis
2057 2039 2269 2110 Apostof·
2294 2072 2295 2077 =

1280 2113 1445 2165 lorum
1485 2114 1767 2182 discipulus
1820 2114 1885 2166 ad
1937 2113 2271 2180 Burdagilen·

1278 2203 1358 2239 ses
1386 2188 1582 2239 scribit:
1620 2207 1644 2236 «
1689 2187 1829 2239 ldem
1871 2187 2010 2239 Deus
2049 2184 2268 2255 Spiritus

1276 2261 1515 2320 SanctuS‚
1541 2263 1706 2329 inquo
1728 2262 1898 2313 omnia
1928 2259 2267 2313 subsistunt.»

1277 2333 1328 2385 S.
1356 2332 1574 2386 Clemens
1600 2335 1747 2387 Rom.
1782 2334 1917 2406 (1⁶)ss
1958 2354 1985 2383 «
2028 2327 2272 2400 Inspicite

1278 2406 1608 2474 Scriptnrzm,
1656 2425 1778 2460 vera
1826 2407 2047 2474 Spiritus
2096 2403 2272 2465 Sancti

1279 2481 1507 2533 oracula.
1533 2502 1552 2529 »
1573 2481 1625 2534 S.
1644 2482 1868 2549 [quatias
1886 2480 1957 2534 M.
1988 2478 2101 2550 (13)
2125 2480 2270 2551 ἀίοἰις

1284 2574 1305 2603 α
1328 2554 1391 2605 Se
1416 2570 1514 2606 non
1535 2555 1761 2606 humana
1785 2556 1974 2606 virtute
1993 2554 2272 2606 schismata

1280 2628 1623 2694 praevidisse,
1685 2628 1773 2679 sed
1835 2627 2083 2695 Spiritum
2137 2623 2268 2704 San}
2315 2659 2317 2661 ·

1278 2706 1418 2752 ctum
1445 2702 1539 2753 sibi
1570 2701 1927 2762 annuntiasse,
1954 2707 2011 2753 ut
2050 2701 2269 2752 diceretae¹

1281 2775 1401 2825 nibil
1432 2776 1568 2839 agite
1593 2776 1702 2826 sine
1734 2774 2003 2842 Episcopo,
2040 2793 2063 2823 »
2092 2773 2144 2827 S.
2164 2768 2273 2839 Ire}⁴

1280 2863 1431 2900 naeus
1451 2847 1569 2917 (11⁸)
1590 2851 1682 2900 ait:
1705 2848 1995 2915 «Spiritum
2022 2833 2273 2900 Sanctual
2314 2885 2332 2889 -

1279 2923 1326 2971 in
1352 2937 1411 2973 eo
1440 2922 1644 2974 diflerre
1665 2923 1730 2974 ab
1751 2919 1947 2981 afflatu,
1979 2937 2078 2989 quo
2108 2912 2277 2991 Adanffi
2311 2979 2324 2987 ξ

1277 2995 1535 3047 animatus
1576 3002 1653 3047 est
1679 3036 1692 3055 ,
1737 2996 1872 3065 quod
1916 2993 2118 3047 afflatus
2176 2993 2260 3054 ist
2307 3027 2325 3045 -÷

1280 3068 1574 3135 temporalis
1601 3070 1694 3127 sit,
1725 3068 1949 3136 Spiritus
1977 3074 2149 3120 autem
2189 3067 2324 3140 ing-qw

1277 3147 1481 3193 creatus
1508 3148 1559 3194 et
1593 3144 1938 3210 sempiternus
1995 3160 2022 3191 »
2053 3140 2170 3194 Atia
2216 3146 2278 3207 χρ,
2317 3148 2320 3149 ’

1319 3313 1371 3358 (7)
1396 3314 1499 3349 Rom.
1526 3314 1559 3355 5,
1584 3315 1617 3351 ⁵.
1645 3334 1686 3343 —
1711 3315 1795 3352 cm
1815 3317 1898 3352 Petr
1935 3314 1966 3358 1,
1984 3314 2017 3351 2.
2042 3267 2225 3366 {Corsa}-¹
2246 3301 2291 3351 ,ν’

1361 3358 1687 3401 Enu.1,13,ete..
1720 3370 1723 3376 -
1761 3370 1765 3376 ·
2150 3364 2171 3383 ιι
2202 3356 2245 3388 ς
2276 3367 2297 3371 ¹

1268 3441 1275 3445 .
1322 3400 1370 3443 (s)
1399 3403 1504 3436 aaut.
1531 3403 1564 3444 c,
1591 3402 1655 3437 13.
1941 3402 1997 3490 5⁹)
2043 3383 2218 3443 nemsi).
2324 3410 2332 3425 ·-

1319 3443 1377 3486 (1⁰
1420 3445 1547 3481 Matth.
1573 3445 1629 3487 12.
1656 3445 1710 3480 31.
1813 3488 1832 3501 .,
1956 3446 2124 3498 nisti?-
2150 3443 2251 3503 μί’

1319 3486 1378 3530 (12
1420 3490 1435 3521 1
1461 3489 1524 3532 Ep.
1551 3491 1595 3522 ad
1618 3490 1700 3524 Cor.
1726 3497 1764 3525 n.
1790 3488 1845 3524 4⁰.
1901 3502 1903 3506 ⁴
2144 3500 2148 3504 '
2172 3505 2173 3509 ¹

1319 3530 1378 3575 (13
1420 3531 1480 3574 Ep.
1508 3534 1552 3566 ad
1579 3532 1714 3567 putiau.
1742 3540 1777 3567 n.
1805 3533 1836 3567 ’7.
1941 3511 2064 3577 (nnn
2086 3516 2178 3572 ιὰ
2280 3503 2289 3566 «A
