2332 3860
1054 171 1221 213 carm·
1253 177 1286 214 1.

2076 177 2110 228 5

146 246 424 293 constanter
446 238 788 305 asserentium,
811 255 909 291 non
936 238 1031 292 nisi
1057 238 1164 307 per!
1186 243 1501 310 adiaphoram
1533 246 1599 310 id,
1625 249 1754 317 quod
1789 265 1919 303 nunc
1955 253 2015 305 de
2054 238 2199 309 divi-·

143 314 410 369 Ecclesiam
450 320 553 366 tuto
605 315 834 380 cognosci
874 330 1018 381 posse
1057 330 1140 366 ve·
1183 318 1332 371 nitate
1366 318 1477 372 Filii
1509 337 1536 374 e
1561 321 1771 390 Spiritus
1813 323 1973 378 Sancti
2013 331 2201 388 credi-.

143 390 309 442 ritates
334 388 587 452 revelataS,
613 389 708 441 fide
746 389 906 440 divina
944 389 1141 441 creden-

143 463 245 515 das,
281 462 354 514 Ita
376 464 429 516 S.
469 463 720 526 Irenaeus,
757 479 867 514 cum
894 465 1140 515 ostendis-

144 545 234 600 set,
275 537 543 589 Ecclesiam
591 538 641 588 in
689 538 784 589 fide
832 553 996 589 errare
1043 555 1139 590 non

145 628 288 680 posse
330 613 428 679 (1),
469 612 748 663 concludit:
798 613 947 664 «Non
991 629 1138 679 opor-

143 694 213 738 tet
247 687 375 753 apud
416 686 538 738 alios
579 702 814 753 quaerere
856 687 1137 750 veritatem,

146 776 289 827 quam
316 761 455 812 facile
478 769 552 812 est
576 761 635 812 ab
653 760 872 812 Ecclesia
896 777 1139 813 sumere.»

146 836 197 888 S.
225 836 453 887 Hilarius
486 835 562 902 (2)
611 835 877 886 Ecclesiam
926 836 1142 887 nominat

145 928 170 962 ε
199 925 252 961 os
278 908 471 973 Christi,
498 925 522 959 ³
547 911 659 976 quia
684 926 770 976 per
793 910 923 960 illam
952 911 1142 961 divinus

146 984 443 1051 Redemptor
483 985 708 1035 veritates
748 1002 775 1035 a
815 1001 868 1036 se
908 985 1140 1035 revelatas

142 1059 285 1110 nobis
342 1060 622 1109 annunciat.
671 1062 881 1112 Sanctus
922 1059 1142 1126 Gyrillus

142 1134 608 1186 Hierosolimitanus
647 1135 724 1201 (3)
753 1135 924 1196 docet,
953 1152 977 1185 α
1005 1134 1138 1184 illam

142 1208 294 1259 solam
345 1209 727 1275 amplectendam
770 1217 818 1259 et
856 1210 1138 1259 servandam

142 1298 250 1333 esse
277 1282 449 1345 fidem,
479 1299 601 1349 quae
638 1283 695 1333 ab
729 1282 947 1333 Ecclesia
984 1284 1138 1333 tradi-

141 1365 239 1408 tur.
267 1372 291 1406 )
317 1357 524 1409 Sanctus
558 1358 871 1422 Anqustinus
911 1357 979 1423 (4)
1022 1358 1138 1407 scri-

140 1429 249 1482 bit:
298 1447 322 1480 (
351 1429 529 1482 Verum
574 1440 647 1481 est
694 1431 823 1497 quod
872 1431 1138 1496 antiquitus

141 1504 300 1555 veraci
331 1505 427 1555 fide
468 1505 702 1556 catholica
750 1505 1057 1570 praedicatur
1092 1514 1138 1555 et

145 1579 360 1629 creditur
402 1595 488 1645 per
529 1587 674 1630 totam
703 1572 968 1629 Eccles'iam
995 1598 1008 1643 3
1040 1595 1064 1628 3>
1092 1588 1138 1630 et

144 1652 258 1703 alibi
308 1653 371 1716 (5)
420 1653 617 1719 inquit:
668 1671 692 1703 <x
732 1653 830 1716 Ego
879 1653 1137 1718 Evangelio

143 1743 239 1777 non
266 1727 532 1788 crederem,
558 1728 651 1777 nisi
677 1743 753 1777 me
776 1727 1021 1778 Ecclesiae
1058 1728 1139 1777 c'a-

142 1800 351 1851 tholicae
376 1808 701 1851 commoveret
724 1799 1001 1850 auctoritas
1034 1816 1057 1848 ι)
1082 1800 1134 1850 In

137 1874 445 1934 vCatechismo
477 1891 597 1925 rom.
627 1875 702 1940 (6)
732 1875 790 1924 de
818 1874 911 1925 fide
939 1874 1131 1924 dicitur:

137 1966 170 2018 .‘¹
196 1949 344 2000 Cuius
381 1950 570 2015 (fidei)
597 1950 749 2000 virtus
792 1949 958 2011 efficit,
1001 1956 1053 1998 ut
1088 1948 1137 1998 id

139 2030 297 2074 ratum
346 2023 631 2086 habeamus,
675 2023 805 2089 quod
831 2038 858 2073 a
896 2021 994 2072 Deo
1039 2030 1137 2071 tra-

138 2098 296 2148 ditum
323 2114 449 2160 esse,
477 2098 810 2149 sanctissimae
850 2096 1017 2146 matris
1042 2095 1137 2146 Ec·-

138 2151 318 2223 ¹clesiae
344 2173 604 2223 auctoritas
630 2170 992 2237 comprobavit»
1020 2171 1111 2235 (7).

144 2264 149 2306 ζ
207 2247 255 2297 3.
284 2247 358 2298 Ad
395 2248 569 2312 dogma
610 2246 1003 2297 constituendum
1040 2260 1136 2294 non

142 2315 408 2388 ‘requiritur
449 2322 722 2372 necessario
772 2320 1005 2371 solemnis
1043 2318 1137 2369 Ec-

144 2395 339 2458 clesiae,
389 2396 486 2447 sive
534 2395 735 2446 Concilii
776 2393 1014 2457 generalis
1058 2394 1138 2442 de—

143 2469 315 2531 finitio,
344 2469 429 2519 sed
467 2468 644 2519 sufficit
680 2483 948 2518 consensus
972 2465 1138 2517 Eccle-

144 2543 242 2604 siae
279 2543 552 2593 doctrinam
588 2542 796 2608 aliquam
840 2557 928 2591 ceu
970 2539 1139 2591 divini-

145 2624 222 2667 tus
267 2616 526 2666 revelatam
583 2616 825 2666 credentis
871 2621 918 2664 et
965 2629 1139 2680 propo-

145 2691 320 2741 nentis.
347 2689 464 2740 Nam
501 2690 541 2740 si
578 2690 638 2741 ad
673 2689 1065 2740 constitutionem
1094 2694 1139 2738 et

147 2757 380 2822 'rationem
406 2763 506 2814 veri
537 2764 773 2828 dogmatis
805 2763 1141 2829 requireretur

145 2839 375 2895 solemnis
400 2838 664 2902 Ecclesiae,
705 2854 790 2888 seu
816 2837 1014 2889 Concilii
1061 2852 1138 2900 ge-

147 2913 325 2970 neralis
352 2912 587 2972 definitio,
634 2925 937 2977 consequens
979 2911 1136 2974 foret,

147 2983 206 3039 ad
252 2994 475 3053 quartum
525 3002 681 3053 usque
720 2985 966 3036 Ecclesiae
1014 2985 1138 3035 chri-

147 3061 329 3112 stianae
368 3061 617 3112 saeculum
657 3060 806 3111 fuisse
852 3076 952 3110 rem
996 3059 1137 3110 Chri-

149 3135 315 3187 stianis
359 3135 714 3186 indifferentem
774 3134 1139 3201 doctrinamque

194 3239 241 3284 (1)
266 3239 306 3275 L.
325 3240 359 3275 8.
378 3239 467 3281 adv,
488 3239 582 3275 haer
598 3248 632 3275 c.
648 3240 684 3283 4,
703 3249 740 3276 n.
759 3240 791 3277 1.

195 3294 244 3339 (2⁸
274 3293 319 3329 In
346 3292 409 3328 Ps.
431 3294 504 3328 138.
525 3303 562 3328 n.
582 3294 639 3330 29.

201 3345 251 3390 (3)
274 3343 434 3382 catech.
451 3346 483 3380 5.
504 3355 540 3380 n.
566 3345 617 3381 12.

199 3399 250 3442 (4)
273 3397 315 3434 L.
333 3399 367 3433 6.
388 3407 424 3433 c.
447 3397 591 3433 Iulian.
609 3406 643 3434 c.
659 3398 696 3439 5,
716 3406 754 3433 n.
780 3398 832 3433 11.

198 3449 248 3493 (5)
273 3449 316 3488 1..
333 3450 368 3485 3.
394 3448 443 3485 de
467 3448 576 3496 bapt.
602 3458 635 3487 c.
658 3450 701 3487 25
736 3459 772 3486 n.
790 3450 843 3485 37.

201 3500 250 3539 {6}
274 3499 315 3537 P.
347 3502 377 3538 1.
397 3510 432 3540 c.
456 3501 489 3545 l,
509 3511 550 3540 u.
577 3502 606 3537 l.

1182 408 1309 458 muS‚
1339 393 1494 447 donec
1517 398 1712 449 tandem
1738 399 1790 450 in
1815 398 2043 453 Conciliis
2082 403 2177 457 Ni-

1180 482 1325 520 caeno
1358 471 1524 536 primo
1565 479 1614 523 et
1648 471 2176 541 Constantinopolitano

1182 541 1337 606 primo
1364 543 1665 596 solemnibus
1712 547 1920 599 decretis
1967 562 2023 598 ea
2063 549 2178 614 dog-

1183 623 1308 666 mata
1345 617 1681 670 definirentur.
1717 620 1853 671 Idem
1900 620 2002 672 fere
2029 628 2178 675 statu-

1181 690 1359 740 endum
1388 700 1518 744 esset
1536 693 1596 745 de
1614 694 1723 747 aliis
1749 695 1862 746 fidei
1888 694 2179 748 christianae

1181 764 1520 830 dogmatibuS,
1584 783 1708 834 quae
1765 770 2178 835 consequentibus

1182 839 1378 889 demum
1406 842 1613 893 saeculis
1648 843 1846 894 definita
1869 843 1920 893 in
1960 844 2180 895 conciliis

1181 912 1349 975 fuere3
1397 915 1527 979 quod
1576 931 1719 982 quam
1762 917 1824 967 sit
1863 916 2076 967 alienum
2119 917 2178 969 ab

1181 986 1301 1035 avita
1319 987 1556 1038 maiorum
1585 990 1696 1050 fide,
1720 997 1950 1055 rectaque
1974 989 2178 1053 ratione,

1181 1076 1324 1112 nemo
1352 1077 1449 1112 non
1476 1064 1694 1130 percipit.
1721 1063 1876 1114 Etiam
1905 1063 2068 1115 Sancti
2092 1058 2179 1114 Pa-

1181 1141 1298 1198 treS,
1343 1142 1396 1184 ut
1444 1152 1501 1187 ex
1551 1137 1670 1187 locis
1707 1138 1864 1188 citatis
1914 1138 2179 1208 patet,·ad

1181 1208 1355 1272 dogma
1405 1211 1801 1262 constituendum
1850 1227 1948 1261 non
1995 1210 2178 1262 solem-

1181 1297 1289 1331 nem
1317 1281 1516 1334 Concilii
1553 1285 1795 1348 generalis
1813 1284 2176 1349 definitionem,

1179 1356 1262 1405 sed
1301 1356 1459 1406 solum
1496 1366 1799 1409 constantem
1838 1366 1887 1409 et
1927 1359 2180 1409 universa-

1179 1430 1272 1480 lem
1299 1429 1542 1483 Ecclesiae
1569 1434 1787 1484 docentis
1814 1432 1961 1482 fidem
1987 1439 2034 1483 et
2059 1448 2179 1483 con-

1178 1519 1375 1555 sensum
1421 1514 1704 1573 exposcunt.
1748 1506 1946 1558 Constat
1987 1515 2192 1573 praete-j

1178 1594 1280 1640 rea,
1318 1580 1411 1630 iam
1460 1581 1510 1631 in
1562 1581 1731 1647 primis
1780 1582 1936 1632 tribus
1974 1581 2180 1631 saeculis

1178 1668 1367 1716 omneS‚
1398 1655 1480 1719 qui
1505 1671 1531 1705 a
1557 1657 1776 1706 doctrina
1811 1655 1944 1720 fidei,
1977 1656 2179 1705 univer-

1179 1725 1269 1775 sim
1308 1727 1365 1775 ab
1393 1726 1611 1778 Ecclesia
1639 1729 1915 1794 proposita,
1956 1728 2177 1793 quamvis

1178 1799 1226 1847 in
1274 1799 1489 1851 Concilio
1535 1802 1751 1865 generali
1799 1817 1895 1851 non
1950 1801 2178 1862 definita,

1179 1883 1509 1937 recesserunt,
1538 1883 1782 1942 tamquam
1812 1875 2100 1935 haereticos
2132 1881 2180 1925 et

1178 1956 1395 1998 exsortes
1421 1949 1591 1999 salutis
1617 1949 1808 1999 habitos
1834 1949 2003 1998 fuisse.
2034 1947 2176 1998 Tales

1178 2023 1387 2076 Sanctus
1424 2024 1650 2089 anatius
1685 2024 1880 2088 Martyr
1904 2022 1979 2089 (8)
2021 2022 2174 2072 decla-

1179 2108 1252 2151 rat
1277 2101 1487 2158 DocetaS,
1516 2098 1598 2163 qui
1616 2096 1864 2148 Christum
1891 2103 2186 2162 apparenter.

1179 2184 1362 2225 tantum
1392 2188 1589 2238 passum
1623 2187 1730 2221 esse
1757 2177 1806 2220 et
1828 2170 2176 2231 resurrexisse,

1180 2249 1428 2308 dicebant,
1474 2254 1619 2311 atque
1665 2244 1813 2306 illos,
1866 2243 1949 2309 qui
1996 2243 2177 2293 realem

1178 2309 1357 2374 Christi
1404 2320 1454 2369 in
1502 2317 1807 2369 Eucharistia
1853 2316 2177 2383 praesentiam

1181 2392 1579 2458 negabant.1dem
1600 2389 1835 2440 iudicium
1855 2389 2004 2438 latum
2027 2387 2178 2438 fuisse

1181 2471 1238 2520 de
1267 2466 1524 2525 Gnostici&
1561 2463 1940 2528 Valentinianae,
1970 2462 2183 2514 Marcio-.

1179 2544 1299 2595 nilis
1347 2549 1454 2602 etc.,
1501 2555 1559 2589 ex
1609 2539 1827 2598 Irenaeo,
1877 2534 2176 2586 Tertulliano

1180 2627 1226 2668 et
1249 2617 1356 2667 aliis
1380 2613 1606 2665 Patribus
1645 2617 1848 2661 constat.
1892 2609 2176 2660 Communis

1179 2707 1293 2756 ergo
1335 2690 1440 2740 istis
1478 2685 1780 2752 temporibus
1822 2683 2071 2750 persuasio
2107 2684 2176 2731 vi-

1178 2767 1314 2830 guit,
1365 2769 1705 2822 constantem,
1756 2765 1805 2808 et
1850 2757 2176 2808 universalem

1179 2838 1455 2901 Ecclesiae,
1507 2833 1777 2886 doctrinam
1824 2831 2035 2897 aliquam
2085 2845 2177 2880 ceu

1178 2914 1403 2964 divinitus
1464 2909 1723 2960 revelatam
1797 2904 2113 2972 proponentis
2159 2941 2172 2966 ,

1180 3000 1471 3039 consensum
1510 2981 1734 3033 sufficere
1770 2979 1830 3029 ad
1856 2979 2031 3042 dogma
2058 2991 2177 3027 con-

1180 3060 1512 3117 stituendum,
1562 3053 1694 3121 quod
1744 3067 1914 3102 omnes
1960 3050 2050 3101 sub
2099 3049 2176 3099 di-

1180 3134 1382 3201 spendio
1427 3130 1597 3182 salutis
1653 3127 1852 3179 credere
1899 3129 2182 3177 teneantur.-

1226 3290 1276 3333 (7)
1301 3287 1358 3323 Cf.
1393 3285 1575 3322 Clemens
1601 3282 1710 3318 Alex.
1750 3280 1782 3316 Ι.
1819 3282 1852 3315 6.
1894 3278 2037 3315 Strom.
2061 3285 2097 3311 c.
2125 3276 2176 3310 15.

1179 3339 1440 3377 Tertullianus
1462 3336 1512 3372 de
1532 3333 1766 3381 praescript.
1789 3341 1823 3367 c.
1840 3331 1895 3366 21.
1914 3329 2105 3372 Origenes
2124 3325 2173 3384 de

1181 3393 1346 3440 princip.
1367 3388 1489 3435 praef.
1509 3398 1545 3423 n.
1569 3388 1603 3422 2.
1626 3386 1802 3421 Vincent.
1829 3383 1901 3418 Lir.
1924 3381 2170 3418 commonit.

1181 3444 1287 3480 1220.
1313 3442 1350 3478 S.
1365 3440 1548 3480 Thomas,
1566 3438 1603 3482 2,
1623 3437 1660 3480 2,
1678 3444 1719 3482 q.
1736 3436 1773 3477 5,
1792 3437 1867 3470 art.
1885 3433 1920 3468 3.

1217 3494 1269 3540 (8)
1290 3491 1364 3538 Ep.
1390 3490 1440 3527 ad
1461 3491 1612 3536 Smyrn.
1631 3487 1713 3527 mg
1734 3488 1828 3528 elm-
1855 3485 1891 3511 ⁹⁷*
