2332 3860
0 0 9 90 -v—-u-

0 0 217 135 t?

0 223 3 225 >
40 214 171 262 ea,
210 210 362 269 qnae
377 199 599 260 cogitata
636 202 776 254 sunt,
821 194 1072 248 fierent...

58 306 66 326 ;
31 266 173 327 ht
184 273 252 324 si
244 270 565 324 dixerimus·
598 266 896 330 HelvidiuS‚
926 275 1074 322 ante-

51 397 62 409 ,
89 360 239 416 quam
279 343 642 411 poenitentiam
668 350 865 408 ageret,
909 349 1072 395 morte

55 415 58 418 ’
85 423 394 490 praeventus
424 422 520 477 est,
545 432 644 467 non
667 418 917 484 sequitur,
938 416 1070 485 quod

88 497 438 562 postmortem
468 492 832 558 poenitentiam
886 492 1069 555 egerit,

85 565 281 620 cumibi
312 581 410 617 non
445 565 508 616 sit
545 565 885 632 poenitentiae
915 564 1073 630 locuS‚

54 705 57 707 Α
87 640 283 694 dicente
305 637 587 706 Scriptura:
620 639 678 690 In
701 639 891 704 inferno
912 646 1073 690 atatem

84 715 193 784 quis
230 712 528 783 confitebitur
580 713 692 764 tibi?
743 711 838 781 (l).
913 711 1075 776 Igitur

39 798 54 806 ‘
84 804 199 842 cum
259 786 584 855 Evangelista
608 787 710 839 ait:
747 806 772 835 «
804 785 1074 853 Antequam

57 865 401 920 'convenirent‚
449 863 739 928 proximum
780 862 1073 927 nuptiarum

86 944 284 1003 tempus
334 936 592 996 ostendit,
640 944 693 986 ut
744 951 873 1003 quae
937 937 1077 1000 prius

84 1025 267 1080 sponsa
306 1015 435 1068 erat,
478 1025 589 1062 esse
633 1025 764 1060 uxor
806 1009 1072 1075 inciperet3

85 1100 183 1136 non
207 1090 376 1135 tamen
393 1086 644 1152 sequitur,
668 1082 936 1150 losephum
958 1098 1078 1133 cum

84 1157 239 1213 Maria
293 1158 592 1210 convenisse
653 1164 761 1223 post
821 1164 1074 1222 partum.»

82 1231 390 1284 -Helvidii
422 1232 773 1299 probationem
808 1231 860 1282 S.
897 1231 1079 1281 Ductor

84 1307 301 1359 conterit
338 1305 437 1357 alio
494 1307 736 1373 exemplo
778 1305 983 1357 dicens.
1027 1304 1076 1356 Si

83 1380 283 1433 dicam.
326 1387 600 1447 antequam
644 1383 692 1431 in
743 1387 887 1445 portu
932 1395 1079 1446 pran-

84 1454 279 1514 derem,
324 1456 373 1505 in
418 1454 659 1506 Afflicam
694 1455 950 1520 navigavi,
982 1469 1078 1504 non

83 1530 330 1597 sequitur,
362 1544 440 1579 me
472 1537 645 1596 postea
678 1530 727 1579 in
761 1535 905 1594 portu
937 1544 1083 1594 pr-an

83 1603 236 1654 disse.
298 1601 457 1654 Sicuti
508 1618 628 1668 ergo
669 1603 718 1654 in
768 1602 863 1653 liae
907 1618 1082 1668 propo-

82 1678 302 1728 sitione:
375 1684 658 1744 antequam
739 1675 1079 1743 pranderem,

83 1750 217 1803 idem
257 1756 333 1802 est
372 1766 453 1811 ae,
503 1753 624 1818 quin
657 1751 981 1818 pranderem3
1016 1751 1080 1800 ita

83 1826 255 1878 etiarn:
273 1832 552 1893 antequam
579 1825 933 1890 convenirent,
951 1825 1081 1875 idem

83 1904 257 1959 estao,
281 1898 403 1966 quin
436 1900 773 1950 convenirent
803 1906 920 1960 eto.;
949 1899 1084 1949 hunc

56 2033 58 2038 ,
86 1973 219 2026 enim
259 1989 467 2025 sensum
518 1974 676 2041 poscit
705 1989 888 2040 scopus
916 1972 1084 2024 Evan-

84 2047 326 2115 gelistae,
368 2048 451 2115 qui
483 2063 580 2099 non
611 2047 741 2099 alius
782 2054 1083 2114 erat‚quam

84 2128 140 2174 ut
179 2121 443 2182 ostendat,
487 2121 698 2174 Mariam
730 2122 871 2172 iuxta
916 2121 1087 2171 vatici-

87 2198 232 2248 nium
269 2194 428 2246 Isaiae
450 2203 505 2247 ut
531 2194 795 2262 Virginem
825 2194 1083 2247 Christum

86 2270 390 2338 concepisse
431 2276 482 2320 et
513 2271 789 2336 peperisse.

163 2342 270 2396 obi.
315 2344 400 2394 ‘2ss
444 2343 671 2409 Angelus
713 2344 776 2395 ad
817 2341 1087 2410 Iosephum

90 2417 239 2471 dixit:
281 2416 401 2469 Noti
431 2418 597 2468 timere
626 2418 837 2485 accipere
868 2418 1089 2470 Mariam

90 2492 342 2559 coniuqem
384 2498 518 2542 tuam
548 2490 646 2560 (Q);
690 2507 811 2558 ergo
853 2492 958 2558 ipse
987 2490 1089 2542 An-

91 2565 240 2634 gelus
280 2564 490 2633 Iosepho
521 2565 784 2625 indicavit,
817 2565 947 2634 quod
979 2581 1090 2633 pos-

95 2642 163 2692 sit
182 2639 392 2692 Mariam
425 2646 480 2691 ut
501 2640 771 2707 coniugem
801 2655 947 2691 suam
976 2655 1093 2691 con-

95 2713 324 2766 siderare
364 2719 415 2764 et
471 2714 666 2766 iuribus
715 2715 936 2781 coniugii
979 2716 1088 2779 uti:

98 2786 236 2855 quod
298 2793 349 2839 et
412 2786 601 2839 factum
641 2803 752 2839 esse
816 2788 1094 2839 ostendunt

98 2861 261 2913 verba
287 2867 543 2928 sequent-.:
564 2862 826 2928 Eoeurqens
853 2861 1088 2931 Ioseph...

100 2934 280 3003 accepit
318 2934 566 3002 coniuqem
590 2950 731 2986 suam
774 2933 871 3006 (3).

175 3008 313 3078 Resp.
355 3007 484 3071 Quid
537 3008 768 3072 Angelus
827 3025 916 3077 per
970 3008 1096 3062 haec

101 3083 284 3136 verba:
329 3083 541 3151 accipere
580 3083 803 3137 Mariam
849 3083 1098 3149 cotziuyem

105 3162 206 3209 etc.
262 3156 613 3219 intellexerit,
675 3173 742 3210 ex
805 3158 1098 3210 immediate

106 3230 532 3299 praecedentibus
571 3230 719 3284 facile
758 3229 1094 3298 intelligitur:

108 3303 288 3372 loseph
309 3307 445 3357 enim
468 3305 680 3359 Mariam
707 3306 974 3374 gravidam
996 3323 1101 3359 cer-

151 3430 205 3522 ᾖ)
227 3433 283 3468 Ρ·
297 3431 333 3469 ⁶.
417 3433 470 3479 (ιι)
494 3435 618 3470 maun.
635 3434 668 3477 1,
685 3433 740 3469 ευ.
835 3434 886 3480 (3)
909 3436 962 3470 ιιι.
982 3446 1017 3470 v.
1037 3435 1090 3470 24

192 3477 423 3520 )1b.v.25.

770 3479 818 3524 (5)
847 3481 973 3516 mann.
991 3480 1025 3525 1,
1045 3481 1100 3516 25.

193 3557 352 3612 Knolt,
376 3563 495 3608 Teot.
518 3563 670 3616 doqm.
693 3584 751 3594 —
777 3560 882 3610 Vot.
900 3562 942 3608 Ι.

692 113 810 152 PARS
847 112 919 151 m.
961 112 1124 152 senno
1161 114 1201 152 1.
1243 113 1395 151 CAPUT
1432 113 1467 150 Ι.

1942 98 2050 154 ἱιὶοθ

1135 209 1262 248 nens
1300 200 1351 246 et
1388 194 1694 262 mysterium
1734 193 2004 260 ignorans,
2049 210 2126 251 vo·
2196 199 2197 203 ’

1134 269 1226 322 tuit
1268 267 1444 321 occulte
1483 268 1725 322 dimittere
1763 284 1870 320 eam
1895 309 1907 330 ‚
1950 272 2031 322 cui
2072 271 2125 323 in

1135 357 1398 410 sponsum,
1442 343 1638 394 socium
1677 348 1730 394 et
1768 343 2031 395 custodem
2054 344 2127 396 di·

1136 418 1331 469 vinitus
1353 415 1503 467 datus
1531 415 1715 468 fuerat.
1736 413 1988 481 AngeluS,
2021 425 2128 470 uta

1139 490 1223 542 tali
1255 491 1511 558 proposito
1535 490 1700 556 ipsum
1729 489 2003 552 detineret,
2033 492 2124 543 ait:

1137 564 1254 616 Noli
1275 564 1446 616 timere
1472 564 1682 632 accipere
1704 563 1927 615 Mariam
1966 565 2131 616 coniu-

1136 654 1240 707 9em
1278 646 1409 689 tuam
1450 644 1551 689 etc.
1596 653 1657 689 ac
1697 639 1738 689 si
1767 639 1980 690 diceret:
2028 638 2129 690 noli

1138 713 1394 763 dimittere
1434 726 1569 771 eam,
1613 727 1744 781 quae
1787 713 1872 764 tibi
1915 714 1966 764 in
2008 728 2131 764 con-

1139 788 1306 851 iugem
1349 786 1466 837 data
1508 786 1633 846 fuit,
1677 786 1763 838 sed
1807 802 1920 838 eam
1963 794 2132 838 tecum

1140 861 1301 912 retine
1343 868 1392 911 et
1433 860 1649 912 custodi.
1715 860 1890 929 Neque
1945 861 1992 911 in
2035 861 2134 911 alio

1139 951 1289 986 sensu
1317 933 1491 1002 loseph
1514 934 1688 1002 accep-it
1709 936 1956 1002 coninqem
1977 950 2135 999 suam,-

1142 1024 1259 1060 nam
1299 1011 1470 1060 statim
1513 1010 1879 1077 subiungitur:
1937 1009 2000 1060 Et
2041 1025 2136 1060 non

1140 1082 1437 1150 coynoscebat
1478 1098 1583 1134 eam
1625 1082 1721 1151 (lt).

1215 1155 1321 1208 Oti.
1369 1158 1451 1207 5.⁸
1495 1157 1739 1219 Quamvis
1761 1156 2137 1209 admittendum

1140 1233 1225 1291 sit,
1274 1231 1542 1299 loseplium
1572 1238 1691 1283 ante
1722 1239 1923 1299 partum
1952 1230 2138 1283 Christi

1142 1306 1359 1357 Mariam
1404 1322 1502 1356 non
1529 1308 1850 1370 cognovisse,
1887 1313 2057 1357 tamen
2089 1305 2138 1356 id

1144 1380 1331 1431 factum
1374 1395 1484 1431 esse
1521 1387 1719 1447 postea,
1764 1381 1812 1431 in
1859 1379 2139 1448 Evangelio

1143 1452 1279 1505 clare
1320 1454 1597 1517 indicatur3
1642 1470 1759 1505 nam
1805 1455 2010 1521 legitur:
2054 1453 2142 1505 Ac·

1142 1529 1260 1595 cepit
1287 1530 1535 1595 corziuyem
1564 1544 1723 1589 suam,
1756 1537 1798 1579 et
1838 1545 1932 1579 non
1972 1543 2142 1595 coquo-

1143 1603 1294 1653 scebat
1334 1619 1477 1663 eam,
1522 1603 1665 1654 donec
1721 1606 1903 1671 peperit
1955 1601 2143 1655 Filiam

1144 1693 1286 1727 suum
1303 1678 1681 1744 primogenitum
1699 1676 1795 1745 (5);
1822 1677 1946 1729 haec
1968 1683 2143 1727 autem

1149 1767 1247 1802 vox
1291 1751 1434 1802 donee
1480 1753 1880 1802 determinatum
1943 1758 2144 1816 tempus

1146 1824 1400 1889 signifieat
1429 1866 1440 1885 ‚
1503 1841 1604 1892 quo
1658 1825 1866 1891 impleto
1925 1824 2013 1876 fiat
2053 1824 2102 1875 id
2130 1864 2143 1885 ‚

1147 1899 1276 1966 quod
1323 1915 1480 1967 usque
1521 1899 1582 1950 ad
1627 1899 1750 1949 illud
1796 1906 1995 1965 tempus
2044 1914 2147 1948 non

1149 1973 1341 2035 fiebat3
1409 1989 1530 2039 ergo
1584 1972 1742 2025 Maria
1799 1980 1909 2040 post
1959 1971 2145 2025 Christi

1150 2054 1351 2115 partum
1391 2046 1546 2111 Virgo
1589 2063 1687 2098 non
1733 2047 2035 2115 permansit.

1223 2120 1360 2189 Resp.
1401 2120 1609 2172 Certum
1650 2129 1758 2181 est,
1805 2122 2018 2171 verbum
2061 2136 2148 2172 co·

1148 2210 1395 2261 gnoscere
1437 2212 1536 2247 non
1579 2212 1781 2262 semper
1821 2196 2011 2246 coitum
2043 2210 2150 2245 ma-

1151 2270 1324 2330 ritale,
1368 2269 1455 2319 sed
1501 2269 1661 2320 multo
1703 2269 2022 2336 frequentius
2076 2284 2150 2319 re-

1153 2359 1263 2394 rum
1296 2344 1526 2395 notitiam
1545 2342 1856 2408 significare.
1890 2342 2007 2394 Ideo
2031 2358 2151 2393 non-

1153 2416 1279 2468 nulli
1322 2416 1447 2468 haec
1487 2418 1666 2468 verba:
1710 2433 1807 2468 non
1847 2415 2151 2484 coynoscebat

1153 2507 1277 2552 eam,
1322 2491 1464 2543 donec
1486 2491 1669 2560 peperit
1708 2499 1808 2543 etc.
1854 2490 2152 2558 intelligunt

1153 2565 1214 2616 de
1257 2566 1546 2632 cognitione
1574 2565 1914 2617 excellentiae
1955 2571 2006 2616 et
2045 2580 2152 2616 me-

1154 2640 1368 2691 ritorum
1410 2639 1467 2691 B.
1516 2639 1761 2707 Virginis,
1790 2654 1942 2708 quam
1972 2638 2151 2706 loseph

1156 2730 1255 2765 non
1298 2713 1475 2765 habuit
1518 2714 1719 2782 plenam
1748 2754 1761 2775 ‚
1807 2714 1899 2765 nisi
1947 2712 2151 2781 quando

1154 2788 1204 2839 in
1235 2788 1461 2839 eiusdem
1496 2796 1642 2856 partu
1674 2788 1800 2839 vidit
1833 2785 2024 2839 Choros
2051 2786 2153 2839 An-

1155 2862 1386 2927 gelorum
1451 2863 1748 2914 canentium
1814 2867 1915 2913 eto.
1958 2859 2041 2913 Sic
2091 2860 2149 2914 S.

1162 2934 1531 3004 Chrysostomus
1558 2935 1633 3006 (6)
1676 2936 1816 2988 dicit:
1864 2954 1890 2984 «
1931 2933 2042 3005 Non
2068 2950 2165 3003 co-x

1157 3012 1336 3077 gnovit
1374 3026 1487 3062 eam
1530 3010 1729 3077 loseph,
1762 3016 2037 3078 antequam
2065 3025 2153 3077 pa-

1160 3091 1315 3144 reret,
1359 3085 1504 3135 cuius
1544 3084 1698 3136 fuerit
1737 3084 2020 3150 dignitatis;
2063 3084 2152 3134 sed

1163 3164 1428 3226 postquam
1470 3160 1701 3225 peperit,
1747 3164 1869 3210 tunc
1917 3157 2155 3224 cognovit

1161 3247 1275 3283 eam
1314 3233 1432 3300 quia
1474 3247 1563 3299 per
1602 3233 1760 3299 ipsius
1801 3231 1997 3300 prolem
2041 3246 2155 3298 spa·

1162 3305 1336 3358 tiosior
1357 3312 1408 3358 et
1424 3305 1622 3374 dignior
1637 3306 1770 3360 facta
1792 3306 1955 3358 fuerat
1964 3319 2152 3373 ,quam

1164 3434 1263 3518 hoffi)
1286 3435 1359 3518 {eu
1380 3436 1506 3472 verius
1530 3436 1625 3472 alius
1653 3438 1755 3472 Auct.
1775 3446 1836 3481 op.
1864 3436 1950 3479 imp
1977 3435 2013 3468 in
2028 3433 2150 3469 Matth.

1984 3556 2041 3601 29
