2332 3860
315 146 422 227 ιι78

652 170 714 227 nn
751 191 844 228 nno
882 191 1012 231 narsi
1051 196 1115 233 nu
1131 194 1250 231 MAN!
1289 191 1492 230 cananis
1530 187 1865 226 atnuup'ronn.
1926 219 1930 223 .

248 269 300 324 S.
343 268 649 339 Auyustinus
686 279 822 324 cont.
865 272 1127 327 Maximin.
1152 271 1226 345 (i)
1290 273 1350 325 de
1379 287 1533 325 causa
1558 268 1950 324 communicatio
1975 252 2325 334 idiomatums,

247 344 434 412 inquit:
469 365 493 392 α
518 344 568 397 Si
591 346 826 398 attendas
853 346 1224 400 distinctionem

239 418 664 482 substantiarum,
695 418 853 471 Filius
880 421 976 473 Dei
1016 422 1227 474 descen—

237 491 310 544 dit
348 492 409 543 de
449 492 617 553 coelo,
660 491 817 545 Filius
857 493 1075 555 hominis
1112 511 1226 548 cru-

233 566 417 618 cifixus
454 573 552 629 est3
595 568 636 618 si
668 568 919 620 unitatem
946 568 1218 630 Personae,

236 645 288 692 et
342 640 479 692 filius
553 640 770 693 hominis
833 642 1096 695 descendit
1160 644 1222 696 de

227 712 366 765 coelo
405 722 455 766 et
479 713 635 765 Filius
666 714 757 766 Dei
785 722 863 767 est
882 717 1216 770 crucifixus.»

232 787 511 841 Vincentius
573 789 740 841 Lirin.
804 790 853 841 in
911 789 1214 844 Commonit.

226 859 303 932 (2)
344 863 537 914 scribit:
581 862 825 930 «Propter
864 879 1016 932 quam
1044 865 1220 918 Perso-

222 951 317 988 nae
359 937 611 987 unitatem
670 936 1018 990 indifferenter
1066 946 1218 1008 atque

218 1011 510 1077 promiscue
552 1016 603 1061 et
646 1026 776 1079 quae
816 1010 905 1063 Dei
945 1019 1065 1064 sunt
1104 1030 1218 1081 pro—

215 1084 344 1151 pria,
391 1085 694 1136 tribuuntur
735 1085 956 1147 homini,
1000 1094 1050 1139 et
1088 1103 1214 1155 quae

214 1158 383 1210 carnis
416 1159 636 1225 propria,
669 1158 1031 1212 adscribuntur
1056 1161 1210 1214 Dec.»

286 1231 339 1284 5.
385 1232 625 1284 Doctrina
658 1232 719 1284 de
747 1236 1213 1288 communicatione

214 1305 513 1358 idiomatum
579 1307 731 1358 etiam
791 1309 979 1381 ratione
1035 1309 1212 1361 theolo-

212 1380 316 1447 qz'ca
355 1381 713 1433 confirmatur.
763 1380 1127 1451 Quaecumque
1161 1400 1211 1436 e-

212 1455 315 1505 nim
357 1456 442 1505 uni
485 1470 734 1522 personae
779 1472 959 1509 revera
1004 1458 1206 1518 insunt,

211 1528 272 1580 de
313 1529 421 1596 ipsa
461 1530 613 1581 etiam
655 1536 791 1581 recte
825 1531 1206 1598 praedicantum

211 1602 297 1654 sed
341 1603 592 1655 Personae
634 1602 822 1656 Christi
864 1605 995 1657 duae
1038 1607 1210 1659 insunt

210 1683 425 1729 naturae
488 1679 719 1745 integrae
791 1685 842 1730 et
912 1681 1206 1733 inconfusae

209 1767 326 1803 cum
356 1753 750 1820 proprietatibus
778 1754 903 1805 suis:
949 1770 1068 1821 ergo
1098 1761 1207 1807 tum

209 1826 388 1878 ambae
442 1833 696 1889 naturae,
767 1834 875 1879 tum
939 1829 1205 1881 ambarum

208 1902 540 1967 proprietates
570 1907 714 1952 recte
737 1901 798 1953 de
817 1901 1035 1954 Persona
1063 1902 1205 1955 Chri-

208 1978 269 2026 sti
288 1974 662 2042 praedicantur.
689 1975 973 2028 Dummodo
987 1993 1108 2045 ergo
1138 1984 1206 2029 ta·

208 2047 280 2100 les
301 2049 500 2099 termini
530 2048 900 2110 adhibeantur,
931 2051 1014 2118 qui
1045 2053 1204 2118 ipsam

210 2121 477 2175 Personam
531 2122 714 2175 Christi
756 2124 1064 2190 significant,
1097 2127 1203 2178 sive

212 2212 272 2249 ex
314 2203 457 2264 parte
500 2204 715 2249 naturae
747 2198 967 2262 divinae,
1002 2200 1110 2251 sive
1138 2215 1203 2252 ex

212 2278 351 2338 parte
411 2279 624 2323 naturae
654 2272 910 2325 humanae
948 2273 1200 2340 desumpti

211 2345 230 2397 f
246 2346 434 2406 ueri-nt,
459 2348 852 2400 communicatio
904 2348 1200 2400 idiomatum

211 2419 384 2473 locum
424 2420 595 2472 habet.

277 2493 385 2546 obi.
420 2495 505 2546 212²
547 2494 668 2546 Tres
697 2511 939 2561 personae
968 2494 1059 2549 SS.
1096 2495 1200 2549 Tri·

207 2568 377 2619 nitatis
416 2570 732 2622 conveniunt
774 2570 991 2622 identice
1026 2572 1077 2622 in
1118 2587 1203 2623 ea-

207 2642 319 2693 dem
360 2644 602 2704 essentia,
647 2651 698 2696 et
727 2652 898 2696 tamen
927 2661 1027 2697 non
1057 2661 1200 2712 prae-

208 2715 444 2769 dicantur
484 2717 545 2769 de
574 2733 628 2769 se
664 2718 904 2779 invicem,
944 2735 1036 2772 nec
1063 2721 1198 2771 enim

207 2789 300 2842 dici
342 2798 524 2858 potest:
566 2789 722 2843 Pater
753 2800 820 2844 est
856 2792 1038 2845 Filius:
1079 2809 1198 2859 ergo

206 2862 325 2915 licet
382 2873 595 2918 naturae
648 2866 821 2918 divina
875 2874 926 2919 et
974 2868 1198 2919 humana

206 2936 389 2990 Christi
429 2940 740 2992 conveniant
778 2941 828 2992 in
871 2940 1050 2993 eodem
1077 2957 1195 3024 sup-

206 3012 387 3079 posito
432 3020 658 3066 attamen
699 3014 763 3067 de
802 3031 857 3067 se
896 3015 1114 3067 invicem
1145 3017 1194 3067 in

206 3092 447 3138 concreto
489 3088 768 3153 praedicari
811 3105 909 3141 non
964 3096 1191 3157 possunt.

278 3158 420 3227 Resp.
451 3160 854 3216 communicatio
875 3164 1191 3226 idiomatum,

210 3240 264 3286 ut
304 3249 370 3285 ex
410 3233 556 3286 dictis
615 3236 809 3304 liquet,
859 3238 1104 3290 fundatur
1144 3254 1193 3293 ¹in

205 3307 402 3359 unitate
426 3305 694 3371 Personae,
720 3327 819 3378 qua
840 3313 1040 3365 sublata
1056 3312 1197 3365 adhi-

209 3381 322 3435 beri>
357 3396 458 3433 non
498 3389 679 3450 potest.
724 3384 854 3439 Hinc
893 3393 1052 3456 patet,
1095 3401 1195 3456 qua

256 3553 310 3600 (i)
333 3554 411 3592 Lib.
433 3554 468 3600 2,
488 3555 622 3597 canati
947 3559 999 3603 (2)
1023 3559 1105 3604 cap.
1133 3559 1184 3598 15.

1288 348 1339 399 in
1369 345 1587 406 Christo,
1618 360 1717 398 non
1749 349 1922 396 autem
1950 342 2003 395 in
2030 341 2275 397 Trinitate

1286 420 1532 488 applicari
1571 420 1747 487 possit3
1788 432 1909 469 nam
1946 415 2108 482 aitS.
2153 415 2275 470 leo-
2317 431 2330 480 ¹,

1286 511 1391 547 neas
1430 491 1529 564 (5):
1576 512 1603 542 a
1646 498 1750 544 tres
1789 506 2034 560 personae
2071 491 2275 546 divinae

1284 569 1596 620 conveniunt
1633 566 1683 617 in
1711 573 1911 629 natura3
1955 565 2274 634 distinguun-
2329 637 2332 640 ι

1286 649 1368 695 tur
1409 649 1577 694 tamen
1624 642 1676 692 in
1714 641 1971 708 supposito
1996 679 2008 700 ,
2069 647 2122 693 et
2161 641 2272 696 ideo
2304 650 2309 652 ’

1284 733 1383 769 non
1427 715 1782 784 praedicantur
1820 713 1882 765 de
1921 713 2160 767 invicem.
2213 715 2271 769 ln

1284 791 1529 861 mysterio
1568 795 1742 842 autem
1779 786 2147 842 iucarnationis
2181 805 2269 843 na-

1283 872 1426 917 turae
1448 864 1673 933 quidem,
1698 862 1815 932 quia
1835 862 2103 915 distinctae
2130 871 2269 931 sunt,

1280 939 1341 992 de
1384 940 1601 991 invicem
1642 954 1740 990 non
1783 936 2160 1004 praedicantur,
2190 953 2269 1001 se·

1279 1015 1502 1065 cundum
1543 1011 1676 1081 quod
1715 1010 2064 1080 significantur
2106 1011 2154 1063 in
2184 1012 2268 1065 ab·

1277 1095 1465 1140 stracto
1524 1086 1646 1156 (non
1685 1087 1820 1138 enim
1867 1091 2052 1137 natura
2084 1085 2267 1151 *divina

1277 1172 1353 1215 est
1391 1158 1659 1230 humana),
1695 1160 1783 1212 sed
1809 1160 1927 1228 quia
1954 1160 2267 1213 conveniunt

1276 1237 1326 1287 in
1367 1237 1625 1304 supposito
1651 1276 1662 1296 ,
1707 1234 2067 1302 praedicantur
2106 1234 2168 1287 de
2207 1249 2262 1287 se

1276 1311 1493 1362 invicem
1534 1311 1583 1360 in
1625 1315 1881 1360 concreto,
1930 1327 1957 1356 »
2254 1344 2266 1355 .

1348 1383 1454 1436 Obi.
1499 1385 1583 1435 Ἦ
1624 1382 1676 1435 Si
1716 1397 1837 1434 vera
1865 1388 1942 1433 est
1980 1380 2106 1433 haec
2146 1380 2260 1434 Pro-

1276 1460 1472 1524 positi0:
1516 1459 1654 1510 Ito-mo
1693 1464 1758 1508 est
1787 1455 1937 1516 Deus;
1978 1454 2104 1507 haec
2143 1471 2264 1524 quo-

1273 1548 1370 1599 que
1410 1535 1506 1584 erit
1546 1547 1686 1584 vera:
1731 1530 1867 1581 homo
1893 1536 1959 1580 est
1996 1527 2151 1581 Pater
2188 1545 2262 1582 ae·

1273 1615 1457 1670 ternu33
1505 1606 1583 1658 vel
1624 1605 1779 1657 etiam
1808 1603 1933 1656 haec
1971 1602 2092 1655 alia:
2123 1603 2259 1657 homo

1271 1690 1336 1732 est
1368 1681 1604 1742 Trinum
1633 1680 1701 1731 ita
1725 1679 1860 1730 enim
1886 1679 2260 1746 argumentatio
2319 1700 2322 1703 ·

1272 1755 1463 1807 institui
1491 1761 1673 1823 potest:
1705 1753 1853 1805 homo
1882 1759 1959 1804 est
1984 1751 2140 1814 Deus3
2171 1753 2258 1806 sed

1270 1822 1406 1881 Deus
1434 1836 1511 1882 est
1549 1829 1699 1881 Pater
1739 1834 1789 1879 et
1828 1825 1984 1878 Filius
2023 1834 2075 1878 et
2104 1824 2258 1894 Spiri-

1273 1911 1352 1955 tus
1390 1903 1631 1968 Sanctus3
1658 1918 1778 1969 ergo
1805 1901 1953 1953 homo
1981 1907 2058 1953 est
2092 1900 2329 1977 Pater,

1270 1977 1426 2029 Filius
1466 1985 1517 2031 et
1565 1978 1784 2044 Spiritus
1830 1974 2082 2037 SanctuS,
2125 1942 2257 2044 quod
2323 2035 2326 2037 Α

1268 2052 1536 2105 manifeste
1575 2051 1857 2104 absurdum
1897 2055 1992 2102 est.
2322 2098 2324 2102 ,

1339 2126 1476 2195 Resp.
1527 2126 1722 2179 Nomen
1781 2123 1911 2176 Deus
1955 2122 2256 2192 quandoque
2307 2142 2326 2172 «ι,

1266 2202 1486 2253 sumitur
1527 2217 1615 2268 pro
1655 2205 1839 2251 natura
1892 2198 2064 2249 divina
2112 2197 2255 2250 abso·
2315 2203 2325 2211 ²

1267 2274 1398 2335 inte,
1442 2275 1747 2343 quandoque
1803 2288 1892 2340 pro
1932 2287 2148 2339 persona
2186 2270 2253 2323 di·
2314 2302 2329 2338 ,χ

1266 2350 1383 2401 vina
1413 2349 1760 2418 singulariter,
1803 2345 1934 2415 quod
1975 2362 2041 2397 ex
2074 2344 2252 2397 adiun·
2315 2379 2327 2421 ἦ

1264 2425 1359 2475 ctis
1383 2424 1527 2475 facile
1549 2422 1880 2491 dignoscitur.
1906 2418 2052 2472 Certe
2077 2433 2252 2471 omnes
2298 2420 2332 2490 3³22

1265 2497 1509 2549 Catholici
1551 2502 1756 2556 norunt,
1797 2495 1848 2546 in
1891 2492 2247 2562 propositione:
2302 2492 2332 2552 *ξ

1265 2571 1404 2623 homo
1432 2579 1498 2623 est
1536 2571 1687 2630 DeuS,
1733 2584 1820 2636 per
1847 2568 2006 2620 Deum
2034 2566 2251 2635 intelligi
2310 2574 2332 2642 t]

1262 2646 1540 2697 secundam
1558 2642 1817 2695 Trinitatis
1833 2656 2120 2710 personam:
2152 2656 2250 2709 quo
2300 2660 2323 2694 ⁷.

1264 2725 1451 2779 notato,
1495 2718 1684 2770 corruit
1723 2717 1943 2784 captiosa
1978 2729 2246 2782 argumen·

1263 2794 1401 2845 tatio.
1445 2792 1644 2860 Optime
1672 2791 1826 2856 igitur
1851 2789 1903 2842 S
1939 2789 2143 2842 Thomas
2171 2786 2246 2860 (ίι)
2282 2774 2332 2870 ,,ἕρ

1259 2867 1474 2918 eandem
1528 2866 1861 2919 obiectionem
1912 2863 2115 2916 solvens
2164 2862 2248 2915 ob«
2282 2859 2324 2907 ι’

1260 2948 1450 2993 servat:
1494 2939 1588 2992 hoc
1629 2955 1813 2991 nomen
1851 2937 2005 3004 Deus,
2045 2935 2245 3005 quando
2292 2935 2323 3003 fis:

1261 3016 1581 3083 praedicatur
1619 3014 1681 3066 de
1708 3012 1856 3065 Patre
1890 3028 1988 3063 non
2027 3011 2275 3076 sumitur

1261 3106 1349 3157 pro
1389 3096 1571 3141 natura
1611 3087 1782 3139 divina
1839 3084 2105 3145 absolute,
2154 3063 2307 3136 sedis

1260 3179 1347 3231 pro
1387 3163 1549 3230 prima
1587 3161 1846 3216 Trinitatis
1900 3173 2150 3227 persona,
2192 3156 2244 3214 et
2256 3167 2287 3229 :¹

1257 3239 1331 3288 sic
1366 3237 1544 3298 etiam,
1588 3234 1789 3304 quando
1823 3232 2143 3302 praedicatur.
2179 3223 2272 3287 (10,

1256 3310 1382 3363 Filio
1409 3317 1459 3362 et
1480 3310 1540 3362 de
1554 3308 1743 3377 Spiritu
1769 3306 1974 3360 Sancto.
2006 3303 2133 3357 Cum
2153 3299 2278 3387 0οῥ

1258 3392 1360 3439 tem
1390 3371 1483 3436 nec
1505 3385 1677 3452 prima
1695 3398 1788 3436 nec
1809 3383 1958 3435 tertia
1985 3374 2277 3479 Trimmiff

1463 3513 1550 3555 ,16
1576 3518 1643 3548 art.
1669 3512 1702 3553 1,
1726 3511 1825 3546 ad2.

1318 3514 1410 3604 4)1.
1435 3567 1467 3592 0
1492 3563 1563 3595 ait.
1587 3557 1621 3601 2,
1649 3557 1748 3592 ad2·
