2332 3860
341 208 452 264 508

260 451 525 506 felicitatis
565 455 710 507 nobis
762 455 977 515 indidit,
1036 454 1149 506 vult
1189 460 1262 506 ta-

265 541 384 578 men
423 534 482 578 ut
507 527 569 579 ad
601 527 741 579 illam
775 529 931 581 libere
962 529 1253 586 tendamus,

261 607 575 668 quapropter
613 602 822 654 stimulo
863 602 1118 653 felicitatis
1169 603 1258 653 sti-

257 672 459 726 mulum
516 674 796 727 honestatis
854 682 906 727 et
959 676 1254 726 facultatem

256 747 532 812 adpetendi
574 749 831 810 adiunxit,
865 765 926 800 ac
966 750 1254 800 libertatem

257 820 404 872 nobis
427 823 700 873 concessit.
734 821 898 874 Liberi
929 838 1051 889 ergo
1078 839 1255 874 sumus

253 892 306 944 in
350 894 531 945 mediis
561 895 965 954 considerandis,
1005 896 1255 963 eligendis

255 974 308 1019 et
345 968 685 1036 applicandis,
717 970 902 1037 quibus
930 969 991 1019 ad
1035 969 1252 1021 beatitu-

222 1040 428 1093 ,dinem
470 1044 851 1109 perveniamus,
905 1042 1093 1094 Errant
1131 1058 1252 1111 ergo

253 1113 574 1177 adversarii,
618 1116 739 1168 dum
800 1131 867 1168 ex
918 1117 1069 1168 insito
1109 1119 1252 1170 nobis

252 1187 585 1241 beatitudinis
612 1189 862 1242 desiderio
885 1190 1131 1251 inferunt,
1160 1208 1251 1242 nos

253 1262 412 1313 etiam
441 1264 489 1313 in
522 1264 819 1330 particulari
849 1264 1113 1332 quodlibet
1142 1281 1247 1317 ma-

252 1334 363 1386 lum
405 1338 694 1389 necessario
733 1340 982 1399 aversari,
1012 1345 1062 1389 et
1090 1339 1248 1406 quod-

252 1408 375 1460 libet
415 1409 607 1462 bonum
649 1413 937 1462 necessario
987 1413 1247 1478 amplecti.

250 1480 468 1551 Egregie
492 1484 536 1535 id
560 1485 782 1536 ostendit
820 1483 878 1538 S.
909 1485 1111 1537 Thomas
1138 1502 1187 1552 q.
1216 1488 1246 1536 (5

250 1557 315 1607 de
356 1557 490 1608 malo
521 1556 596 1626 (l)
626 1560 696 1610 ita
742 1558 1038 1611 disserens:
1087 1579 1112 1607 «
1157 1558 1249 1611 Di-

250 1630 474 1681 cendum
514 1631 648 1699 quod
676 1672 689 1692 ‚
743 1633 947 1700 quando
986 1633 1048 1684 ad
1090 1632 1247 1684 finem

248 1719 349 1755 non
393 1712 563 1772 posset
604 1707 859 1772 perveniri
897 1707 990 1758 nisi
1013 1722 1115 1757 una
1146 1707 1245 1773 via,

247 1784 374 1828 tunc
414 1778 594 1830 eadem
626 1780 754 1832 ratio
782 1787 916 1831 esset
958 1780 1161 1832 volendi
1191 1780 1246 1831 fi-

245 1863 392 1916 nem,
437 1858 488 1903 et
528 1867 586 1903 ea
626 1868 758 1920 quae
799 1859 921 1903 sunt
958 1854 1021 1905 ad
1064 1853 1239 1905 finem.

245 1922 347 1975 Sed
387 1926 459 1976 ita
490 1940 589 1977 non
618 1932 696 1977 est
723 1926 774 1976 in
805 1927 1080 1993 proposito.
1114 1925 1241 1979 Nam

245 1997 422 2049 multis
465 1998 559 2050 viis
598 1999 664 2050 ad
719 1999 1091 2051 beatitudinem
1131 2017 1243 2067 pei-

246 2072 411 2123 veniri
456 2079 640 2138 potest,
685 2079 734 2124 et
762 2072 895 2133 ideo,
940 2074 1058 2125 licet
1092 2073 1241 2125 bomo

243 2160 311 2196 ex
355 2147 661 2198 necessitate
689 2146 814 2198 velit
852 2146 1240 2213 beatitudinem,

243 2217 371 2270 nihil
416 2226 587 2271 tamen
628 2235 808 2272 eorum
847 2236 978 2289 quae
1017 2221 1080 2272 ad
1123 2222 1241 2273 bea·

243 2292 518 2348 titudinem
558 2293 784 2355 ducunt,
826 2307 892 2346 ex
932 2295 1239 2347 necessitate

243 2364 377 2417 vult.
426 2385 452 2415 »
499 2366 770 2419 Praeterea
811 2368 1094 2420 notandum
1137 2377 1233 2430 est,

242 2439 398 2506 quod,
434 2441 671 2507 quamvis
700 2441 939 2494 voluntas
968 2448 1024 2493 ut
1064 2449 1238 2509 poten-

241 2513 313 2564 tia
352 2525 506 2566 caeca
546 2514 867 2567 intellectum
896 2516 1038 2583 sequi
1070 2523 1239 2570 tenea-

240 2591 345 2646 tur,
389 2588 500 2654 ipsa
542 2594 716 2639 tamen
745 2588 1038 2640 intellectus
1076 2590 1236 2656 appli-

241 2660 373 2711 catio
412 2661 476 2711 ad
518 2660 711 2730 aliquid
763 2662 1192 2714 considerandum
1219 2703 1231 2724 ‚

241 2739 294 2783 et
332 2733 537 2799 quidem
579 2736 675 2790 sub
716 2750 818 2787 uno
859 2737 1026 2803 potius
1064 2750 1235 2803 respe-

241 2811 360 2866 ctu,
403 2822 557 2874 qnam
598 2808 694 2861 sub
734 2808 866 2870 alic,
908 2809 972 2860 ab
1011 2810 1120 2875 ipsa
1162 2810 1234 2860 vi-

241 2878 412 2931 cissim
453 2881 723 2934 voluntate
761 2881 1068 2949 dependeat.
1127 2882 1234 2934 Hac

241 2950 305 3001 de
345 2967 400 3003 re
439 2965 641 3022 quoque
669 2971 853 3007 sensus
891 2956 1104 3007 intimus
1142 2972 1233 3007 nos

241 3030 407 3076 certos
448 3027 633 3080 reddit.
665 3027 1031 3097 Cognoscimus
1071 3030 1228 3090 enim,

241 3097 374 3170 quod
435 3099 514 3150 vel
556 3116 674 3153 cum
725 3102 933 3170 praevia
983 3102 1234 3160 delibera-

240 3161 419 3231 tione,
477 3172 557 3223 vel
618 3176 774 3227 etiam
837 3176 1232 3244 praecipitanter

240 3243 518 3311 procedere
557 3248 835 3313 possimus,
879 3256 930 3302 et
968 3249 1082 3302 ideo
1122 3257 1232 3317 post

241 3315 620 3384 imprudentem
659 3322 913 3374 actionem
968 3322 1227 3384 dolemuS‚

240 3389 376 3459 quod
416 3406 518 3443 non
559 3391 744 3445 melius
795 3411 902 3447 rem
955 3396 1233 3464 perpende-

286 3561 339 3607 (1)
365 3563 436 3599 Art.
472 3572 532 3599 un.
565 3566 610 3599 ad
634 3563 667 3601 9.

649 227 712 264 DE
749 228 844 265 DEO
881 227 931 264 ΙΝ
969 225 1243 265 RELA'rtoNn
1280 227 1346 263 An
1383 215 1588 264 MUNDUM
1625 225 1892 264 SPEc't’A'ro.

337 303 480 374 Resp.
511 305 670 368 Παῦε,
703 308 789 376 qui
817 324 909 361 nos
934 309 1000 361 ad
1039 308 1261 360 beatitu-
1324 307 1504 368 rimuS‚
1560 305 1934 374 nobismetipsis
1972 302 2175 372 culpam
2215 302 2237 358 i
2275 306 2283 315 ‘'

264 376 754 448 dinemdestinavit,
783 380 1258 434 etideostimulum
1324 387 1580 447 putantes.
1634 379 1844 433 Falsum
1907 379 2126 446 denique
2190 382 2303 429 est·-

2222 170 2252 198 ..ἱ
2271 176 2276 186 η

1321 453 1454 521 quod
1496 455 1736 506 voluntas
1771 469 1976 521 sempci
2022 451 2277 504 necessari

1322 528 1368 578 id
1410 526 1791 594 amplectatur,
1834 526 1968 595 quod
2004 524 2279 577 intellectu

1322 607 1376 652 ut.
1415 601 1626 662 bonum,
1671 606 1722 652 et
1762 601 2048 652 necessario
2088 598 2136 649 id
2179 597 2305 650 refu.

1318 676 1461 737 giat,
1505 674 1639 742 quod
1683 681 1740 725 ut
1798 673 1990 725 malum
2050 658 2332 776 propontis*

1319 746 1567 815 persaepe
1625 749 1762 799 enim
1815 746 2054 798 voluntas
2108 733 2328 819 intelle-¹}

1317 830 1476 882 ctum,
1523 822 1705 873 ducem
1734 837 1907 879 suum,
1949 821 2089 887 sequi
2122 802 2332 884 renuit?

1316 896 1537 946 stimulis
1589 896 1912 946 inferioribus
1951 900 2002 945 et
2043 891 2332 958 ignobilio-'J'K

1318 970 1454 1021 ribus
1484 969 1642 1020 libere
1674 969 1965 1027 inliaerenS,
1993 967 2126 1034 quod
2160 959 2332 1024 totiesssjt

1317 1042 1391 1104 fit,
1434 1043 1633 1111 quoties
1661 1043 1846 1110 aliquis
1874 1058 1941 1093 ex
1967 1047 2107 1092 certa
2148 1039 2326 1095 scien-f„
2320 1032 2332 1042 ”

1316 1116 1403 1176 tia,
1435 1117 1714 1168 deliberato
1745 1116 2018 1185 preposite,
2061 1121 2213 1182 atque
2241 1127 2332 1165 ex·

1313 1189 1420 1242 sola
1460 1190 1651 1242 malitia
1684 1191 1845 1255 legem
1876 1189 2097 1256 aliquam
2141 1194 2306 1239 trans·

1313 1265 1563 1330 greditur3
1610 1264 1725 1316 talis
1752 1264 1887 1316 enim
1929 1261 2117 1329 estqui
2161 1260 2330 1324 eligit*

1315 1345 1618 1403 peceatum,
1680 1338 1812 1406 quod
1871 1343 1989 1388 actu
2043 1335 2323 1401 cognoscit-

1310 1427 1469 1477 grave
1513 1412 1704 1463 malum
1758 1426 1909 1469 esse,
1974 1408 2114 1459 iuxta
2175 1406 2300 1459 illud

1314 1490 1510 1551 poetae}
1558 1505 1584 1533 «
1627 1484 1883 1552 Aliudque
1911 1482 2114 1550 cupid0‚
2158 1497 2302 1533 mens

1310 1559 1449 1609 aliud
1490 1559 1704 1622 suadet3
1750 1559 1897 1610 video
1938 1557 2147 1609 meliora
2190 1570 2302 1622 pro-

1311 1633 1494 1700 boque,
1526 1632 1779 1684 deteriora
1807 1647 2010 1699 sequor.
2051 1649 2071 1678 »
2105 1627 2302 1681 Exinde

1310 1713 1468 1770 patet,
1513 1705 1773 1758 hominem
1814 1721 1934 1756 vera
1965 1704 2196 1755 libertate
2226 1704 2323 1753 in--=

1308 1779 1626 1831 differentiae
1665 1780 1911 1846 gaudere.
1942 1777 1993 1828 Si
2025 1777 2119 1828 hac
2158 1792 2329 1834 care-2·

1307 1859 1412 1912 ret,
1457 1860 1507 1904 et
1548 1854 1759 1904 rationis
1807 1851 2082 1903 dictamina
2125 1865 2320 1903 neces-›

1306 1928 1439 1980 sario
1479 1935 1813 1994 sequeretur,
1868 1940 2131 1993 nunquam
2172 1924 2298 1975 irra-
2321 1927 2332 1957 i

1306 2001 1616 2052 tionabiliter
1655 2013 1835 2071 agere,
1881 2014 2143 2067 nunquam
2188 2012 2309 2066 pec·
2313 2039 2332 2079 :¹

1304 2089 1421 2125 care
1462 2081 1652 2142 posset,
1696 2081 1747 2126 et
1781 2088 1984 2140 semper
2022 2072 2146 2123 felix
2184 2086 2332 2123 esse-

1305 2148 1533 2209 deberet,
1578 2149 1689 2207 vel‚
1745 2147 1785 2199 si
1826 2148 2144 2199 contrarium
2181 2159 2298 2196 con-

1303 2222 1543 2287 tingeret,
1590 2237 1749 2288 ipsms
1771 2221 2043 2273 infelicitas
2081 2235 2181 2270 non
2212 2234 2298 2270 vo·

1304 2295 1514 2347 luntatis
1542 2296 1745 2362 culpae,
1767 2295 1855 2346 sed
1891 2291 2184 2359 inculpabili
2222 2293 2295 2343 in·

1302 2368 1539 2421 tellectus
1577 2369 1737 2420 errori
1766 2375 1901 2421 esset
1939 2366 2292 2419 adscribenda.
2321 2384 2323 2434 j

1300 2441 1363 2494 Et
1401 2442 1653 2510 quomodo
1692 2442 1810 2494 dein
1850 2441 2040 2493 iustitia
2088 2446 2139 2490 et
2179 2455 2325 2502 pro-2

1300 2515 1527 2567 videntia
1568 2515 1741 2568 divina
1767 2516 1818 2567 in
1859 2515 1967 2582 ipso
1995 2512 2290 2586 manilestaf

1299 2588 1515 2641 rentur?
1556 2586 1654 2658 (Ξ).
2322 2597 2326 2603 ’

1695 2707 1894 2766 §¹⁰8-

1427 2796 1478 2831 De
1499 2796 1643 2832 animae
1657 2797 1840 2831 humanae
1862 2795 2149 2837 immortalitate.
2272 2791 2274 2793 ’
2296 2782 2332 2847 {¹51

2314 2849 2332 2862 t

1370 2879 1634 2933 Revelatio
1693 2881 1868 2933 divina
1926 2896 2018 2932 nos
2067 2879 2246 2932 edocet
2266 2877 2318 2946 ,ζ’

1294 2955 1520 3007 animam
1558 2971 1589 3006 a
1629 2969 1839 3021 corpore
1865 2952 2323 3017 solutamqvitamlf

1295 3043 1442 3081 suam
1469 3030 1792 3090 continuare,
1823 3042 2038 3097 eamque
2077 3026 2332 3077 immoi·-‘'

1294 3102 1454 3152 Μαῖα
1479 3118 1612 3163 esse,
1644 3102 1714 3153 ita
1742 3107 1799 3153 ut
1824 3099 2096 3167 existentia
2126 3097 2330 3165 ipsius·

1296 3189 1558 3241 nunquam
1615 3174 1772 3226 finem
1821 3163 2025 3230 habeat.
2085 3169 2314 3246 Dogma

1294 3246 1389 3299 hoc
1416 3248 1661 3314 probatui
1682 3244 1952 3329 praecipue
1979 3247 2029 3297 in
2058 3247 2267 3321 tractat]
2286 3250 2332 3325 2

1292 3320 1355 3372 de
1395 3321 1613 3373 statibus
1651 3321 1864 3373 alterius
1902 3319 2061 3379 vitae,
2107 3305 2317 3383 ubi

1290 3393 1597 3445 aeteinitate
1638 3393 1980 3461 praemiorum
2021 3398 2073 3443 et
2101 3375 2281 3477 poena
2283 3443 2286 3446 ⁴
2324 3447 2330 3468 ,-

1337 3519 1390 3565 (2)
1412 3521 1464 3557 cr.
1489 3521 1715 3557 storchenau
1743 3521 1831 3557 Inst-
1879 3519 2082 3566 metaphys.
2103 3501 2278 3569 Ϊῆιεὲ*’,’“’
2327 3535 2330 3540 ·

1291 3566 1329 3602 Ρ.
1355 3566 1390 3610 1,
1410 3571 1499 3602 sect
1518 3565 1556 3610 3,
1573 3574 1607 3601 c.
1632 3565 1667 3603 3.
2203 3595 2206 3597 Α
2243 3584 2245 3586 -
