2332 3860
0 3599 40 3623 ἰ
0 3550 3 3575 --
16 3342 42 3516 311²*stssssst
22 3300 35 3322 ’ἑ4
36 3244 40 3266 ἃ,
25 3176 35 3183 a

72 311 94 374 *qv

47 182 65 185 γ’
757 125 875 165 mas
911 125 983 164 ιιι.
1024 125 1190 175 sacrm
1227 125 1281 164 n.
1320 124 1474 164 caru-1·
1509 125 1566 164 n.

53 192 99 288 ξς
172 217 277 265 tem
338 207 609 262 veritatem
669 205 852 260 tollere
918 208 1145 276 nequit·
1134 246 1149 272 ,
1214 206 1278 260 ab
1315 206 1424 261 eius
1462 221 1734 270 consensu,
1775 211 1868 259 seu
1905 205 2001 258 sub
2027 202 2200 259 condi·

2012 105 2127 162 559

170 300 301 356 ergo
329 282 666 367 impeccantia
706 278 889 334 Christi
930 281 1039 334 eius
1098 280 1154 334 li·
1217 282 1351 333 tione
1391 279 1580 333 liberae
1599 280 1982 349 acceptationiS‚
2014 285 2065 331 et
2090 278 2204 348 qui-

170 325 421 413 bertatem
460 359 508 409 in
551 363 712 409 morte
752 357 1017 408 subeunda
1056 371 1152 408 non
1218 355 1334 408 dem
1385 355 1486 416 ita,
1528 361 1586 407 ut
1624 353 1856 407 Christus
1894 354 2050 406 etiam
2090 358 2203 421 post

172 431 323 485 tollit.
367 430 609 494 Quamvis
647 437 819 483 autem
862 430 988 483 haec
1034 429 1158 482 indi-

171 513 310 559 recta
351 505 608 574 responsio
647 505 709 556 ad
752 504 1043 571 repellenda
1070 503 1156 555 ad-

172 581 516 632 versariorum
558 578 659 631 tela
700 577 933 631 sufficere
973 586 1157 647 posset,

103 690 107 693 -
174 654 395 722 theologi
438 660 607 705 tamen
651 655 994 722 praefatarum
1032 652 1160 704 veri·

175 735 339 780 tatum
401 742 622 787 nexum,
684 744 774 780 seu
838 726 1158 779 concordiam

180 802 547 869 impeccantiae
588 810 636 853 et
676 803 923 855 libertatis
975 799 1159 852 Christi

176 876 434 944 explicare
473 876 641 928 conati
681 883 818 927 sunt.
883 875 934 926 ld
990 882 1161 926 autem

177 951 332 1003 variis
373 951 532 1002 modis
554 957 810 1018 praestare
831 950 1158 1002 studuerunt.

177 1040 303 1094 quos
342 1025 566 1078 breviter
605 1024 868 1078 declarare
930 1030 982 1076 et
1044 1040 1163 1075 exa·

179 1102 375 1152 minare
415 1106 632 1167 oportet.

254 1175 305 1226 l.
350 1172 588 1226 Nonnulli
630 1189 747 1225 cum
784 1171 986 1225 Petavio
1027 1171 1164 1223 dixe-

187 1254 326 1308 runt,
371 1247 569 1300 Christo
610 1264 708 1299 non
751 1248 903 1300 fuisse
943 1264 971 1299 a
1019 1247 1166 1298 Patre

181 1322 475 1391 impositum
538 1322 838 1374 mandatum
885 1322 1168 1390 rigorosum

183 1404 234 1448 et
293 1398 469 1448 stricte
526 1395 793 1463 obligans,
856 1398 942 1447 sed
1003 1394 1165 1448 solum

185 1470 284 1522 late
344 1478 395 1522 et
434 1471 704 1540 improprie
745 1476 1024 1538 sumptum,
1080 1485 1167 1521 seu

185 1544 428 1612 dirigens,
473 1545 606 1613 quod
647 1545 876 1597 Christus
916 1546 1023 1596 sine
1061 1560 1172 1612 pec-

185 1625 298 1670 cato
341 1635 439 1670 non
481 1619 757 1687 adimplere
784 1621 1045 1687 potuisset.
1080 1618 1169 1670 Ast

186 1692 315 1744 haec
355 1695 608 1745 sententia
650 1696 758 1746 sine
799 1695 994 1745 ratione
1042 1691 1174 1745 suffi-

188 1767 339 1818 cienti
380 1767 570 1819 recedit
608 1784 638 1820 a
678 1784 829 1820 sensu
871 1766 1076 1819 litterali
1115 1768 1168 1820 S.

187 1841 520 1908 Scripturae‚
582 1842 632 1893 in
692 1859 791 1911 qua
849 1842 910 1893 de
951 1843 1175 1894 mandato

188 1916 422 1983 imposito
462 1932 628 1968 sermo
669 1924 783 1968 est:
828 1932 949 1983 ergo
978 1934 1074 1969 non
1100 1924 1175 1968 est

193 1990 528 2050 admittenda,
580 1991 697 2060 quia
755 1991 997 2043 mandato
1055 2007 1176 2043 vero

192 2071 403 2128 negato,
445 2065 608 2116 nodus
664 2081 762 2116 non
802 2066 1045 2127 solvitur,
1089 2066 1174 2117 sed

193 2146 414 2190 secatur.
445 2168 507 2177 —
529 2137 625 2190 Alii
655 2155 770 2191 cum
807 2140 1020 2207 Vosquez
1048 2156 1180 2192 asse-

194 2218 428 2274 ruerunt,
459 2228 639 2264 verum
666 2230 725 2265 ac
756 2216 1011 2281 proprium
1043 2231 1181 2282 prae-

195 2292 399 2354 ceptum
440 2285 637 2339 Christo
689 2288 980 2355 impositum
1029 2289 1180 2340 fuisse

198 2361 333 2413 circa
354 2361 690 2413 substantiam
716 2363 911 2423 mortiS‚
939 2379 1038 2414 non
1059 2379 1181 2415 vero

197 2434 362 2503 quoad
403 2436 812 2488 circumstantias
845 2437 1101 2499 eiusdem,
1133 2444 1183 2489 et

201 2510 253 2562 in
310 2508 388 2560 his
434 2516 632 2561 tantum
675 2510 921 2576 eligendis
965 2527 1084 2563 eum
1130 2510 1184 2563 li·

200 2583 378 2635 berum
419 2583 591 2636 fuisse.
637 2583 827 2637 Verum
870 2586 1011 2637 iuxta
1055 2586 1186 2637 hanc

202 2658 505 2709 sententiam
550 2674 647 2710 non
691 2675 780 2726 per
810 2667 1020 2712 mortem
1044 2659 1184 2711 Chri-

202 2731 286 2792 sti,
330 2738 387 2783 ut
424 2731 609 2783 dicitur
647 2733 709 2784 ad
763 2733 909 2786 Rom.
954 2734 1026 2796 V,
1091 2734 1181 2794 to,

201 2804 291 2856 sed
349 2821 439 2873 per
495 2805 723 2858 eiusdem
779 2810 1187 2860 circumstantias

205 2879 453 2947 redempti
518 2896 773 2942 essemus,
843 2889 893 2934 et
958 2882 1187 2934 Christus

206 2953 350 3006 nullo
391 2953 538 3005 modo
577 2954 819 3008 obediens
858 2957 1054 3018 fuisset,
1088 2973 1185 3008 non

207 3027 341 3078 circa
398 3027 738 3080 substantiam
794 3032 997 3095 mortiS‚
1055 3031 1189 3083 circa

207 3116 358 3169 quam
382 3099 506 3154 liber
526 3117 624 3154 non
649 3103 759 3164 fuit,
784 3120 879 3156 nec
912 3106 1045 3157 circa
1095 3106 1190 3156 cir·

209 3177 563 3237 cumstantiaS,
607 3192 733 3245 quas
772 3179 985 3245 ipsemet
1035 3179 1192 3231 libere

210 3246 380 3315 elegit.
420 3278 490 3290 —
534 3250 771 3303 Aliicum
796 3252 1034 3321 Tournely
1073 3269 1192 3305 con·

211 3321 506 3386 tenderunt,
562 3323 762 3378 Christo
824 3328 1107 3394 rigorosum
1163 3343 1192 3378 a

212 3394 362 3448 Patre
383 3398 683 3450 mandatum
704 3400 994 3467 impositum
1016 3402 1189 3461 fuisse,

212 3475 267 3522 at
306 3485 407 3524 uon
443 3471 697 3534 absolute,
733 3472 821 3526 sed
849 3473 1195 3527 denendenter

1218 430 1641 497 acceptationem
1678 430 1940 494 potuisset,
2006 426 2048 480 si

1221 503 1416 564 luisset,
1463 519 1507 556 >a
1573 501 1721 554 Patre
1773 500 2202 567 dispensationem

2114 440 2202 478 VO-

1224 584 1395 645 petere
1433 583 1484 629 et
1523 576 1772 629 obtinere.
1814 574 1914 626 Sed
1971 574 2203 627 Christus

1224 651 1379 703 libere
1447 667 1477 703 a
1541 649 1917 718 dispensatione
1990 646 2208 716 petenda

1222 724 1487 786 abstinuit,
1530 740 1592 776 ac
1632 723 1744 776 ideo
1785 723 1942 775 libere
1987 729 2205 774 mortem

1223 799 1482 851 sustinuit.
1547 797 1686 850 Haec
1738 797 1994 850 sententia
2035 794 2210 847 multis

1228 873 1560 942 praeplacuit‚
1604 872 1692 924 sed
1734 872 1783 924 in
1826 872 1913 923 illa
1972 870 2212 922 meritum

1225 948 1540 999 obedientiae
1566 947 1714 999 valde
1741 951 2053 998 extenuatur
2077 962 2091 1007 3
2122 958 2210 1011 ge-

1228 1025 1445 1074 neratim
1483 1024 1618 1074 enim
1659 1022 1945 1074 obedientia
1983 1017 2129 1087 quasi
2157 1032 2209 1068 e-

1230 1098 1458 1149 vanescit
1497 1097 1546 1148 in
1584 1096 1806 1155 subdit0‚
1849 1095 1931 1148 cui
1973 1093 2042 1146 nil
2074 1106 2214 1161 prae-

1228 1172 1443 1239 cipitur,
1491 1172 1583 1223 nisi
1634 1169 1898 1238 explorato
1954 1175 2007 1220 et
2063 1180 2219 1235 expe-

1228 1252 1363 1298 ctato
1420 1245 1530 1298 eius
1585 1260 1858 1306 consensu,

1229 1320 1439 1372 arbitrio
1479 1321 1547 1372 ita
1598 1326 1923 1388 praeceptum
1989 1314 2223 1370 commit·

1928 1242 2010 1295 vel
2075 1240 2222 1293 cuius

1234 1397 1378 1454 titur,
1423 1401 1480 1446 ut
1520 1395 1676 1462 possit
1715 1394 1777 1446 ad
1810 1393 2005 1444 libitum
2033 1390 2098 1444 ab
2125 1388 2223 1441 isto

1233 1470 1662 1537 dispensationem
1688 1474 1858 1536 petere
1897 1473 1950 1519 et
1977 1465 2223 1517 obtinere.

1234 1544 1320 1595 llis
1378 1544 1593 1605 accedit,
1661 1543 1794 1611 quod
1855 1540 2087 1593 Christus
2151 1536 2227 1588 di-

1234 1620 1608 1684 spensationem
1650 1619 1856 1684 petiisse
1897 1615 2134 1666 videatur
2172 1611 2226 1663 in

1235 1693 1405 1745 Monte
1444 1692 1647 1745 Oliveti.
1693 1689 2086 1744 Concedendum
2115 1685 2226 1755 qui-

1237 1768 1352 1818 dem
1393 1775 1489 1827 est,
1536 1767 1666 1819 hanc
1717 1766 2010 1834 petitionem
2073 1762 2229 1814 fuisse

1238 1842 1656 1901 conditionatam‚
1700 1840 1834 1909 quod
1863 1838 2092 1891 indicant
2118 1850 2231 1888 ver-

1240 1917 1301 1968 ba
1325 1959 1340 1978 ‚
1383 1917 1427 1968 si
1458 1915 1682 1984 possibile
1720 1923 1808 1974 est,
1840 1920 1890 1966 et
1919 1909 2229 1964 inefficacem

1238 1991 1354 2059 quia
1394 1992 1602 2042 obtenta
1657 1988 1905 2041 nonfuit.
1951 1986 2089 2038 Haec
2141 2000 2232 2038 au-

1244 2073 1343 2117 tem
1384 2063 1664 2117 inefficacia
1704 2080 1769 2116 ex
1809 2063 1916 2130 ipsa
1957 2077 2058 2114 non
2099 2060 2232 2114 veri-

1242 2139 1390 2191 ficata
1448 2139 1738 2191 conditione
1795 2135 2111 2203 repetenda,
2172 2149 2233 2187 ac

1244 2215 1354 2265 ideo
1394 2213 1664 2266 dicendum
1706 2218 1802 2272 est,
1847 2209 2083 2279 possibile
2133 2224 2234 2261 non

1243 2289 1417 2350 fuisse,
1461 2294 1629 2340 stante
1670 2286 1910 2339 mandato
1950 2284 2134 2344 Patris,
2179 2289 2235 2335 ut

1245 2363 1382 2414 calix
1426 2362 1785 2421 transferatur,
1828 2366 1880 2412 et
1907 2356 2235 2426 dispensatio-

1247 2453 1364 2488 nem
1423 2436 1639 2488 obtineri
1694 2450 1794 2486 non
1851 2434 2094 2501 potuisse.

1250 2510 1518 2562 Thomistae
1543 2516 1623 2562 sat
1656 2508 1996 2562 communiter
2035 2506 2232 2567 dicunt,

1247 2592 1413 2636 stante
1453 2585 1659 2653 quidem
1714 2587 1981 2650 praecepto
2020 2581 2083 2633 de
2120 2580 2235 2633 sub-

1248 2659 1415 2711 eunda
1455 2666 1617 2711 morte
1675 2656 1932 2710 Christum
1972 2656 2022 2708 in
2083 2669 2236 2708 sensu

1248 2735 1524 2800 composito
1564 2749 1665 2784 nou
1707 2732 1929 2800 potuisse
1959 2746 2059 2782 non
2083 2729 2234 2790 mori,

1251 2808 1466 2860 liberum
1525 2823 1647 2859 vero
1712 2806 1987 2858 nilominus
2043 2804 2235 2866 luisse,

1250 2884 1367 2950 quia
1405 2881 1639 2935 absolute
1678 2888 1728 2933 et
1767 2881 1819 2932 in
1860 2894 2017 2931 sensu
2074 2879 2236 2931 diviso

1254 2958 1413 3023 potuit
1453 2972 1553 3008 non
1590 2955 1738 3007 mori.
1764 2954 1994 3007 Mortuus
2016 2961 2093 3006 est
2115 2968 2239 3021 ergo
2286 3007 2289 3010 Α

1250 3029 1480 3083 Christus
1520 3046 1619 3081 non
1682 3029 1983 3081 necessitate
2038 3033 2238 3081 antece-

1252 3104 1410 3166 denti,
1453 3120 1584 3173 quae
1624 3102 1755 3155 tollit
1797 3102 2104 3164 libertatem,
2151 3100 2238 3154 secl

1256 3178 1555 3230 necessitate
1595 3177 1947 3246 consequenti,
1978 3192 2108 3246 quae
2137 3190 2235 3227 non

1254 3251 1408 3304 officit
1445 3252 1686 3304 libertati.
1736 3281 1807 3292 --
1858 3250 1965 3304 lmo
2006 3247 2235 3303 nonnulli

1254 3326 1542 3386 Themistae
1569 3327 1707 3379 iuxta
1727 3325 1931 3379 scholae
1958 3340 2082 3378 suae
2105 3323 2239 3390 prin-

1255 3401 1385 3469 cipia
1426 3400 1659 3468 probant,
1703 3406 1918 3453 mortem
1959 3396 2142 3450 Christi
2178 3411 2238 3448 eo

1256 3475 1361 3542 ipso
1401 3473 1615 3527 liberam
1653 3474 1827 3536 fuisse,
1869 3472 1987 3542 quia
2037 3483 2239 3540 praece-
