2332 3860
0 232 144 339 (ἰαί
166 274 395 338 subditus
432 273 535 329 illis
561 271 660 346 (1).
702 275 843 339 Quae
871 277 1026 331 verba
1087 282 1171 332 tus
1209 277 1515 347 baptismate
1541 276 1781 348 indiguit,
1811 277 1901 330 sed
1926 275 2072 332 Chri

0 357 13 407 i
30 340 351 411 ἰᾶωὶηιιεᾶ
361 348 645 406 Bernartius
657 346 734 421 (2)
751 350 1024 406 exclamat.

0 429 9 495 J
36 439 71 484 tt
95 425 220 483 Erat
238 423 454 477 subditus
482 423 568 477 eis.
610 422 772 486 Quis?
810 423 1026 488 Quibus?

4 498 13 555 l
26 491 171 560 Deus
194 487 499 565 hominibuS‚
523 512 618 551 uec
645 504 846 551 tantum
865 498 1024 553 Maria

4 566 122 641 <sed
159 578 211 626 et
235 570 435 640 Ioseph!
466 572 720 641 utrimque
747 580 1001 641 stupor‚u

8 646 250 722 iti-imque
272 645 598 709 miraculum3
629 653 681 698 et
704 646 837 716 quod
854 647 1025 699 foemi-

4 727 130 773 nae
166 718 303 772 Deus
353 720 707 788 obtemperat,
759 719 1023 773 humilitas

7 794 140 856 ‚sine
160 795 415 861 exemplo,
434 799 485 846 et
504 794 636 862 quod
655 795 872 847 foemina
893 795 1023 862 prin-

14 867 230 934 cipatur
244 866 367 934 De0,
388 867 678 921 sublimitas
697 870 805 921 sine
825 869 980 920 socio!
994 888 1015 916 »

9 938 219 1002 *Ultimo
258 941 320 993 de
361 957 518 1008 puero
558 941 758 995 Christo
799 942 1016 1010 legitur:

37 1013 97 1067 Ec
122 1014 257 1068 Iesas
290 1015 566 1085 proficiebat
590 1017 849 1085 sapientia,
875 1024 917 1068 et
943 1032 1022 1068 ae-

15 1095 125 1142 wate
150 1129 163 1150 ‚
205 1097 247 1140 et
284 1090 445 1158 qratia
482 1091 611 1159 apud
655 1091 810 1143 Deam
848 1098 890 1142 et
943 1088 1021 1142 Ιιο-

14 1162 181 1215 «mittes
222 1161 320 1234 (5);
351 1179 480 1232 quae
510 1165 665 1217 verba
706 1181 805 1217 non
846 1165 917 1217 ita
946 1165 1021 1215 in-

16 1235 308 1304 itelligenda
345 1244 486 1299 sunt,
518 1240 659 1308 quasi
689 1239 936 1308 sapientia
970 1246 1020 1290 et

16 1313 273 1364 -sanctitas
336 1310 522 1365 Christi
590 1314 790 1366 interna
856 1315 1019 1365 incre-

17 1391 202 1438 :menta
240 1387 454 1454 ceperit3
497 1392 608 1439 erat
645 1390 781 1439 enim
824 1387 963 1439 lesus
990 1404 1018 1439 a

18 1459 191 1528 iprimo
247 1461 454 1512 instanti
512 1463 858 1531 conceptionis
897 1478 1019 1513 suae

19 1531 212 1602 'plenus
239 1535 488 1602 sapientia
527 1542 579 1588 et
606 1538 791 1602 gratia,
838 1537 908 1587 uti
937 1552 1019 1587 su-

19 1622 121 1675 ipra
162 1609 428 1676 probatum
487 1616 562 1661 est
601 1608 696 1681 (ἱι).
760 1609 905 1663 Unde
962 1610 1014 1662 S.

18 1679 301 1749 «θηρονόμε
340 1683 472 1734 Naz.
520 1682 595 1754 (5)
654 1685 809 1737 dicit:
865 1704 886 1733 «
930 1684 1019 1736 Sa-

21 1756 220 1824 ipientia
271 1757 403 1824 apud
461 1757 626 1809 Deum
682 1766 734 1811 et
792 1759 1020 1810 homines

21 1829 366 1898 'proficiebam
418 1847 518 1883 non
578 1839 632 1884 ut
683 1839 1018 1900 augmentum

20 1903 233 1972 zaliquod
274 1907 565 1973 acciperet,
617 1922 733 1958 cum
774 1907 838 1959 ab
878 1908 1019 1959 initio

0 1978 197 2044 [igratia
247 1981 594 2049 sapientiaque
643 1980 908 2034 absolutus
947 1997 1021 2033 es-

23 2059 110 2104 >set
136 2094 150 2114 ,
191 2053 277 2105 sed
318 2056 450 2122 quod
490 2055 616 2107 haec
655 2056 944 2109 hominihus
983 2057 1019 2107 i·

19 2127 206 2195 gnaris
246 2128 488 2194 paulatim
527 2137 895 2197 apparerent.»

107 2201 158 2253 lt.
205 2202 278 2254 Ab
334 2218 468 2255 anno
523 2203 821 2257 duodecimo
862 2219 1020 2273 usque

23 2274 97 2327 :ad
131 2276 446 2339 trigesimum
477 2278 617 2330 nulla
657 2279 718 2331 de
757 2277 943 2331 Christi
970 2294 1020 2330 o-

23 2350 378 2416 iperationibus
428 2352 618 2403 mentio
668 2355 719 2405 in
756 2352 809 2405 S.
854 2352 1021 2405 Evan-

24 2423 166 2490 gelio
211 2424 450 2477 occurrit.
513 2424 657 2477 Absit
693 2434 867 2478 autem
894 2468 906 2487 ‚
968 2434 1024 2478 ut

26 2504 294 2564 ,putemus
339 2497 596 2551 Christum
648 2517 737 2568 per
780 2507 850 2552 tot
891 2501 1023 2552 vitae

26 2587 159 2624 ¹<suae
182 2573 408 2642 privatae
436 2590 597 2626 annos
620 2576 835 2627 otiosum
855 2574 1023 2640 fuisse,

26 2661 154 2699 ·cum
186 2648 348 2715 potius
370 2647 583 2700 firmiter
604 2649 916 2700 credendum
944 2650 1024 2715 sit,

29 2720 134 2771 lhoc
172 2736 372 2789 quoque
426 2729 627 2790 tempus
678 2724 869 2776 sanctis
908 2739 1026 2790 ope-

29 2794 198 2856 rribus‚
230 2796 479 2863 exemplis
506 2798 800 2866 meritisque
831 2814 917 2865 pro
938 2797 1025 2850 ho-

32 2869 233 2920 ¹minum
273 2868 439 2921 salute
480 2870 723 2923 refertum
763 2872 935 2923 fuisse.

113 2942 164 2994 5.
209 2940 335 2995 Cum
375 2941 518 2995 Iesus
545 2945 864 3012 trigesimum
891 2952 1027 2997 aeta·

31 3016 105 3068 llis
142 3032 337 3068 annum
376 3017 684 3079 inchoasset,
716 3025 766 3071 et
791 3035 911 3070 mox
941 3034 1028 3085 pu-

31 3089 158 3142 lhlici
198 3089 428 3143 Doctoris
469 3107 654 3144 munus
699 3099 1031 3161 suscepturus

30 3172 197 3224 cesset,
239 3165 454 3217 accessit
479 3166 542 3218 ad
583 3166 844 3228 loannem,
874 3183 905 3219 a
931 3183 1030 3233 quo

33 3238 95 3288 iin
134 3236 346 3291 Iordane
385 3239 670 3306 baptizatus
707 3247 802 3293 est.
858 3240 1031 3292 Nulla-

34 3317 194 3364 lienus
230 3313 464 3381 equidem
493 3312 650 3366 Filius
676 3313 767 3367 Dei
799 3315 1030 3368 incarna-

90 3424 126 3470 (1
169 3409 298 3470 Luci,
321 3428 379 3465 51.

90 3470 130 3604 {2
168 3472 230 3506 ser
215 3482 268 3506 rm
306 3472 337 3508 1
336 3482 450 3518 super
471 3475 612 3510 Missus
635 3478 704 3511 est.

108 3515 142 3556 3)
166 3516 252 3551 Luc.
265 3516 299 3556 2,
321 3516 374 3552 52

748 3518 802 3564 (4)
825 3517 851 3565 S
874 3517 940 3557 248
959 3523 1031 3556 etc.

106 3556 144 3604 ε)
165 3559 264 3596 orat
287 3541 330 3597 '63
351 3561 391 3597 in
412 3561 666 3598 masana.

652 194 777 233 mus
806 195 880 234 ln.
924 194 1091 235 SEC'HO
1130 196 1185 235 n.
1226 196 1381 235 carm
1417 196 1452 236 1.

1871 181 1986 235 5³25

1087 358 1197 406 stus
1235 352 1481 420 baptizari
1519 351 1708 413 voluit,
1739 357 1797 404 ut
1834 351 2073 405 observat

1086 424 1140 478 S.
1196 423 1505 495 Augustinus,
1538 423 1641 496 (6),
1685 444 1709 476 α
1752 425 1872 494 quia
1910 424 2074 479 voluit

1088 499 1254 552 facere
1280 540 1292 561 ‚
1335 498 1466 568 quod
1507 499 1794 552 faciendum
1835 499 2072 552 omnibus

1087 573 1376 641 imperavit3
1411 593 1437 622 n
1480 579 1532 625 et
1570 572 1666 624 hac
1704 572 1767 624 de
1806 587 1962 624 causa
2001 571 2074 624 di-

1084 647 1180 698 xit:
1224 647 1308 700 Sie
1345 647 1469 699 decet
1509 662 1597 703 nos
1648 645 1843 713 implere
1888 660 2074 697 omnem

1085 721 1321 773 iustitiam
1344 718 1439 791 (7).
1469 719 1597 772 Nam
1638 725 1694 771 ut
1720 719 1840 772 dicit
1877 718 1929 771 S.
1961 717 2075 771 Am-

1084 794 1292 846 brosias:
1353 814 1378 842 «
1427 793 1566 846 Haec
1617 799 1695 844 est
1744 791 1967 853 iustitia,
2019 799 2075 845 ut

1083 868 1214 936 quod
1255 868 1474 920 alterum
1513 868 1681 920 facere
1728 867 1856 919 velis
1882 907 1895 927 ‚
1939 867 2074 933 prior

1085 946 1188 1009 ipse
1227 942 1440 1010 incipias
1478 949 1530 994 et
1568 948 1656 994 tuo
1693 940 1820 994 alios
1858 940 2075 994 horteris

1083 1017 1317 1083 exemplo
1360 1015 1456 1086 (8).

1156 1090 1208 1143 6.
1253 1090 1495 1153 Quamvis
1552 1089 1785 1142 homines
1843 1103 1933 1156 per
1988 1087 2073 1141 ba-

1087 1165 1324 1231 ptismum
1382 1181 1411 1217 a
1451 1163 1649 1217 Christo
1691 1161 1982 1216 institutum
2022 1168 2074 1215 et

1082 1239 1455 1291 sanctificatum
1478 1255 1507 1291 a
1532 1238 1751 1306 peccatis
1772 1236 2068 1297 abluantur,

1082 1315 1298 1375 gratiam
1339 1313 1567 1365 divinam
1598 1316 1996 1380 consequantur,
2023 1316 2076 1363 et

1082 1386 1169 1438 filii
1207 1387 1295 1439 Dei
1331 1388 1733 1452 constituantur3
1780 1385 2074 1437 nullatenus

1084 1468 1254 1513 tamen
1309 1478 1338 1514 a
1390 1461 1758 1514 tentationibus
1814 1460 2072 1512 immunes

1084 1536 1404 1601 redduntur,
1459 1536 1643 1604 quibus
1698 1534 1797 1586 hoc
1855 1534 2072 1601 pretioso

1083 1608 1343 1669 thesauro,
1386 1626 1538 1679 quem
1577 1610 1634 1661 in
1674 1609 1797 1662 vasis
1847 1606 2071 1677 fictilibus

1083 1682 1156 1753 (9)
1190 1691 1412 1751 portant,
1445 1683 1592 1736 facile
1628 1683 1813 1751 privari
1846 1688 2072 1749 possunt.

1067 1758 1275 1826 *idcirco
1302 1760 1549 1826 scriptum
1572 1765 1669 1810 est:
1701 1755 1818 1823 Fici,
1854 1755 2073 1808 accedens

1081 1831 1142 1883 ad
1179 1834 1454 1884 servitutem
1481 1832 1572 1884 Dei
1603 1839 1674 1882 sta
1714 1831 1767 1882 in
1804 1829 2004 1882 iustitia
2030 1835 2074 1880 et

1083 1906 1270 1967 timore,
1301 1916 1342 1958 et
1362 1922 1605 1975 praepara
1626 1905 1847 1956 animam
1863 1911 1996 1955 tuam
2013 1902 2076 1954 ad

1083 1982 1387 2032 tentationem
1409 1980 1543 2052 (10).
1582 1978 1952 2032 Gravissimum
1979 1977 2073 2029 hoc

1081 2054 1298 2122 Spiritus
1338 2054 1510 2107 Sancti
1562 2054 1810 2106 monitum
1843 2052 2075 2104 Christus

1083 2130 1316 2196 exemplo
1356 2146 1446 2181 suo
1488 2128 1777 2180 hominibus
1816 2127 2075 2178 inculcare

1086 2204 1391 2272 modumque
1431 2203 1698 2255 ostendere
1733 2201 1921 2261 voluit,
1976 2216 2075 2268 quo

1086 2280 1389 2330 tentationes
1447 2284 1536 2330 aut
1593 2275 1927 2328 declinandae
1986 2283 2077 2327 aut

1083 2353 1402 2419 superandae
1441 2358 1580 2404 sunt.
1625 2351 1753 2401 Cum
1793 2350 1929 2401 enim
1972 2355 2078 2400 ten-

1086 2428 1302 2478 tationes
1368 2428 1475 2478 sive
1530 2442 1559 2477 a
1606 2423 1830 2485 mund0‚
1897 2423 2006 2474 sive
2046 2438 2075 2474 a

1087 2516 1272 2561 earne,
1316 2501 1423 2552 sive
1470 2516 1499 2551 a
1540 2498 1789 2550 daemone
1827 2497 2077 2563 originem

1086 2574 1315 2634 ducant,
1358 2573 1590 2625 Christus
1631 2579 1741 2640 post
1779 2577 2075 2639 susceptum

1086 2665 1113 2699 a
1173 2648 1358 2700 loanne
1401 2649 1669 2715 baptisma,
1709 2648 1758 2697 in
1818 2646 2078 2697 desertum

1089 2739 1386 2790 progressus
1426 2722 1632 2774 fallaces
1658 2719 1830 2772 mundi
1872 2719 2078 2787 laqueos

1088 2797 1265 2862 fugere
1290 2838 1302 2858 ‚
1348 2812 1436 2863 per
1475 2795 1812 2864 quadraginta
1870 2793 1975 2844 dies
2014 2793 2080 2844 ic·

1039 2904 1043 2908 -
1090 2873 1274 2922 iunans
1333 2871 1575 2922 rebellem
1632 2869 1803 2920 carnis
1840 2867 2079 2934 concupi-

1089 2946 1334 2996 scentiam
1377 2945 1598 3004 frenare,
1640 2958 1702 2995 ac
1741 2942 1947 2993 demum
1975 2940 2081 2994 dia-

1091 3019 1261 3073 bolum
1301 3018 1619 3071 confundens
1646 3015 2078 3084 impios'eiusdem

1091 3100 1303 3145 conatus
1344 3094 1548 3144 vincere
1576 3091 1765 3142 docuit.
1798 3089 2006 3157 Legitur
2031 3105 2106 3146 e·,

1095 3168 1195 3218 nim
1235 3167 1358 3219 Luc.
1404 3168 1456 3226 li,
1502 3166 1565 3216 1:
1609 3164 1747 3216 Iesus
1795 3171 1955 3216 autem
1989 3162 2083 3231 ple-

1092 3257 1184 3292 nas
1224 3240 1418 3308 Spiritu
1446 3238 1624 3292 Sancto
1661 3253 1910 3306 repressus
1947 3245 2015 3290 est
2053 3254 2083 3287 a

1092 3315 1320 3376 Iordane,
1350 3314 1414 3366 'et
1464 3311 1692 3382 ayebatur
1735 3328 1766 3365 a
1807 3311 1998 3381 Spiritu
2031 3311 2081 3363 in

1738 3471 1790 3517 (τ)
1818 3471 1938 3518 mattis
1965 3469 1997 3513 3,
2024 3469 2078 3506 ιτ».

1731 3557 1809 3605 (ιο)
1835 3558 1943 3594 accii.
1965 3554 2000 3596 Ω.
2024 3556 2057 3592 ι.
