<?xml version="1.0" encoding="UTF-8"?>
<!DOCTYPE html PUBLIC "-//W3C//DTD XHTML 1.0 Transitional//EN"
    "http://www.w3.org/TR/xhtml1/DTD/xhtml1-transitional.dtd">
<html xmlns="http://www.w3.org/1999/xhtml" xml:lang="en" lang="en">
 <head>
  <title>
</title>
<meta http-equiv="Content-Type" content="text/html;charset=utf-8" />
  <meta name='ocr-system' content='tesseract 3.04.00' />
  <meta name='ocr-capabilities' content='ocr_page ocr_carea ocr_par ocr_line ocrx_word'/>
</head>
<body>
  <div class='ocr_page' id='page_1' title='image "./theologiae00knoluoft_0194.png"; bbox 0 0 2332 3860; ppageno 0'>
   <div class='ocr_carea' id='block_1_1' title="bbox 192 76 1559 154">
    <p class='ocr_par' dir='ltr' id='par_1_1' title="bbox 192 76 1559 154">
     <span class='ocr_line' id='line_1_1' title="bbox 192 76 1559 154; baseline 0.001 -6"><span class='ocrx_word' id='word_1_1' title='bbox 192 76 196 78; x_wconf 41' lang='grc'><strong>’</strong></span> <span class='ocrx_word' id='word_1_2' title='bbox 283 95 389 154; x_wconf 75' lang='grc'>186</span> <span class='ocrx_word' id='word_1_3' title='bbox 890 114 954 152; x_wconf 72' lang='lat' dir='ltr'>ns</span> <span class='ocrx_word' id='word_1_4' title='bbox 990 113 1083 151; x_wconf 73' lang='lat' dir='ltr'>nso</span> <span class='ocrx_word' id='word_1_5' title='bbox 1108 113 1172 150; x_wconf 54' lang='grc' dir='ltr'>ΔΝ</span> <span class='ocrx_word' id='word_1_6' title='bbox 1209 112 1267 150; x_wconf 77' lang='lat' dir='ltr'>ss</span> <span class='ocrx_word' id='word_1_7' title='bbox 1294 109 1559 150; x_wconf 47' lang='lat' dir='ltr'>28PECTAT0.</span> 
     </span>
    </p>
   </div>
   <div class='ocr_carea' id='block_1_2' title="bbox 201 190 2325 630">
    <p class='ocr_par' dir='ltr' id='par_1_2' title="bbox 201 190 2325 630">
     <span class='ocr_line' id='line_1_2' title="bbox 206 190 2319 267; baseline 0.001 -23"><span class='ocrx_word' id='word_1_8' title='bbox 206 206 524 261; x_wconf 75' lang='lat' dir='ltr'>quaec-unque</span> <span class='ocrx_word' id='word_1_9' title='bbox 550 191 686 246; x_wconf 80' lang='lat' dir='ltr'>habet</span> <span class='ocrx_word' id='word_1_10' title='bbox 723 190 897 255; x_wconf 79' lang='lat' dir='ltr'>Pater,</span> <span class='ocrx_word' id='word_1_11' title='bbox 929 209 1035 246; x_wconf 85' lang='lat' dir='ltr'>mea</span> <span class='ocrx_word' id='word_1_12' title='bbox 1060 200 1196 254; x_wconf 67' lang='lat' dir='ltr'>sumt,-</span> <span class='ocrx_word' id='word_1_13' title='bbox 1258 190 1650 262; x_wconf 80' lang='lat' dir='ltr'>stra(6).Sicuti</span> <span class='ocrx_word' id='word_1_14' title='bbox 1671 196 1847 245; x_wconf 89' lang='lat' dir='ltr'>autem</span> <span class='ocrx_word' id='word_1_15' title='bbox 1862 191 2012 246; x_wconf 77' lang='lat' dir='ltr'>tertia</span> <span class='ocrx_word' id='word_1_16' title='bbox 2030 191 2291 262; x_wconf 44' lang='lat' dir='ltr'>personat-2</span> <span class='ocrx_word' id='word_1_17' title='bbox 2312 246 2319 267; x_wconf 79' lang='lat'><strong><em>;</em></strong></span> 
     </span>
     <span class='ocr_line' id='line_1_3' title="bbox 205 264 2325 336; baseline 0.001 -19"><span class='ocrx_word' id='word_1_18' title='bbox 205 265 338 336; x_wconf 86' lang='lat' dir='ltr'>quod</span> <span class='ocrx_word' id='word_1_19' title='bbox 364 267 677 320; x_wconf 81' lang='lat' dir='ltr'>confirmant</span> <span class='ocrx_word' id='word_1_20' title='bbox 721 267 873 319; x_wconf 89' lang='lat' dir='ltr'>etiam</span> <span class='ocrx_word' id='word_1_21' title='bbox 919 267 1076 319; x_wconf 85' lang='lat' dir='ltr'>verba</span> <span class='ocrx_word' id='word_1_22' title='bbox 1117 282 1198 319; x_wconf 86' lang='lat' dir='ltr'>se·</span> <span class='ocrx_word' id='word_1_23' title='bbox 1259 273 1336 318; x_wconf 88' lang='lat' dir='ltr'>est</span> <span class='ocrx_word' id='word_1_24' title='bbox 1363 265 1582 333; x_wconf 79' lang='lat' dir='ltr'>Spiritus</span> <span class='ocrx_word' id='word_1_25' title='bbox 1619 265 1820 329; x_wconf 65' lang='lat' dir='ltr'>&#39;PatriS‚</span> <span class='ocrx_word' id='word_1_26' title='bbox 1873 267 1991 335; x_wconf 88' lang='lat' dir='ltr'>quia</span> <span class='ocrx_word' id='word_1_27' title='bbox 2029 284 2059 319; x_wconf 90' lang='lat' dir='ltr'>a</span> <span class='ocrx_word' id='word_1_28' title='bbox 2098 264 2281 325; x_wconf 48' lang='lat' dir='ltr'>Patre*</span> <span class='ocrx_word' id='word_1_29' title='bbox 2317 265 2325 327; x_wconf 66' lang='lat' dir='ltr'>f</span> 
     </span>
     <span class='ocr_line' id='line_1_4' title="bbox 203 338 2293 409; baseline 0.001 -16"><span class='ocrx_word' id='word_1_30' title='bbox 203 339 434 409; x_wconf 80' lang='lat' dir='ltr'><strong>quentia:</strong></span> <span class='ocrx_word' id='word_1_31' title='bbox 460 340 572 394; x_wconf 80' lang='lat' dir='ltr'>Mea</span> <span class='ocrx_word' id='word_1_32' title='bbox 593 340 756 393; x_wconf 78' lang='lat' dir='ltr'>omnia</span> <span class='ocrx_word' id='word_1_33' title='bbox 785 348 867 392; x_wconf 80' lang='lat' dir='ltr'>tua</span> <span class='ocrx_word' id='word_1_34' title='bbox 887 348 1023 402; x_wconf 80' lang='lat' dir='ltr'>sunt,</span> <span class='ocrx_word' id='word_1_35' title='bbox 1049 349 1091 392; x_wconf 86' lang='lat' dir='ltr'>et</span> <span class='ocrx_word' id='word_1_36' title='bbox 1113 348 1194 394; x_wconf 81' lang='lat' dir='ltr'>tua</span> <span class='ocrx_word' id='word_1_37' title='bbox 1260 338 1506 407; x_wconf 86' lang='lat' dir='ltr'>procedit,</span> <span class='ocrx_word' id='word_1_38' title='bbox 1537 341 1608 391; x_wconf 91' lang='lat' dir='ltr'>ita</span> <span class='ocrx_word' id='word_1_39' title='bbox 1633 346 1712 392; x_wconf 89' lang='lat' dir='ltr'>est</span> <span class='ocrx_word' id='word_1_40' title='bbox 1737 340 1894 392; x_wconf 85' lang='lat' dir='ltr'>etiam</span> <span class='ocrx_word' id='word_1_41' title='bbox 1921 341 2140 409; x_wconf 80' lang='lat' dir='ltr'>Spiritus</span> <span class='ocrx_word' id='word_1_42' title='bbox 2158 340 2249 395; x_wconf 86' lang='lat' dir='ltr'>Fi·</span> <span class='ocrx_word' id='word_1_43' title='bbox 2278 341 2293 386; x_wconf 52' lang='grc' dir='ltr'><em>ἕ</em></span> 
     </span>
     <span class='ocr_line' id='line_1_5' title="bbox 203 411 2243 486; baseline 0.002 -21"><span class='ocrx_word' id='word_1_44' title='bbox 203 429 311 473; x_wconf 80' lang='lat' dir='ltr'>mea</span> <span class='ocrx_word' id='word_1_45' title='bbox 336 421 454 466; x_wconf 80' lang='lat' dir='ltr'>sunt</span> <span class='ocrx_word' id='word_1_46' title='bbox 482 411 580 486; x_wconf 84' lang='lat' dir='ltr'>(l)</span> <span class='ocrx_word' id='word_1_47' title='bbox 612 415 690 467; x_wconf 86' lang='lat' dir='ltr'>Ex</span> <span class='ocrx_word' id='word_1_48' title='bbox 729 415 885 467; x_wconf 85' lang='lat' dir='ltr'>citato</span> <span class='ocrx_word' id='word_1_49' title='bbox 924 430 1045 481; x_wconf 82' lang='lat' dir='ltr'>ergo</span> <span class='ocrx_word' id='word_1_50' title='bbox 1085 413 1195 467; x_wconf 90' lang='lat' dir='ltr'>loco</span> <span class='ocrx_word' id='word_1_51' title='bbox 1259 414 1331 473; x_wconf 91' lang='lat' dir='ltr'>lii,</span> <span class='ocrx_word' id='word_1_52' title='bbox 1362 414 1481 481; x_wconf 90' lang='lat' dir='ltr'>quia</span> <span class='ocrx_word' id='word_1_53' title='bbox 1508 429 1538 464; x_wconf 88' lang='lat' dir='ltr'>a</span> <span class='ocrx_word' id='word_1_54' title='bbox 1565 413 1692 465; x_wconf 87' lang='lat' dir='ltr'>Filio</span> <span class='ocrx_word' id='word_1_55' title='bbox 1744 414 1991 482; x_wconf 79' lang='lat' dir='ltr'>procedit:</span> <span class='ocrx_word' id='word_1_56' title='bbox 2035 415 2154 467; x_wconf 87' lang='lat' dir='ltr'>hinc</span> <span class='ocrx_word' id='word_1_57' title='bbox 2190 415 2243 469; x_wconf 84' lang='lat' dir='ltr'>S.</span> 
     </span>
     <span class='ocr_line' id='line_1_6' title="bbox 203 484 2294 557; baseline 0.001 -17"><span class='ocrx_word' id='word_1_58' title='bbox 203 487 456 540; x_wconf 90' lang='lat' dir='ltr'>invictum</span> <span class='ocrx_word' id='word_1_59' title='bbox 491 503 583 556; x_wconf 83' lang='lat' dir='ltr'>pro</span> <span class='ocrx_word' id='word_1_60' title='bbox 608 488 829 556; x_wconf 86' lang='lat' dir='ltr'>Spiritus</span> <span class='ocrx_word' id='word_1_61' title='bbox 868 489 1044 541; x_wconf 84' lang='lat' dir='ltr'>Sancti</span> <span class='ocrx_word' id='word_1_62' title='bbox 1084 503 1196 555; x_wconf 87' lang='lat' dir='ltr'>pro·</span> <span class='ocrx_word' id='word_1_63' title='bbox 1256 486 1560 554; x_wconf 71' lang='lat' dir='ltr'>Auqustinus</span> <span class='ocrx_word' id='word_1_64' title='bbox 1574 484 1750 557; x_wconf 83' lang='lat' dir='ltr'>ait(7):</span> <span class='ocrx_word' id='word_1_65' title='bbox 1781 488 1930 541; x_wconf 89' lang='lat' dir='ltr'>«Cur</span> <span class='ocrx_word' id='word_1_66' title='bbox 1951 504 2051 540; x_wconf 90' lang='lat' dir='ltr'>non</span> <span class='ocrx_word' id='word_1_67' title='bbox 2076 489 2250 542; x_wconf 82' lang='lat' dir='ltr'>creda·</span> <span class='ocrx_word' id='word_1_68' title='bbox 2291 512 2294 515; x_wconf 50' lang='grc'>“</span> 
     </span>
     <span class='ocr_line' id='line_1_7' title="bbox 201 559 2249 630; baseline 0 -15"><span class='ocrx_word' id='word_1_69' title='bbox 201 561 479 615; x_wconf 87' lang='lat' dir='ltr'>cessionea</span> <span class='ocrx_word' id='word_1_70' title='bbox 509 560 635 613; x_wconf 90' lang='lat' dir='ltr'>Filio</span> <span class='ocrx_word' id='word_1_71' title='bbox 677 562 892 614; x_wconf 79' lang='lat' dir='ltr'>infertur</span> <span class='ocrx_word' id='word_1_72' title='bbox 918 577 1196 629; x_wconf 83' lang='lat' dir='ltr'>argumen-</span> <span class='ocrx_word' id='word_1_73' title='bbox 1258 577 1389 624; x_wconf 79' lang='lat' dir='ltr'>muS‚</span> <span class='ocrx_word' id='word_1_74' title='bbox 1439 559 1574 628; x_wconf 89' lang='lat' dir='ltr'>quod</span> <span class='ocrx_word' id='word_1_75' title='bbox 1602 561 1756 612; x_wconf 88' lang='lat' dir='ltr'>etiam</span> <span class='ocrx_word' id='word_1_76' title='bbox 1798 560 1860 612; x_wconf 85' lang='lat' dir='ltr'>de</span> <span class='ocrx_word' id='word_1_77' title='bbox 1906 561 2031 614; x_wconf 90' lang='lat' dir='ltr'>Filio</span> <span class='ocrx_word' id='word_1_78' title='bbox 2075 578 2249 630; x_wconf 91' lang='lat' dir='ltr'>proce-</span> 
     </span>
    </p>
   </div>
   <div class='ocr_carea' id='block_1_3' title="bbox 203 633 2246 705">
    <p class='ocr_par' dir='ltr' id='par_1_3' title="bbox 203 633 2246 705">
     <span class='ocr_line' id='line_1_8' title="bbox 203 633 2246 705; baseline -0 -15"><span class='ocrx_word' id='word_1_79' title='bbox 203 641 330 690; x_wconf 87' lang='lat' dir='ltr'>tum.</span> <span class='ocrx_word' id='word_1_80' title='bbox 382 634 576 688; x_wconf 86' lang='lat' dir='ltr'>Idcirco</span> <span class='ocrx_word' id='word_1_81' title='bbox 623 636 757 687; x_wconf 87' lang='lat' dir='ltr'>enim</span> <span class='ocrx_word' id='word_1_82' title='bbox 802 635 1023 703; x_wconf 81' lang='lat' dir='ltr'>Spiritus</span> <span class='ocrx_word' id='word_1_83' title='bbox 1066 635 1192 687; x_wconf 88' lang='lat' dir='ltr'>San·</span> <span class='ocrx_word' id='word_1_84' title='bbox 1255 634 1342 686; x_wconf 89' lang='lat' dir='ltr'>dat</span> <span class='ocrx_word' id='word_1_85' title='bbox 1368 634 1589 702; x_wconf 85' lang='lat' dir='ltr'>Spiritus</span> <span class='ocrx_word' id='word_1_86' title='bbox 1607 633 1826 686; x_wconf 90' lang='lat' dir='ltr'>Sanctus</span> <span class='ocrx_word' id='word_1_87' title='bbox 1846 649 1964 686; x_wconf 92' lang='lat' dir='ltr'>cum</span> <span class='ocrx_word' id='word_1_88' title='bbox 1992 634 2102 687; x_wconf 88' lang='lat' dir='ltr'>Filii</span> <span class='ocrx_word' id='word_1_89' title='bbox 2125 652 2246 705; x_wconf 90' lang='lat' dir='ltr'>quo-</span> 
     </span>
    </p>
   </div>
   <div class='ocr_carea' id='block_1_4' title="bbox 194 708 1191 3204">
    <p class='ocr_par' dir='ltr' id='par_1_4' title="bbox 194 708 1191 3204">
     <span class='ocr_line' id='line_1_9' title="bbox 201 708 1191 778; baseline 0 -17"><span class='ocrx_word' id='word_1_90' title='bbox 201 715 316 762; x_wconf 91' lang='lat' dir='ltr'>ctus</span> <span class='ocrx_word' id='word_1_91' title='bbox 341 724 371 760; x_wconf 93' lang='lat' dir='ltr'>a</span> <span class='ocrx_word' id='word_1_92' title='bbox 403 708 531 762; x_wconf 88' lang='lat' dir='ltr'>Filio</span> <span class='ocrx_word' id='word_1_93' title='bbox 559 710 762 777; x_wconf 90' lang='lat' dir='ltr'>accipit,</span> <span class='ocrx_word' id='word_1_94' title='bbox 795 711 911 778; x_wconf 90' lang='lat' dir='ltr'>quia</span> <span class='ocrx_word' id='word_1_95' title='bbox 948 708 1106 761; x_wconf 86' lang='lat' dir='ltr'>Filius</span> <span class='ocrx_word' id='word_1_96' title='bbox 1133 726 1191 762; x_wconf 85' lang='lat' dir='ltr'>ca</span> 
     </span>
     <span class='ocr_line' id='line_1_10' title="bbox 202 782 1186 851; baseline 0 -16"><span class='ocrx_word' id='word_1_97' title='bbox 202 782 357 835; x_wconf 85' lang='lat' dir='ltr'>habet</span> <span class='ocrx_word' id='word_1_98' title='bbox 395 783 566 835; x_wconf 90' lang='lat' dir='ltr'>omnia</span> <span class='ocrx_word' id='word_1_99' title='bbox 593 824 606 844; x_wconf 89' lang='lat'><strong>‚</strong></span> <span class='ocrx_word' id='word_1_100' title='bbox 657 798 789 851; x_wconf 89' lang='lat' dir='ltr'>quae</span> <span class='ocrx_word' id='word_1_101' title='bbox 838 783 1001 836; x_wconf 86' lang='lat' dir='ltr'>Patris</span> <span class='ocrx_word' id='word_1_102' title='bbox 1038 791 1186 844; x_wconf 89' lang='lat' dir='ltr'>sunt,</span> 
     </span>
     <span class='ocr_line' id='line_1_11' title="bbox 198 857 1186 923; baseline -0.003 -11"><span class='ocrx_word' id='word_1_103' title='bbox 198 871 302 913; x_wconf 83' lang='lat' dir='ltr'>una</span> <span class='ocrx_word' id='word_1_104' title='bbox 324 862 539 923; x_wconf 79' lang='lat' dir='ltr'>excepta</span> <span class='ocrx_word' id='word_1_105' title='bbox 563 858 812 909; x_wconf 79' lang='lat' dir='ltr'>relatione</span> <span class='ocrx_word' id='word_1_106' title='bbox 836 857 1186 912; x_wconf 77' lang='lat' dir='ltr'>paternitatis:</span> 
     </span>
     <span class='ocr_line' id='line_1_12' title="bbox 198 930 1189 999; baseline -0.001 -16"><span class='ocrx_word' id='word_1_107' title='bbox 198 931 338 999; x_wconf 84' lang='lat' dir='ltr'>atqui</span> <span class='ocrx_word' id='word_1_108' title='bbox 385 930 536 982; x_wconf 87' lang='lat' dir='ltr'>Pater</span> <span class='ocrx_word' id='word_1_109' title='bbox 598 931 702 981; x_wconf 91' lang='lat' dir='ltr'>vim</span> <span class='ocrx_word' id='word_1_110' title='bbox 749 931 905 983; x_wconf 88' lang='lat' dir='ltr'>habet</span> <span class='ocrx_word' id='word_1_111' title='bbox 962 932 1189 999; x_wconf 87' lang='lat' dir='ltr'>spirandi</span> 
     </span>
     <span class='ocr_line' id='line_1_13' title="bbox 197 1002 1188 1073; baseline 0 -17"><span class='ocrx_word' id='word_1_112' title='bbox 197 1002 445 1072; x_wconf 89' lang='lat' dir='ltr'>Spiritum</span> <span class='ocrx_word' id='word_1_113' title='bbox 472 1003 740 1065; x_wconf 86' lang='lat' dir='ltr'>Sanctum,</span> <span class='ocrx_word' id='word_1_114' title='bbox 773 1011 824 1056; x_wconf 87' lang='lat' dir='ltr'>et</span> <span class='ocrx_word' id='word_1_115' title='bbox 864 1020 982 1057; x_wconf 89' lang='lat' dir='ltr'>eum</span> <span class='ocrx_word' id='word_1_116' title='bbox 1023 1009 1188 1073; x_wconf 84' lang='lat' dir='ltr'>reipsa</span> 
     </span>
     <span class='ocr_line' id='line_1_14' title="bbox 198 1076 1183 1145; baseline 0.002 -17"><span class='ocrx_word' id='word_1_117' title='bbox 198 1078 389 1144; x_wconf 85' lang='lat' dir='ltr'>spirat,</span> <span class='ocrx_word' id='word_1_118' title='bbox 439 1083 497 1129; x_wconf 89' lang='lat' dir='ltr'>ut</span> <span class='ocrx_word' id='word_1_119' title='bbox 542 1076 724 1129; x_wconf 86' lang='lat' dir='ltr'>Graeci</span> <span class='ocrx_word' id='word_1_120' title='bbox 778 1079 870 1145; x_wconf 87' lang='lat' dir='ltr'>ipsi</span> <span class='ocrx_word' id='word_1_121' title='bbox 921 1079 1183 1143; x_wconf 84' lang='lat' dir='ltr'>fatentur3</span> 
     </span>
     <span class='ocr_line' id='line_1_15' title="bbox 199 1150 1187 1220; baseline 0.002 -18"><span class='ocrx_word' id='word_1_122' title='bbox 199 1166 321 1217; x_wconf 82' lang='lat' dir='ltr'>crgo</span> <span class='ocrx_word' id='word_1_123' title='bbox 352 1150 510 1202; x_wconf 86' lang='lat' dir='ltr'>Filius</span> <span class='ocrx_word' id='word_1_124' title='bbox 537 1152 751 1203; x_wconf 91' lang='lat' dir='ltr'>eandem</span> <span class='ocrx_word' id='word_1_125' title='bbox 781 1151 936 1203; x_wconf 87' lang='lat' dir='ltr'>habet</span> <span class='ocrx_word' id='word_1_126' title='bbox 964 1153 1067 1203; x_wconf 89' lang='lat' dir='ltr'>vim</span> <span class='ocrx_word' id='word_1_127' title='bbox 1089 1154 1187 1220; x_wconf 90' lang='lat' dir='ltr'>spi-</span> 
     </span>
     <span class='ocr_line' id='line_1_16' title="bbox 198 1224 1189 1292; baseline 0.003 -17"><span class='ocrx_word' id='word_1_128' title='bbox 198 1224 344 1276; x_wconf 86' lang='lat' dir='ltr'>randi</span> <span class='ocrx_word' id='word_1_129' title='bbox 361 1225 605 1292; x_wconf 84' lang='lat' dir='ltr'>Spiritum</span> <span class='ocrx_word' id='word_1_130' title='bbox 623 1225 891 1286; x_wconf 87' lang='lat' dir='ltr'>Sanctum,</span> <span class='ocrx_word' id='word_1_131' title='bbox 911 1233 956 1275; x_wconf 83' lang='lat' dir='ltr'>et</span> <span class='ocrx_word' id='word_1_132' title='bbox 979 1242 1096 1277; x_wconf 89' lang='lat' dir='ltr'>eum</span> <span class='ocrx_word' id='word_1_133' title='bbox 1115 1243 1189 1278; x_wconf 85' lang='lat' dir='ltr'>re-</span> 
     </span>
     <span class='ocr_line' id='line_1_17' title="bbox 198 1297 1189 1366; baseline 0.003 -17"><span class='ocrx_word' id='word_1_134' title='bbox 198 1297 307 1365; x_wconf 86' lang='lat' dir='ltr'>ipsa</span> <span class='ocrx_word' id='word_1_135' title='bbox 335 1313 452 1350; x_wconf 92' lang='lat' dir='ltr'>cum</span> <span class='ocrx_word' id='word_1_136' title='bbox 476 1298 624 1350; x_wconf 89' lang='lat' dir='ltr'>Patre</span> <span class='ocrx_word' id='word_1_137' title='bbox 645 1300 823 1366; x_wconf 82' lang='lat' dir='ltr'>spirat.</span> <span class='ocrx_word' id='word_1_138' title='bbox 839 1299 902 1351; x_wconf 83' lang='lat' dir='ltr'>Et</span> <span class='ocrx_word' id='word_1_139' title='bbox 923 1299 1049 1351; x_wconf 88' lang='lat' dir='ltr'>haec</span> <span class='ocrx_word' id='word_1_140' title='bbox 1072 1316 1189 1352; x_wconf 91' lang='lat' dir='ltr'>con·</span> 
     </span>
     <span class='ocr_line' id='line_1_18' title="bbox 198 1371 1185 1439; baseline 0.004 -17"><span class='ocrx_word' id='word_1_141' title='bbox 198 1371 359 1423; x_wconf 90' lang='lat' dir='ltr'>clusio</span> <span class='ocrx_word' id='word_1_142' title='bbox 376 1388 476 1424; x_wconf 92' lang='lat' dir='ltr'>non</span> <span class='ocrx_word' id='word_1_143' title='bbox 497 1372 662 1425; x_wconf 89' lang='lat' dir='ltr'>solum</span> <span class='ocrx_word' id='word_1_144' title='bbox 689 1372 1063 1439; x_wconf 82' lang='lat' dir='ltr'>Theologorum</span> <span class='ocrx_word' id='word_1_145' title='bbox 1093 1381 1185 1438; x_wconf 83' lang='lat' dir='ltr'>est,</span> 
     </span>
     <span class='ocr_line' id='line_1_19' title="bbox 197 1445 1186 1513; baseline 0.002 -15"><span class='ocrx_word' id='word_1_146' title='bbox 197 1445 286 1498; x_wconf 87' lang='lat' dir='ltr'>sed</span> <span class='ocrx_word' id='word_1_147' title='bbox 327 1446 483 1513; x_wconf 87' lang='lat' dir='ltr'>ipsius</span> <span class='ocrx_word' id='word_1_148' title='bbox 517 1446 700 1499; x_wconf 88' lang='lat' dir='ltr'>Christi</span> <span class='ocrx_word' id='word_1_149' title='bbox 736 1446 972 1499; x_wconf 88' lang='lat' dir='ltr'>dicentis:</span> <span class='ocrx_word' id='word_1_150' title='bbox 1007 1446 1186 1500; x_wconf 81' lang='lat' dir='ltr'>Omnia</span> 
     </span>
     <span class='ocr_line' id='line_1_20' title="bbox 197 1519 1181 1587; baseline 0.001 -17"><span class='ocrx_word' id='word_1_151' title='bbox 197 1534 509 1587; x_wconf 79' lang='lat' dir='ltr'>quaecunque</span> <span class='ocrx_word' id='word_1_152' title='bbox 548 1519 682 1571; x_wconf 83' lang='lat' dir='ltr'>habet</span> <span class='ocrx_word' id='word_1_153' title='bbox 709 1519 871 1579; x_wconf 79' lang='lat' dir='ltr'>Pater,</span> <span class='ocrx_word' id='word_1_154' title='bbox 904 1537 1009 1572; x_wconf 86' lang='lat' dir='ltr'>mea</span> <span class='ocrx_word' id='word_1_155' title='bbox 1046 1530 1181 1585; x_wconf 73' lang='lat' dir='ltr'>simt3</span> 
     </span>
     <span class='ocr_line' id='line_1_21' title="bbox 194 1593 1183 1661; baseline 0.002 -18"><span class='ocrx_word' id='word_1_156' title='bbox 194 1600 466 1660; x_wconf 81' lang='lat' dir='ltr'>propterea,</span> <span class='ocrx_word' id='word_1_157' title='bbox 487 1594 522 1644; x_wconf 90' lang='lat' dir='ltr'>i.</span> <span class='ocrx_word' id='word_1_158' title='bbox 548 1609 593 1644; x_wconf 91' lang='lat' dir='ltr'>e.</span> <span class='ocrx_word' id='word_1_159' title='bbox 611 1610 677 1644; x_wconf 83' lang='lat' dir='ltr'>ex</span> <span class='ocrx_word' id='word_1_160' title='bbox 699 1593 795 1645; x_wconf 89' lang='lat' dir='ltr'>hac</span> <span class='ocrx_word' id='word_1_161' title='bbox 819 1595 1031 1661; x_wconf 80' lang='lat' dir='ltr'>ratione,</span> <span class='ocrx_word' id='word_1_162' title='bbox 1054 1595 1183 1647; x_wconf 67' lang='lat' dir='ltr'>dixi:</span> 
     </span>
     <span class='ocr_line' id='line_1_22' title="bbox 196 1667 1185 1735; baseline 0.004 -18"><span class='ocrx_word' id='word_1_163' title='bbox 196 1669 314 1734; x_wconf 83' lang='lat' dir='ltr'>qaia</span> <span class='ocrx_word' id='word_1_164' title='bbox 351 1667 406 1719; x_wconf 83' lang='lat' dir='ltr'>dc</span> <span class='ocrx_word' id='word_1_165' title='bbox 433 1682 538 1718; x_wconf 83' lang='lat' dir='ltr'>mco</span> <span class='ocrx_word' id='word_1_166' title='bbox 558 1667 755 1735; x_wconf 77' lang='lat' dir='ltr'>accipiet</span> <span class='ocrx_word' id='word_1_167' title='bbox 783 1675 882 1719; x_wconf 83' lang='lat' dir='ltr'>etc.</span> <span class='ocrx_word' id='word_1_168' title='bbox 911 1668 1185 1734; x_wconf 85' lang='lat' dir='ltr'>Perperam</span> 
     </span>
     <span class='ocr_line' id='line_1_23' title="bbox 197 1740 1186 1809; baseline 0.005 -19"><span class='ocrx_word' id='word_1_169' title='bbox 197 1741 354 1792; x_wconf 89' lang='lat' dir='ltr'>etiam</span> <span class='ocrx_word' id='word_1_170' title='bbox 394 1740 625 1792; x_wconf 89' lang='lat' dir='ltr'>nonnulli</span> <span class='ocrx_word' id='word_1_171' title='bbox 673 1756 792 1792; x_wconf 92' lang='lat' dir='ltr'>cum</span> <span class='ocrx_word' id='word_1_172' title='bbox 842 1741 1186 1809; x_wconf 78' lang='lat' dir='ltr'>Tlicophylacto</span> 
     </span>
     <span class='ocr_line' id='line_1_24' title="bbox 198 1813 1183 1883; baseline 0.004 -19"><span class='ocrx_word' id='word_1_173' title='bbox 198 1813 317 1865; x_wconf 88' lang='lat' dir='ltr'>huic</span> <span class='ocrx_word' id='word_1_174' title='bbox 364 1819 668 1881; x_wconf 86' lang='lat' dir='ltr'>argumento</span> <span class='ocrx_word' id='word_1_175' title='bbox 717 1823 999 1882; x_wconf 90' lang='lat' dir='ltr'>opponunt,</span> <span class='ocrx_word' id='word_1_176' title='bbox 1050 1818 1183 1883; x_wconf 91' lang='lat' dir='ltr'>quod</span> 
     </span>
     <span class='ocr_line' id='line_1_25' title="bbox 199 1886 1179 1952; baseline 0.003 -14"><span class='ocrx_word' id='word_1_177' title='bbox 199 1903 299 1939; x_wconf 91' lang='lat' dir='ltr'>non</span> <span class='ocrx_word' id='word_1_178' title='bbox 328 1886 390 1938; x_wconf 92' lang='lat' dir='ltr'>de</span> <span class='ocrx_word' id='word_1_179' title='bbox 417 1888 878 1940; x_wconf 83' lang='lat' dir='ltr'>communicatione</span> <span class='ocrx_word' id='word_1_180' title='bbox 907 1890 1179 1952; x_wconf 88' lang='lat' dir='ltr'>essentiae,</span> 
     </span>
     <span class='ocr_line' id='line_1_26' title="bbox 198 1960 1184 2015; baseline 0.003 -3"><span class='ocrx_word' id='word_1_181' title='bbox 198 1961 286 2012; x_wconf 89' lang='lat' dir='ltr'>sed</span> <span class='ocrx_word' id='word_1_182' title='bbox 324 1960 385 2011; x_wconf 91' lang='lat' dir='ltr'>de</span> <span class='ocrx_word' id='word_1_183' title='bbox 430 1962 895 2014; x_wconf 83' lang='lat' dir='ltr'>communicatione</span> <span class='ocrx_word' id='word_1_184' title='bbox 940 1964 1184 2015; x_wconf 84' lang='lat' dir='ltr'>scientiae</span> 
     </span>
     <span class='ocr_line' id='line_1_27' title="bbox 198 2034 1186 2102; baseline 0.003 -16"><span class='ocrx_word' id='word_1_185' title='bbox 198 2049 366 2086; x_wconf 87' lang='lat' dir='ltr'>sermo</span> <span class='ocrx_word' id='word_1_186' title='bbox 394 2034 477 2095; x_wconf 89' lang='lat' dir='ltr'>sit,</span> <span class='ocrx_word' id='word_1_187' title='bbox 521 2036 638 2102; x_wconf 88' lang='lat' dir='ltr'>quia</span> <span class='ocrx_word' id='word_1_188' title='bbox 668 2035 836 2087; x_wconf 89' lang='lat' dir='ltr'>citatis</span> <span class='ocrx_word' id='word_1_189' title='bbox 886 2037 1056 2088; x_wconf 90' lang='lat' dir='ltr'>verbis</span> <span class='ocrx_word' id='word_1_190' title='bbox 1102 2037 1186 2089; x_wconf 87' lang='lat' dir='ltr'>ad-</span> 
     </span>
     <span class='ocr_line' id='line_1_28' title="bbox 199 2107 1182 2171; baseline 0.005 -13"><span class='ocrx_word' id='word_1_191' title='bbox 199 2107 361 2159; x_wconf 85' lang='lat' dir='ltr'>ditur:</span> <span class='ocrx_word' id='word_1_192' title='bbox 411 2115 453 2159; x_wconf 81' lang='lat' dir='ltr'>et</span> <span class='ocrx_word' id='word_1_193' title='bbox 498 2108 806 2160; x_wconf 76' lang='lat' dir='ltr'>annuntiabit</span> <span class='ocrx_word' id='word_1_194' title='bbox 855 2109 1025 2171; x_wconf 82' lang='lat' dir='ltr'>vobis;</span> <span class='ocrx_word' id='word_1_195' title='bbox 1065 2127 1182 2163; x_wconf 88' lang='lat' dir='ltr'>nam</span> 
     </span>
     <span class='ocr_line' id='line_1_29' title="bbox 198 2180 1184 2243; baseline 0.004 -11"><span class='ocrx_word' id='word_1_196' title='bbox 198 2180 577 2234; x_wconf 88' lang='lat' dir='ltr'>observandum</span> <span class='ocrx_word' id='word_1_197' title='bbox 606 2188 704 2243; x_wconf 86' lang='lat' dir='ltr'>est,</span> <span class='ocrx_word' id='word_1_198' title='bbox 736 2183 906 2234; x_wconf 81' lang='lat' dir='ltr'>omnia</span> <span class='ocrx_word' id='word_1_199' title='bbox 939 2185 1184 2236; x_wconf 87' lang='lat' dir='ltr'>attributa</span> 
     </span>
     <span class='ocr_line' id='line_1_30' title="bbox 199 2254 1185 2323; baseline 0.003 -17"><span class='ocrx_word' id='word_1_200' title='bbox 199 2254 371 2306; x_wconf 91' lang='lat' dir='ltr'>divina</span> <span class='ocrx_word' id='word_1_201' title='bbox 400 2271 511 2307; x_wconf 85' lang='lat' dir='ltr'>csse</span> <span class='ocrx_word' id='word_1_202' title='bbox 539 2256 702 2323; x_wconf 85' lang='lat' dir='ltr'>ipsam</span> <span class='ocrx_word' id='word_1_203' title='bbox 742 2258 1016 2308; x_wconf 88' lang='lat' dir='ltr'>essentiam</span> <span class='ocrx_word' id='word_1_204' title='bbox 1058 2258 1185 2309; x_wconf 91' lang='lat' dir='ltr'>divi·</span> 
     </span>
     <span class='ocr_line' id='line_1_31' title="bbox 198 2328 1186 2398; baseline 0.002 -18"><span class='ocrx_word' id='word_1_205' title='bbox 198 2344 349 2390; x_wconf 88' lang='lat' dir='ltr'>nam,</span> <span class='ocrx_word' id='word_1_206' title='bbox 400 2345 430 2381; x_wconf 89' lang='lat' dir='ltr'>a</span> <span class='ocrx_word' id='word_1_207' title='bbox 462 2345 562 2398; x_wconf 91' lang='lat' dir='ltr'>qua</span> <span class='ocrx_word' id='word_1_208' title='bbox 614 2328 820 2381; x_wconf 87' lang='lat' dir='ltr'>realiter</span> <span class='ocrx_word' id='word_1_209' title='bbox 868 2346 966 2382; x_wconf 89' lang='lat' dir='ltr'>non</span> <span class='ocrx_word' id='word_1_210' title='bbox 1008 2330 1186 2382; x_wconf 85' lang='lat' dir='ltr'>distin-</span> 
     </span>
     <span class='ocr_line' id='line_1_32' title="bbox 196 2402 1186 2471; baseline 0.002 -17"><span class='ocrx_word' id='word_1_211' title='bbox 196 2409 446 2471; x_wconf 86' lang='lat' dir='ltr'>guuntur.</span> <span class='ocrx_word' id='word_1_212' title='bbox 492 2402 669 2471; x_wconf 88' lang='lat' dir='ltr'>ltaque</span> <span class='ocrx_word' id='word_1_213' title='bbox 709 2404 749 2454; x_wconf 89' lang='lat' dir='ltr'>si</span> <span class='ocrx_word' id='word_1_214' title='bbox 796 2403 1015 2471; x_wconf 89' lang='lat' dir='ltr'>Spiritus</span> <span class='ocrx_word' id='word_1_215' title='bbox 1061 2404 1186 2456; x_wconf 88' lang='lat' dir='ltr'>San-</span> 
     </span>
     <span class='ocr_line' id='line_1_33' title="bbox 197 2476 1186 2543; baseline 0.001 -15"><span class='ocrx_word' id='word_1_216' title='bbox 197 2483 310 2528; x_wconf 91' lang='lat' dir='ltr'>ctus</span> <span class='ocrx_word' id='word_1_217' title='bbox 337 2476 523 2543; x_wconf 88' lang='lat' dir='ltr'>accipit</span> <span class='ocrx_word' id='word_1_218' title='bbox 560 2493 590 2528; x_wconf 90' lang='lat' dir='ltr'>a</span> <span class='ocrx_word' id='word_1_219' title='bbox 630 2476 758 2528; x_wconf 85' lang='lat' dir='ltr'>Filio</span> <span class='ocrx_word' id='word_1_220' title='bbox 786 2479 1075 2537; x_wconf 83' lang='lat' dir='ltr'>scientiam,</span> <span class='ocrx_word' id='word_1_221' title='bbox 1105 2495 1186 2530; x_wconf 89' lang='lat' dir='ltr'>ac-</span> 
     </span>
     <span class='ocr_line' id='line_1_34' title="bbox 197 2551 1185 2617; baseline 0.003 -17"><span class='ocrx_word' id='word_1_222' title='bbox 197 2551 318 2617; x_wconf 89' lang='lat' dir='ltr'>cipit</span> <span class='ocrx_word' id='word_1_223' title='bbox 344 2557 395 2601; x_wconf 87' lang='lat' dir='ltr'>et</span> <span class='ocrx_word' id='word_1_224' title='bbox 422 2552 726 2609; x_wconf 85' lang='lat' dir='ltr'>essentiam,</span> <span class='ocrx_word' id='word_1_225' title='bbox 757 2556 808 2602; x_wconf 87' lang='lat' dir='ltr'>et</span> <span class='ocrx_word' id='word_1_226' title='bbox 834 2566 862 2602; x_wconf 89' lang='lat' dir='ltr'>a</span> <span class='ocrx_word' id='word_1_227' title='bbox 904 2551 1029 2603; x_wconf 88' lang='lat' dir='ltr'>Filio</span> <span class='ocrx_word' id='word_1_228' title='bbox 1055 2553 1185 2603; x_wconf 92' lang='lat' dir='ltr'>sicut</span> 
     </span>
     <span class='ocr_line' id='line_1_35' title="bbox 196 2624 1185 2691; baseline 0.001 -16"><span class='ocrx_word' id='word_1_229' title='bbox 196 2639 225 2675; x_wconf 87' lang='lat' dir='ltr'>a</span> <span class='ocrx_word' id='word_1_230' title='bbox 243 2624 391 2676; x_wconf 85' lang='lat' dir='ltr'>Patre</span> <span class='ocrx_word' id='word_1_231' title='bbox 409 2624 653 2691; x_wconf 87' lang='lat' dir='ltr'>procedit.</span> <span class='ocrx_word' id='word_1_232' title='bbox 678 2625 739 2676; x_wconf 88' lang='lat' dir='ltr'>Et</span> <span class='ocrx_word' id='word_1_233' title='bbox 755 2640 808 2675; x_wconf 87' lang='lat' dir='ltr'>sa</span> <span class='ocrx_word' id='word_1_234' title='bbox 818 2639 880 2676; x_wconf 89' lang='lat' dir='ltr'>ne</span> <span class='ocrx_word' id='word_1_235' title='bbox 907 2641 971 2676; x_wconf 88' lang='lat' dir='ltr'>cx</span> <span class='ocrx_word' id='word_1_236' title='bbox 990 2625 1099 2677; x_wconf 88' lang='lat' dir='ltr'>loco</span> <span class='ocrx_word' id='word_1_237' title='bbox 1117 2627 1185 2677; x_wconf 91' lang='lat' dir='ltr'>ci-</span> 
     </span>
     <span class='ocr_line' id='line_1_36' title="bbox 197 2697 1185 2764; baseline 0.004 -17"><span class='ocrx_word' id='word_1_238' title='bbox 197 2702 302 2748; x_wconf 87' lang='lat' dir='ltr'>tato</span> <span class='ocrx_word' id='word_1_239' title='bbox 319 2699 690 2764; x_wconf 83' lang='lat' dir='ltr'>processionem</span> <span class='ocrx_word' id='word_1_240' title='bbox 713 2697 931 2764; x_wconf 88' lang='lat' dir='ltr'>Spiritus</span> <span class='ocrx_word' id='word_1_241' title='bbox 956 2698 1126 2750; x_wconf 86' lang='lat' dir='ltr'>Sancti</span> <span class='ocrx_word' id='word_1_242' title='bbox 1156 2717 1185 2751; x_wconf 87' lang='lat' dir='ltr'>a</span> 
     </span>
     <span class='ocr_line' id='line_1_37' title="bbox 196 2768 1187 2841; baseline 0.003 -21"><span class='ocrx_word' id='word_1_243' title='bbox 196 2768 321 2821; x_wconf 92' lang='lat' dir='ltr'>Filio</span> <span class='ocrx_word' id='word_1_244' title='bbox 343 2771 628 2824; x_wconf 90' lang='lat' dir='ltr'>intulerunt</span> <span class='ocrx_word' id='word_1_245' title='bbox 652 2771 891 2838; x_wconf 75' lang='lat' dir='ltr'>Didymus</span> <span class='ocrx_word' id='word_1_246' title='bbox 910 2769 1075 2841; x_wconf 69' lang='lat' dir='ltr'>(2),S.</span> <span class='ocrx_word' id='word_1_247' title='bbox 1097 2772 1187 2824; x_wconf 87' lang='lat' dir='ltr'>Hi-</span> 
     </span>
     <span class='ocr_line' id='line_1_38' title="bbox 198 2841 1188 2915; baseline 0.003 -21"><span class='ocrx_word' id='word_1_248' title='bbox 198 2841 354 2894; x_wconf 80' lang='lat' dir='ltr'>larius</span> <span class='ocrx_word' id='word_1_249' title='bbox 372 2842 468 2910; x_wconf 79' lang='lat'>(3),</span> <span class='ocrx_word' id='word_1_250' title='bbox 495 2845 550 2898; x_wconf 89' lang='lat' dir='ltr'>S.</span> <span class='ocrx_word' id='word_1_251' title='bbox 572 2845 880 2914; x_wconf 75' lang='lat' dir='ltr'>Epiphanius</span> <span class='ocrx_word' id='word_1_252' title='bbox 903 2843 999 2915; x_wconf 70' lang='lat' dir='ltr'>(li),</span> <span class='ocrx_word' id='word_1_253' title='bbox 1019 2845 1071 2897; x_wconf 90' lang='lat' dir='ltr'>S.</span> <span class='ocrx_word' id='word_1_254' title='bbox 1098 2844 1188 2914; x_wconf 76' lang='lat' dir='ltr'>Cy-</span> 
     </span>
     <span class='ocr_line' id='line_1_39' title="bbox 195 2915 1188 2989; baseline 0.005 -23"><span class='ocrx_word' id='word_1_255' title='bbox 195 2915 340 2967; x_wconf 80' lang='lat' dir='ltr'>rillus</span> <span class='ocrx_word' id='word_1_256' title='bbox 361 2916 502 2970; x_wconf 76' lang='lat' dir='ltr'>Alcae.</span> <span class='ocrx_word' id='word_1_257' title='bbox 521 2917 616 2989; x_wconf 70' lang='grc' dir='ltr'>(ὅ).</span> <span class='ocrx_word' id='word_1_258' title='bbox 633 2919 837 2970; x_wconf 90' lang='lat' dir='ltr'>-ldem</span> <span class='ocrx_word' id='word_1_259' title='bbox 865 2918 1049 2984; x_wconf 84' lang='lat' dir='ltr'>dogma</span> <span class='ocrx_word' id='word_1_260' title='bbox 1075 2935 1188 2986; x_wconf 91' lang='lat' dir='ltr'>pro-</span> 
     </span>
     <span class='ocr_line' id='line_1_40' title="bbox 195 2989 1187 3060; baseline 0.004 -21"><span class='ocrx_word' id='word_1_261' title='bbox 195 2989 347 3040; x_wconf 88' lang='lat' dir='ltr'>batur</span> <span class='ocrx_word' id='word_1_262' title='bbox 375 3005 433 3041; x_wconf 85' lang='lat' dir='ltr'>ex</span> <span class='ocrx_word' id='word_1_263' title='bbox 466 3007 544 3050; x_wconf 87' lang='lat' dir='ltr'>eo,</span> <span class='ocrx_word' id='word_1_264' title='bbox 576 2993 694 3060; x_wconf 91' lang='lat' dir='ltr'>quia</span> <span class='ocrx_word' id='word_1_265' title='bbox 719 2992 939 3059; x_wconf 88' lang='lat' dir='ltr'>Spiritus</span> <span class='ocrx_word' id='word_1_266' title='bbox 966 2994 1187 3044; x_wconf 86' lang='lat' dir='ltr'>Sanctus</span> 
     </span>
     <span class='ocr_line' id='line_1_41' title="bbox 195 3060 1187 3129; baseline 0.004 -16"><span class='ocrx_word' id='word_1_267' title='bbox 195 3060 418 3129; x_wconf 86' lang='lat' dir='ltr'>Spiritus</span> <span class='ocrx_word' id='word_1_268' title='bbox 446 3062 554 3115; x_wconf 89' lang='lat' dir='ltr'>Filii</span> <span class='ocrx_word' id='word_1_269' title='bbox 597 3073 831 3118; x_wconf 89' lang='lat' dir='ltr'>vocatur.</span> <span class='ocrx_word' id='word_1_270' title='bbox 878 3065 1017 3119; x_wconf 84' lang='lat' dir='ltr'>Misi!</span> <span class='ocrx_word' id='word_1_271' title='bbox 1057 3066 1187 3118; x_wconf 79' lang='lat' dir='ltr'>Deus</span> 
     </span>
     <span class='ocr_line' id='line_1_42' title="bbox 195 3133 1187 3204; baseline 0.005 -17"><span class='ocrx_word' id='word_1_272' title='bbox 195 3133 435 3204; x_wconf 80' lang='lat' dir='ltr'>Spiritum</span> <span class='ocrx_word' id='word_1_273' title='bbox 489 3136 608 3189; x_wconf 81' lang='lat' dir='ltr'>Filii</span> <span class='ocrx_word' id='word_1_274' title='bbox 658 3140 738 3191; x_wconf 83' lang='lat' dir='ltr'>sai</span> <span class='ocrx_word' id='word_1_275' title='bbox 794 3141 847 3191; x_wconf 83' lang='lat' dir='ltr'>in</span> <span class='ocrx_word' id='word_1_276' title='bbox 902 3139 1048 3191; x_wconf 79' lang='lat' dir='ltr'>corda</span> <span class='ocrx_word' id='word_1_277' title='bbox 1112 3155 1187 3192; x_wconf 83' lang='lat' dir='ltr'>ve-</span> 
     </span>
    </p>
   </div>
   <div class='ocr_carea' id='block_1_5' title="bbox 257 3281 1176 3444">
    <p class='ocr_par' dir='ltr' id='par_1_5' title="bbox 257 3281 1176 3400">
     <span class='ocr_line' id='line_1_43' title="bbox 773 3281 1176 3326; baseline 0 -10"><span class='ocrx_word' id='word_1_278' title='bbox 773 3281 821 3325; x_wconf 61' lang='lat'>(2)</span> <span class='ocrx_word' id='word_1_279' title='bbox 848 3282 886 3315; x_wconf 90' lang='lat' dir='ltr'>L.</span> <span class='ocrx_word' id='word_1_280' title='bbox 913 3282 934 3317; x_wconf 82' lang='lat'><strong>2</strong></span> <span class='ocrx_word' id='word_1_281' title='bbox 956 3283 1000 3318; x_wconf 86' lang='lat' dir='ltr'>de</span> <span class='ocrx_word' id='word_1_282' title='bbox 1024 3281 1118 3326; x_wconf 86' lang='lat' dir='ltr'>Spir.</span> <span class='ocrx_word' id='word_1_283' title='bbox 1143 3282 1176 3317; x_wconf 93' lang='lat' dir='ltr'>S.</span> 
     </span>
     <span class='ocr_line' id='line_1_44' title="bbox 258 3320 729 3358; baseline 0.002 -3"><span class='ocrx_word' id='word_1_284' title='bbox 258 3322 280 3356; x_wconf 76' lang='lat'><strong>8</strong></span> <span class='ocrx_word' id='word_1_285' title='bbox 319 3321 359 3356; x_wconf 85' lang='lat' dir='ltr'>L.</span> <span class='ocrx_word' id='word_1_286' title='bbox 383 3320 405 3355; x_wconf 91' lang='lat'><strong>8</strong></span> <span class='ocrx_word' id='word_1_287' title='bbox 426 3322 471 3356; x_wconf 86' lang='lat' dir='ltr'>de</span> <span class='ocrx_word' id='word_1_288' title='bbox 492 3322 594 3356; x_wconf 88' lang='lat' dir='ltr'>Trin.</span> <span class='ocrx_word' id='word_1_289' title='bbox 618 3332 639 3356; x_wconf 71' lang='lat' dir='ltr'>e</span> <span class='ocrx_word' id='word_1_290' title='bbox 677 3323 729 3358; x_wconf 74' lang='lat'>20.</span> 
     </span>
     <span class='ocr_line' id='line_1_45' title="bbox 257 3365 658 3400; baseline 0 0"><span class='ocrx_word' id='word_1_291' title='bbox 257 3365 279 3400; x_wconf 79' lang='lat'>4</span> <span class='ocrx_word' id='word_1_292' title='bbox 318 3367 359 3399; x_wconf 91' lang='lat' dir='ltr'>ln</span> <span class='ocrx_word' id='word_1_293' title='bbox 384 3367 513 3400; x_wconf 81' lang='lat' dir='ltr'>Ancor.</span> <span class='ocrx_word' id='word_1_294' title='bbox 542 3374 578 3400; x_wconf 91' lang='lat' dir='ltr'>n.</span> <span class='ocrx_word' id='word_1_295' title='bbox 606 3366 658 3400; x_wconf 84' lang='lat'>67.</span> 
     </span>
    </p>

    <p class='ocr_par' dir='ltr' id='par_1_6' title="bbox 259 3409 542 3444">
     <span class='ocr_line' id='line_1_46' title="bbox 259 3409 542 3444; baseline -0.004 0"><span class='ocrx_word' id='word_1_296' title='bbox 259 3409 280 3444; x_wconf 69' lang='lat'><strong>5</strong></span> <span class='ocrx_word' id='word_1_297' title='bbox 320 3409 361 3444; x_wconf 93' lang='lat' dir='ltr'>L.</span> <span class='ocrx_word' id='word_1_298' title='bbox 385 3409 407 3443; x_wconf 73' lang='grc' dir='ltr'><strong>Ξ</strong></span> <span class='ocrx_word' id='word_1_299' title='bbox 429 3409 466 3443; x_wconf 92' lang='lat' dir='ltr'>in</span> <span class='ocrx_word' id='word_1_300' title='bbox 492 3410 542 3443; x_wconf 89' lang='lat'>10.</span> 
     </span>
    </p>
   </div>
   <div class='ocr_carea' id='block_1_6' title="bbox 241 3276 637 3498">
    <p class='ocr_par' dir='ltr' id='par_1_7' title="bbox 241 3276 637 3498">
     <span class='ocr_line' id='line_1_47' title="bbox 241 3276 526 3454; baseline -0.011 -140"><span class='ocrx_word' id='word_1_301' title='bbox 241 3276 292 3454; x_wconf 59' lang='grc' dir='ltr'>ΞΗ</span> <span class='ocrx_word' id='word_1_302' title='bbox 316 3278 368 3313; x_wconf 91' lang='lat' dir='ltr'>Io.</span> <span class='ocrx_word' id='word_1_303' title='bbox 393 3276 448 3319; x_wconf 82' lang='lat'>17,</span> <span class='ocrx_word' id='word_1_304' title='bbox 474 3276 526 3312; x_wconf 87' lang='grc'>10.</span> 
     </span>
     <span class='ocr_line' id='line_1_48' title="bbox 244 3451 637 3498; baseline -0.003 -10"><span class='ocrx_word' id='word_1_305' title='bbox 244 3452 298 3498; x_wconf 75' lang='grc' dir='ltr'>(Ἴ)</span> <span class='ocrx_word' id='word_1_306' title='bbox 318 3453 436 3488; x_wconf 77' lang='lat' dir='ltr'>Tract.</span> <span class='ocrx_word' id='word_1_307' title='bbox 461 3451 506 3487; x_wconf 71' lang='grc'>99</span> <span class='ocrx_word' id='word_1_308' title='bbox 528 3453 563 3488; x_wconf 90' lang='lat' dir='ltr'>in</span> <span class='ocrx_word' id='word_1_309' title='bbox 587 3453 637 3489; x_wconf 87' lang='lat' dir='ltr'>Io.</span> 
     </span>
    </p>
   </div>
   <div class='ocr_carea' id='block_1_7' title="bbox 827 3411 1123 3501">
    <p class='ocr_par' dir='ltr' id='par_1_8' title="bbox 827 3411 1123 3501">
     <span class='ocr_line' id='line_1_49' title="bbox 827 3411 1091 3454; baseline -0.004 -8"><span class='ocrx_word' id='word_1_310' title='bbox 827 3411 876 3454; x_wconf 76' lang='lat'>(6)</span> <span class='ocrx_word' id='word_1_311' title='bbox 903 3413 980 3447; x_wconf 86' lang='lat' dir='ltr'>Gal.</span> <span class='ocrx_word' id='word_1_312' title='bbox 1005 3413 1040 3454; x_wconf 82' lang='grc'>4,</span> <span class='ocrx_word' id='word_1_313' title='bbox 1057 3413 1091 3448; x_wconf 78' lang='grc'>6.</span> 
     </span>
     <span class='ocr_line' id='line_1_50' title="bbox 834 3454 1123 3501; baseline 0.017 -12"><span class='ocrx_word' id='word_1_314' title='bbox 834 3454 885 3500; x_wconf 83' lang='grc'>(8)</span> <span class='ocrx_word' id='word_1_315' title='bbox 911 3457 962 3493; x_wconf 90' lang='lat'>10.</span> <span class='ocrx_word' id='word_1_316' title='bbox 988 3456 1044 3501; x_wconf 76' lang='lat'>15,</span> <span class='ocrx_word' id='word_1_317' title='bbox 1066 3456 1123 3494; x_wconf 72' lang='lat'>28.</span> 
     </span>
    </p>
   </div>
   <div class='ocr_carea' id='block_1_8' title="bbox 1251 707 2246 1147">
    <p class='ocr_par' dir='ltr' id='par_1_9' title="bbox 1251 707 2246 1147">
     <span class='ocr_line' id='line_1_51' title="bbox 1254 707 2246 776; baseline 0.004 -17"><span class='ocrx_word' id='word_1_318' title='bbox 1254 724 1353 776; x_wconf 91' lang='lat' dir='ltr'>que</span> <span class='ocrx_word' id='word_1_319' title='bbox 1381 709 1488 774; x_wconf 85' lang='lat' dir='ltr'>ipse</span> <span class='ocrx_word' id='word_1_320' title='bbox 1516 708 1581 759; x_wconf 90' lang='lat' dir='ltr'>sit</span> <span class='ocrx_word' id='word_1_321' title='bbox 1609 707 1861 775; x_wconf 72' lang='lat' dir='ltr'>Spiritus?</span> <span class='ocrx_word' id='word_1_322' title='bbox 1893 729 1916 757; x_wconf 74' lang='grc' dir='ltr'><strong>υ</strong></span> <span class='ocrx_word' id='word_1_323' title='bbox 1950 738 2016 747; x_wconf 89' lang='grc'><strong>-</strong></span> <span class='ocrx_word' id='word_1_324' title='bbox 2041 708 2246 763; x_wconf 87' lang='lat' dir='ltr'>Praete-</span> 
     </span>
     <span class='ocr_line' id='line_1_52' title="bbox 1255 781 2245 849; baseline 0.004 -16"><span class='ocrx_word' id='word_1_325' title='bbox 1255 797 1342 834; x_wconf 90' lang='lat' dir='ltr'>rea</span> <span class='ocrx_word' id='word_1_326' title='bbox 1371 782 1592 849; x_wconf 86' lang='lat' dir='ltr'>Spiritus</span> <span class='ocrx_word' id='word_1_327' title='bbox 1619 781 1839 834; x_wconf 86' lang='lat' dir='ltr'>Sanctus</span> <span class='ocrx_word' id='word_1_328' title='bbox 1878 781 2066 834; x_wconf 89' lang='lat' dir='ltr'>dicitur</span> <span class='ocrx_word' id='word_1_329' title='bbox 2111 785 2245 837; x_wconf 89' lang='lat' dir='ltr'>mitti</span> 
     </span>
     <span class='ocr_line' id='line_1_53' title="bbox 1252 855 2245 923; baseline 0.004 -17"><span class='ocrx_word' id='word_1_330' title='bbox 1252 872 1279 906; x_wconf 89' lang='lat' dir='ltr'>a</span> <span class='ocrx_word' id='word_1_331' title='bbox 1310 855 1480 918; x_wconf 89' lang='lat' dir='ltr'>Patre,</span> <span class='ocrx_word' id='word_1_332' title='bbox 1512 857 1628 923; x_wconf 89' lang='lat' dir='ltr'>quia</span> <span class='ocrx_word' id='word_1_333' title='bbox 1659 856 1853 923; x_wconf 89' lang='lat' dir='ltr'>abipso</span> <span class='ocrx_word' id='word_1_334' title='bbox 1876 856 2122 923; x_wconf 86' lang='lat' dir='ltr'>procedit:</span> <span class='ocrx_word' id='word_1_335' title='bbox 2155 858 2245 910; x_wconf 87' lang='lat' dir='ltr'>sed</span> 
     </span>
     <span class='ocr_line' id='line_1_54' title="bbox 1252 928 2244 997; baseline 0.003 -16"><span class='ocrx_word' id='word_1_336' title='bbox 1252 928 1472 997; x_wconf 85' lang='lat' dir='ltr'>Spiritus</span> <span class='ocrx_word' id='word_1_337' title='bbox 1529 929 1749 981; x_wconf 89' lang='lat' dir='ltr'>Sanctus</span> <span class='ocrx_word' id='word_1_338' title='bbox 1810 930 1963 981; x_wconf 90' lang='lat' dir='ltr'>etiam</span> <span class='ocrx_word' id='word_1_339' title='bbox 2022 947 2052 982; x_wconf 90' lang='lat' dir='ltr'>a</span> <span class='ocrx_word' id='word_1_340' title='bbox 2116 930 2244 984; x_wconf 90' lang='lat' dir='ltr'>Filio</span> 
     </span>
     <span class='ocr_line' id='line_1_55' title="bbox 1254 1002 2240 1067; baseline 0.003 -13"><span class='ocrx_word' id='word_1_341' title='bbox 1254 1005 1382 1055; x_wconf 86' lang='lat' dir='ltr'>mitti</span> <span class='ocrx_word' id='word_1_342' title='bbox 1426 1003 1650 1067; x_wconf 70' lang='lat' dir='ltr'>dicitur:</span> <span class='ocrx_word' id='word_1_343' title='bbox 1696 1019 1815 1055; x_wconf 90' lang='lat' dir='ltr'>nam</span> <span class='ocrx_word' id='word_1_344' title='bbox 1861 1002 2095 1061; x_wconf 83' lang='lat' dir='ltr'>Christus</span> <span class='ocrx_word' id='word_1_345' title='bbox 2138 1005 2240 1057; x_wconf 90' lang='lat' dir='ltr'>ait:</span> 
     </span>
     <span class='ocr_line' id='line_1_56' title="bbox 1251 1075 2244 1147; baseline 0.003 -20"><span class='ocrx_word' id='word_1_346' title='bbox 1251 1077 1357 1143; x_wconf 75' lang='lat' dir='ltr'>qu</span> <span class='ocrx_word' id='word_1_347' title='bbox 1397 1079 1590 1128; x_wconf 79' lang='lat' dir='ltr'>mittam</span> <span class='ocrx_word' id='word_1_348' title='bbox 1618 1076 1741 1130; x_wconf 73' lang='lat' dir='ltr'>vobis</span> <span class='ocrx_word' id='word_1_349' title='bbox 1767 1093 1796 1128; x_wconf 91' lang='lat' dir='ltr'>a</span> <span class='ocrx_word' id='word_1_350' title='bbox 1823 1075 1974 1128; x_wconf 82' lang='lat' dir='ltr'>Patre</span> <span class='ocrx_word' id='word_1_351' title='bbox 1999 1076 2244 1147; x_wconf 79' lang='lat' dir='ltr'>Spiritum</span> 
     </span>
    </p>
   </div>
   <div class='ocr_carea' id='block_1_9' title="bbox 1252 1150 2332 1220">
    <p class='ocr_par' dir='ltr' id='par_1_10' title="bbox 1252 1150 2332 1220">
     <span class='ocr_line' id='line_1_57' title="bbox 1252 1150 2332 1220; baseline 0.003 -19"><span class='ocrx_word' id='word_1_352' title='bbox 1252 1152 1466 1202; x_wconf 71' lang='lat' dir='ltr'>veritatis</span> <span class='ocrx_word' id='word_1_353' title='bbox 1489 1150 1587 1220; x_wconf 85' lang='lat'>(8);</span> <span class='ocrx_word' id='word_1_354' title='bbox 1631 1158 1701 1202; x_wconf 90' lang='lat' dir='ltr'>et:</span> <span class='ocrx_word' id='word_1_355' title='bbox 1744 1150 1800 1203; x_wconf 89' lang='lat' dir='ltr'>Si</span> <span class='ocrx_word' id='word_1_356' title='bbox 1839 1150 2022 1211; x_wconf 74' lang='lat' dir='ltr'>abiem,</span> <span class='ocrx_word' id='word_1_357' title='bbox 2053 1152 2244 1204; x_wconf 75' lang='lat' dir='ltr'>millam</span> <span class='ocrx_word' id='word_1_358' title='bbox 2328 1178 2332 1181; x_wconf 98' lang='lat'>·</span> 
     </span>
    </p>
   </div>
   <div class='ocr_carea' id='block_1_10' title="bbox 1246 1222 2306 3193">
    <p class='ocr_par' dir='ltr' id='par_1_11' title="bbox 1249 1222 2242 1294">
     <span class='ocr_line' id='line_1_58' title="bbox 1249 1222 2242 1294; baseline 0.003 -19"><span class='ocrx_word' id='word_1_359' title='bbox 1249 1241 1358 1276; x_wconf 78' lang='lat' dir='ltr'>cum</span> <span class='ocrx_word' id='word_1_360' title='bbox 1388 1222 1743 1294; x_wconf 78' lang='lat' dir='ltr'>(paraclitum)</span> <span class='ocrx_word' id='word_1_361' title='bbox 1772 1225 1833 1276; x_wconf 84' lang='lat' dir='ltr'>ad</span> <span class='ocrx_word' id='word_1_362' title='bbox 1859 1241 1939 1276; x_wconf 84' lang='lat' dir='ltr'>vos</span> <span class='ocrx_word' id='word_1_363' title='bbox 1969 1222 2066 1294; x_wconf 78' lang='lat'>(9).</span> <span class='ocrx_word' id='word_1_364' title='bbox 2111 1224 2242 1278; x_wconf 88' lang='lat' dir='ltr'>Cum</span> 
     </span>
    </p>

    <p class='ocr_par' dir='ltr' id='par_1_12' title="bbox 1250 1298 2242 1352">
     <span class='ocr_line' id='line_1_59' title="bbox 1250 1298 2242 1352; baseline 0.003 -3"><span class='ocrx_word' id='word_1_365' title='bbox 1250 1305 1423 1350; x_wconf 89' lang='lat' dir='ltr'>autem</span> <span class='ocrx_word' id='word_1_366' title='bbox 1451 1299 1623 1350; x_wconf 87' lang='lat' dir='ltr'>missio</span> <span class='ocrx_word' id='word_1_367' title='bbox 1652 1300 1701 1350; x_wconf 92' lang='lat' dir='ltr'>in</span> <span class='ocrx_word' id='word_1_368' title='bbox 1723 1298 1911 1350; x_wconf 88' lang='lat' dir='ltr'>divinis</span> <span class='ocrx_word' id='word_1_369' title='bbox 1934 1315 2033 1350; x_wconf 93' lang='lat' dir='ltr'>non</span> <span class='ocrx_word' id='word_1_370' title='bbox 2059 1299 2125 1351; x_wconf 87' lang='lat' dir='ltr'>sit</span> <span class='ocrx_word' id='word_1_371' title='bbox 2145 1300 2242 1352; x_wconf 86' lang='lat' dir='ltr'>nisi</span> 
     </span>
    </p>

    <p class='ocr_par' dir='ltr' id='par_1_13' title="bbox 1248 1372 2245 1588">
     <span class='ocr_line' id='line_1_60' title="bbox 1249 1372 2245 1442; baseline 0.002 -18"><span class='ocrx_word' id='word_1_372' title='bbox 1249 1372 1644 1424; x_wconf 88' lang='lat' dir='ltr'>communicatio</span> <span class='ocrx_word' id='word_1_373' title='bbox 1674 1373 1948 1435; x_wconf 82' lang='lat' dir='ltr'>essentiae3</span> <span class='ocrx_word' id='word_1_374' title='bbox 1981 1388 2104 1441; x_wconf 86' lang='lat' dir='ltr'>ergo</span> <span class='ocrx_word' id='word_1_375' title='bbox 2132 1373 2245 1442; x_wconf 85' lang='lat' dir='ltr'>Spi-</span> 
     </span>
     <span class='ocr_line' id='line_1_61' title="bbox 1250 1445 2244 1508; baseline 0.003 -11"><span class='ocrx_word' id='word_1_376' title='bbox 1250 1447 1377 1498; x_wconf 86' lang='lat' dir='ltr'>ritus</span> <span class='ocrx_word' id='word_1_377' title='bbox 1404 1446 1623 1498; x_wconf 90' lang='lat' dir='ltr'>Sanctus</span> <span class='ocrx_word' id='word_1_378' title='bbox 1649 1446 1783 1498; x_wconf 91' lang='lat' dir='ltr'>sicut</span> <span class='ocrx_word' id='word_1_379' title='bbox 1810 1462 1841 1497; x_wconf 91' lang='lat' dir='ltr'>a</span> <span class='ocrx_word' id='word_1_380' title='bbox 1869 1445 2039 1508; x_wconf 88' lang='lat' dir='ltr'>Patre,</span> <span class='ocrx_word' id='word_1_381' title='bbox 2085 1447 2152 1499; x_wconf 88' lang='lat' dir='ltr'>ita</span> <span class='ocrx_word' id='word_1_382' title='bbox 2191 1454 2244 1500; x_wconf 87' lang='lat' dir='ltr'>et</span> 
     </span>
     <span class='ocr_line' id='line_1_62' title="bbox 1248 1519 2235 1588; baseline 0.002 -18"><span class='ocrx_word' id='word_1_383' title='bbox 1248 1537 1275 1570; x_wconf 91' lang='lat' dir='ltr'>a</span> <span class='ocrx_word' id='word_1_384' title='bbox 1318 1519 1443 1571; x_wconf 90' lang='lat' dir='ltr'>Filio</span> <span class='ocrx_word' id='word_1_385' title='bbox 1472 1519 1720 1587; x_wconf 85' lang='lat' dir='ltr'>procedit.</span> <span class='ocrx_word' id='word_1_386' title='bbox 1751 1519 1983 1588; x_wconf 91' lang='lat' dir='ltr'>Denique</span> <span class='ocrx_word' id='word_1_387' title='bbox 2024 1519 2096 1572; x_wconf 88' lang='lat'>10.</span> <span class='ocrx_word' id='word_1_388' title='bbox 2141 1521 2235 1583; x_wconf 59' lang='lat'><strong>⁹20,</strong></span> 
     </span>
    </p>

    <p class='ocr_par' dir='ltr' id='par_1_14' title="bbox 1247 1592 2245 1735">
     <span class='ocr_line' id='line_1_63' title="bbox 1249 1592 2245 1660; baseline 0 -17"><span class='ocrx_word' id='word_1_389' title='bbox 1249 1594 1338 1654; x_wconf 62' lang='grc' dir='ltr'>Ἦ,</span> <span class='ocrx_word' id='word_1_390' title='bbox 1372 1593 1559 1660; x_wconf 84' lang='lat' dir='ltr'>legitur</span> <span class='ocrx_word' id='word_1_391' title='bbox 1586 1593 1649 1645; x_wconf 92' lang='lat' dir='ltr'>de</span> <span class='ocrx_word' id='word_1_392' title='bbox 1688 1592 1910 1646; x_wconf 87' lang='lat' dir='ltr'>Christo:</span> <span class='ocrx_word' id='word_1_393' title='bbox 1954 1593 2089 1645; x_wconf 83' lang='lat' dir='ltr'>Haec</span> <span class='ocrx_word' id='word_1_394' title='bbox 2127 1609 2245 1646; x_wconf 77' lang='lat' dir='ltr'>cum.</span> 
     </span>
     <span class='ocr_line' id='line_1_64' title="bbox 1247 1667 2239 1735; baseline 0.002 -17"><span class='ocrx_word' id='word_1_395' title='bbox 1247 1668 1449 1719; x_wconf 73' lang='lat' dir='ltr'>dimisset</span> <span class='ocrx_word' id='word_1_396' title='bbox 1475 1708 1487 1728; x_wconf 84' lang='lat'>,</span> <span class='ocrx_word' id='word_1_397' title='bbox 1530 1667 1835 1735; x_wconf 78' lang='lat' dir='ltr'>insufflavit,</span> <span class='ocrx_word' id='word_1_398' title='bbox 1884 1675 1928 1718; x_wconf 84' lang='lat' dir='ltr'>ct</span> <span class='ocrx_word' id='word_1_399' title='bbox 1967 1668 2097 1720; x_wconf 72' lang='lat' dir='ltr'>dimit</span> <span class='ocrx_word' id='word_1_400' title='bbox 2134 1668 2239 1721; x_wconf 83' lang='lat' dir='ltr'>cis:</span> 
     </span>
    </p>

    <p class='ocr_par' dir='ltr' id='par_1_15' title="bbox 1247 1739 2238 1809">
     <span class='ocr_line' id='line_1_65' title="bbox 1247 1739 2238 1809; baseline 0 -16"><span class='ocrx_word' id='word_1_401' title='bbox 1247 1739 1456 1809; x_wconf 79' lang='lat' dir='ltr'>Accipite</span> <span class='ocrx_word' id='word_1_402' title='bbox 1492 1739 1734 1808; x_wconf 83' lang='lat' dir='ltr'>Spiritum</span> <span class='ocrx_word' id='word_1_403' title='bbox 1770 1739 2005 1792; x_wconf 82' lang='lat' dir='ltr'>Sanctam</span> <span class='ocrx_word' id='word_1_404' title='bbox 2029 1748 2155 1805; x_wconf 86' lang='lat' dir='ltr'>etc.;</span> <span class='ocrx_word' id='word_1_405' title='bbox 2186 1743 2238 1794; x_wconf 92' lang='lat' dir='ltr'>in</span> 
     </span>
    </p>

    <p class='ocr_par' dir='ltr' id='par_1_16' title="bbox 1247 1812 2240 1885">
     <span class='ocr_line' id='line_1_66' title="bbox 1247 1812 2240 1885; baseline 0.002 -20"><span class='ocrx_word' id='word_1_406' title='bbox 1247 1831 1376 1882; x_wconf 89' lang='lat' dir='ltr'>quae</span> <span class='ocrx_word' id='word_1_407' title='bbox 1407 1815 1564 1866; x_wconf 90' lang='lat' dir='ltr'>verba</span> <span class='ocrx_word' id='word_1_408' title='bbox 1585 1813 1639 1868; x_wconf 88' lang='lat' dir='ltr'>S.</span> <span class='ocrx_word' id='word_1_409' title='bbox 1657 1812 2088 1885; x_wconf 75' lang='lat' dir='ltr'>Aayustinus(10)</span> <span class='ocrx_word' id='word_1_410' title='bbox 2116 1817 2240 1867; x_wconf 90' lang='lat' dir='ltr'>scri-</span> 
     </span>
    </p>

    <p class='ocr_par' dir='ltr' id='par_1_17' title="bbox 1248 1886 2240 1955">
     <span class='ocr_line' id='line_1_67' title="bbox 1248 1886 2240 1955; baseline 0.001 -15"><span class='ocrx_word' id='word_1_411' title='bbox 1248 1888 1340 1940; x_wconf 86' lang='lat' dir='ltr'>bit:</span> <span class='ocrx_word' id='word_1_412' title='bbox 1389 1907 1414 1935; x_wconf 86' lang='lat'>«</span> <span class='ocrx_word' id='word_1_413' title='bbox 1444 1886 1618 1955; x_wconf 91' lang='lat' dir='ltr'>Neque</span> <span class='ocrx_word' id='word_1_414' title='bbox 1645 1890 1780 1939; x_wconf 90' lang='lat' dir='ltr'>enim</span> <span class='ocrx_word' id='word_1_415' title='bbox 1822 1888 1974 1939; x_wconf 86' lang='lat' dir='ltr'>ssatus</span> <span class='ocrx_word' id='word_1_416' title='bbox 2014 1888 2100 1941; x_wconf 93' lang='lat' dir='ltr'>ille</span> <span class='ocrx_word' id='word_1_417' title='bbox 2127 1905 2240 1941; x_wconf 90' lang='lat' dir='ltr'>cor-</span> 
     </span>
    </p>

    <p class='ocr_par' dir='ltr' id='par_1_18' title="bbox 1249 1960 2239 2029">
     <span class='ocr_line' id='line_1_68' title="bbox 1249 1960 2239 2029; baseline 0.002 -16"><span class='ocrx_word' id='word_1_418' title='bbox 1249 1977 1433 2028; x_wconf 85' lang='lat' dir='ltr'>poreus</span> <span class='ocrx_word' id='word_1_419' title='bbox 1468 1962 1756 2014; x_wconf 86' lang='lat' dir='ltr'>substantia</span> <span class='ocrx_word' id='word_1_420' title='bbox 1800 1960 2021 2029; x_wconf 85' lang='lat' dir='ltr'>Spiritus</span> <span class='ocrx_word' id='word_1_421' title='bbox 2060 1962 2239 2016; x_wconf 88' lang='lat' dir='ltr'>Sancti</span> 
     </span>
    </p>

    <p class='ocr_par' dir='ltr' id='par_1_19' title="bbox 1246 2035 2243 2175">
     <span class='ocr_line' id='line_1_69' title="bbox 1248 2035 2243 2103; baseline -0.001 -16"><span class='ocrx_word' id='word_1_422' title='bbox 1248 2036 1371 2096; x_wconf 81' lang='lat' dir='ltr'>fuit,</span> <span class='ocrx_word' id='word_1_423' title='bbox 1421 2035 1511 2087; x_wconf 90' lang='lat' dir='ltr'>sed</span> <span class='ocrx_word' id='word_1_424' title='bbox 1564 2036 1931 2088; x_wconf 81' lang='lat' dir='ltr'>demonstratio</span> <span class='ocrx_word' id='word_1_425' title='bbox 1979 2051 2069 2103; x_wconf 86' lang='lat' dir='ltr'>per</span> <span class='ocrx_word' id='word_1_426' title='bbox 2116 2053 2243 2089; x_wconf 62' lang='lat' dir='ltr'>con-</span> 
     </span>
     <span class='ocr_line' id='line_1_70' title="bbox 1246 2109 2238 2175; baseline 0.002 -15"><span class='ocrx_word' id='word_1_427' title='bbox 1246 2125 1428 2175; x_wconf 82' lang='lat' dir='ltr'>gruam</span> <span class='ocrx_word' id='word_1_428' title='bbox 1443 2109 1892 2175; x_wconf 81' lang='lat' dir='ltr'>significationem,</span> <span class='ocrx_word' id='word_1_429' title='bbox 1917 2125 2016 2162; x_wconf 93' lang='lat' dir='ltr'>non</span> <span class='ocrx_word' id='word_1_430' title='bbox 2034 2115 2238 2163; x_wconf 86' lang='lat' dir='ltr'>tantum</span> 
     </span>
    </p>

    <p class='ocr_par' dir='ltr' id='par_1_20' title="bbox 1247 2181 2239 2252">
     <span class='ocr_line' id='line_1_71' title="bbox 1247 2181 2239 2252; baseline 0 -17"><span class='ocrx_word' id='word_1_431' title='bbox 1247 2200 1274 2235; x_wconf 90' lang='lat' dir='ltr'>a</span> <span class='ocrx_word' id='word_1_432' title='bbox 1292 2183 1462 2243; x_wconf 87' lang='lat' dir='ltr'>Patre,</span> <span class='ocrx_word' id='word_1_433' title='bbox 1478 2183 1565 2234; x_wconf 93' lang='lat' dir='ltr'>sed</span> <span class='ocrx_word' id='word_1_434' title='bbox 1582 2189 1630 2235; x_wconf 85' lang='lat' dir='ltr'>et</span> <span class='ocrx_word' id='word_1_435' title='bbox 1646 2200 1672 2234; x_wconf 89' lang='lat' dir='ltr'>a</span> <span class='ocrx_word' id='word_1_436' title='bbox 1690 2181 1818 2235; x_wconf 88' lang='lat' dir='ltr'>Filio</span> <span class='ocrx_word' id='word_1_437' title='bbox 1833 2184 2110 2251; x_wconf 87' lang='lat' dir='ltr'>procedere</span> <span class='ocrx_word' id='word_1_438' title='bbox 2130 2185 2239 2252; x_wconf 90' lang='lat' dir='ltr'>Spi-</span> 
     </span>
    </p>

    <p class='ocr_par' dir='ltr' id='par_1_21' title="bbox 1249 2256 2237 2310">
     <span class='ocr_line' id='line_1_72' title="bbox 1249 2256 2237 2310; baseline 0.003 -3"><span class='ocrx_word' id='word_1_439' title='bbox 1249 2257 1402 2308; x_wconf 89' lang='lat' dir='ltr'>ritum</span> <span class='ocrx_word' id='word_1_440' title='bbox 1442 2256 1708 2308; x_wconf 88' lang='lat' dir='ltr'>Sanctum.</span> <span class='ocrx_word' id='word_1_441' title='bbox 1746 2277 1770 2305; x_wconf 88' lang='lat'>»</span> <span class='ocrx_word' id='word_1_442' title='bbox 1802 2257 1942 2309; x_wconf 89' lang='lat' dir='ltr'>Idem</span> <span class='ocrx_word' id='word_1_443' title='bbox 1983 2274 2050 2310; x_wconf 83' lang='lat' dir='ltr'>ex</span> <span class='ocrx_word' id='word_1_444' title='bbox 2082 2259 2237 2310; x_wconf 89' lang='lat' dir='ltr'>citato</span> 
     </span>
    </p>

    <p class='ocr_par' dir='ltr' id='par_1_22' title="bbox 1248 2328 2264 2475">
     <span class='ocr_line' id='line_1_73' title="bbox 1248 2328 2264 2402; baseline -0.001 -22"><span class='ocrx_word' id='word_1_445' title='bbox 1248 2330 1357 2381; x_wconf 88' lang='lat' dir='ltr'>loco</span> <span class='ocrx_word' id='word_1_446' title='bbox 1386 2328 2237 2402; x_wconf 71' lang='lat' dir='ltr'>inseruntS.CyrillasAle-oe.(l1),</span> <span class='ocrx_word' id='word_1_447' title='bbox 2260 2378 2264 2379; x_wconf 18' lang='lat'><em>⁷</em></span> 
     </span>
     <span class='ocr_line' id='line_1_74' title="bbox 1248 2401 2104 2475; baseline 0 -21"><span class='ocrx_word' id='word_1_448' title='bbox 1248 2401 1535 2455; x_wconf 77' lang='lat' dir='ltr'>Anastasius</span> <span class='ocrx_word' id='word_1_449' title='bbox 1563 2403 1748 2456; x_wconf 79' lang='lat' dir='ltr'>Sinait.</span> <span class='ocrx_word' id='word_1_450' title='bbox 1783 2403 1894 2475; x_wconf 65' lang='lat'>(12)</span> <span class='ocrx_word' id='word_1_451' title='bbox 1924 2411 1975 2456; x_wconf 84' lang='lat' dir='ltr'>ct</span> <span class='ocrx_word' id='word_1_452' title='bbox 2000 2405 2104 2456; x_wconf 90' lang='lat' dir='ltr'>alii.</span> 
     </span>
    </p>

    <p class='ocr_par' dir='ltr' id='par_1_23' title="bbox 1247 2475 2309 3219">
     <span class='ocr_line' id='line_1_75' title="bbox 1320 2475 2236 2530; baseline 0.002 -2"><span class='ocrx_word' id='word_1_453' title='bbox 1320 2480 1373 2528; x_wconf 75' lang='lat'>2.</span> <span class='ocrx_word' id='word_1_454' title='bbox 1419 2477 1495 2528; x_wconf 80' lang='lat' dir='ltr'>Ex</span> <span class='ocrx_word' id='word_1_455' title='bbox 1533 2477 1613 2528; x_wconf 86' lang='lat' dir='ltr'>Ss.</span> <span class='ocrx_word' id='word_1_456' title='bbox 1651 2478 1885 2529; x_wconf 84' lang='lat' dir='ltr'>Patribus</span> <span class='ocrx_word' id='word_1_457' title='bbox 1917 2475 1973 2529; x_wconf 82' lang='lat' dir='ltr'>S.</span> <span class='ocrx_word' id='word_1_458' title='bbox 2017 2475 2236 2530; x_wconf 81' lang='lat' dir='ltr'>Athana·</span> 
     </span>
     <span class='ocr_line' id='line_1_76' title="bbox 1247 2548 2238 2621; baseline 0.004 -21"><span class='ocrx_word' id='word_1_459' title='bbox 1247 2551 1349 2601; x_wconf 81' lang='lat' dir='ltr'>sius</span> <span class='ocrx_word' id='word_1_460' title='bbox 1375 2549 1460 2602; x_wconf 86' lang='lat' dir='ltr'>Or.</span> <span class='ocrx_word' id='word_1_461' title='bbox 1485 2565 1530 2603; x_wconf 84' lang='lat' dir='ltr'>c.</span> <span class='ocrx_word' id='word_1_462' title='bbox 1559 2550 1739 2601; x_wconf 87' lang='lat' dir='ltr'>Arian.</span> <span class='ocrx_word' id='word_1_463' title='bbox 1774 2548 1887 2621; x_wconf 69' lang='lat'>(43)</span> <span class='ocrx_word' id='word_1_464' title='bbox 1909 2551 1998 2602; x_wconf 87' lang='lat' dir='ltr'>ait:</span> <span class='ocrx_word' id='word_1_465' title='bbox 2030 2550 2238 2613; x_wconf 87' lang='lat' dir='ltr'>«Quae-</span> 
     </span>
     <span class='ocr_line' id='line_1_77' title="bbox 1248 2624 2298 2691; baseline 0.003 -17"><span class='ocrx_word' id='word_1_466' title='bbox 1248 2639 1450 2690; x_wconf 85' lang='lat' dir='ltr'>cunque</span> <span class='ocrx_word' id='word_1_467' title='bbox 1502 2624 1722 2691; x_wconf 56' lang='lat' dir='ltr'>spiritus</span> <span class='ocrx_word' id='word_1_468' title='bbox 1781 2625 1938 2677; x_wconf 86' lang='lat' dir='ltr'>habet</span> <span class='ocrx_word' id='word_1_469' title='bbox 1962 2664 1974 2684; x_wconf 92' lang='lat'>‚</span> <span class='ocrx_word' id='word_1_470' title='bbox 2043 2624 2169 2676; x_wconf 86' lang='lat' dir='ltr'>haec</span> <span class='ocrx_word' id='word_1_471' title='bbox 2208 2641 2240 2677; x_wconf 90' lang='lat' dir='ltr'>a</span> <span class='ocrx_word' id='word_1_472' title='bbox 2296 2658 2298 2660; x_wconf 31' lang='lat' dir='ltr'>v</span> 
     </span>
     <span class='ocr_line' id='line_1_78' title="bbox 1249 2696 2234 2750; baseline 0 0"><span class='ocrx_word' id='word_1_473' title='bbox 1249 2696 1416 2750; x_wconf 86' lang='lat' dir='ltr'>Verbo</span> <span class='ocrx_word' id='word_1_474' title='bbox 1469 2696 1640 2748; x_wconf 87' lang='lat' dir='ltr'>habet.</span> <span class='ocrx_word' id='word_1_475' title='bbox 1679 2716 1704 2744; x_wconf 85' lang='lat'>»</span> <span class='ocrx_word' id='word_1_476' title='bbox 1761 2696 1818 2748; x_wconf 90' lang='lat' dir='ltr'>ln</span> <span class='ocrx_word' id='word_1_477' title='bbox 1864 2697 2044 2749; x_wconf 90' lang='lat' dir='ltr'>eadem</span> <span class='ocrx_word' id='word_1_478' title='bbox 2089 2698 2234 2750; x_wconf 85' lang='lat' dir='ltr'>Orat.</span> 
     </span>
     <span class='ocr_line' id='line_1_79' title="bbox 1253 2769 2306 2839; baseline 0.007 -23"><span class='ocrx_word' id='word_1_479' title='bbox 1253 2790 1274 2817; x_wconf 86' lang='lat'>«</span> <span class='ocrx_word' id='word_1_480' title='bbox 1310 2769 1417 2822; x_wconf 86' lang='lat' dir='ltr'>Non</span> <span class='ocrx_word' id='word_1_481' title='bbox 1460 2770 1552 2822; x_wconf 87' lang='lat' dir='ltr'>tria</span> <span class='ocrx_word' id='word_1_482' title='bbox 1595 2770 1841 2838; x_wconf 88' lang='lat' dir='ltr'>principia</span> <span class='ocrx_word' id='word_1_483' title='bbox 1879 2778 1968 2824; x_wconf 88' lang='lat' dir='ltr'>aut</span> <span class='ocrx_word' id='word_1_484' title='bbox 2009 2778 2112 2823; x_wconf 89' lang='lat' dir='ltr'>tres</span> <span class='ocrx_word' id='word_1_485' title='bbox 2154 2787 2240 2839; x_wconf 90' lang='lat' dir='ltr'>pa·</span> <span class='ocrx_word' id='word_1_486' title='bbox 2294 2788 2306 2837; x_wconf 55' lang='lat' dir='ltr'><em>g</em></span> 
     </span>
     <span class='ocr_line' id='line_1_80' title="bbox 1251 2844 2240 2905; baseline 0.002 -11"><span class='ocrx_word' id='word_1_487' title='bbox 1251 2851 1354 2895; x_wconf 85' lang='lat' dir='ltr'>tres</span> <span class='ocrx_word' id='word_1_488' title='bbox 1381 2844 1775 2905; x_wconf 74' lang='lat' dir='ltr'>introdu‹·imuS‚</span> <span class='ocrx_word' id='word_1_489' title='bbox 1807 2845 1939 2898; x_wconf 91' lang='lat' dir='ltr'>sicut</span> <span class='ocrx_word' id='word_1_490' title='bbox 1967 2844 2240 2898; x_wconf 86' lang='lat' dir='ltr'>Marcioni-</span> 
     </span>
     <span class='ocr_line' id='line_1_81' title="bbox 1251 2918 2286 2987; baseline 0.004 -20"><span class='ocrx_word' id='word_1_491' title='bbox 1251 2925 1351 2977; x_wconf 85' lang='lat' dir='ltr'>tae,</span> <span class='ocrx_word' id='word_1_492' title='bbox 1381 2933 1497 2968; x_wconf 89' lang='lat' dir='ltr'>cum</span> <span class='ocrx_word' id='word_1_493' title='bbox 1528 2934 1627 2969; x_wconf 92' lang='lat' dir='ltr'>non</span> <span class='ocrx_word' id='word_1_494' title='bbox 1662 2926 1763 2970; x_wconf 85' lang='lat' dir='ltr'>tres</span> <span class='ocrx_word' id='word_1_495' title='bbox 1789 2918 1923 2971; x_wconf 91' lang='lat' dir='ltr'>soles</span> <span class='ocrx_word' id='word_1_496' title='bbox 1946 2919 2011 2970; x_wconf 89' lang='lat' dir='ltr'>ad</span> <span class='ocrx_word' id='word_1_497' title='bbox 2034 2934 2238 2987; x_wconf 88' lang='lat' dir='ltr'>compa·</span> <span class='ocrx_word' id='word_1_498' title='bbox 2284 2983 2286 2986; x_wconf 12' lang='lat' dir='ltr'>v</span> 
     </span>
     <span class='ocr_line' id='line_1_82' title="bbox 1249 2991 2296 3072; baseline 0.002 -30"><span class='ocrx_word' id='word_1_499' title='bbox 1249 2992 1498 3042; x_wconf 80' lang='lat' dir='ltr'>rationem</span> <span class='ocrx_word' id='word_1_500' title='bbox 1528 2991 1867 3052; x_wconf 86' lang='lat' dir='ltr'>adducamus,</span> <span class='ocrx_word' id='word_1_501' title='bbox 1911 2991 2001 3044; x_wconf 90' lang='lat' dir='ltr'>sed</span> <span class='ocrx_word' id='word_1_502' title='bbox 2030 2993 2242 3044; x_wconf 88' lang='lat' dir='ltr'>unicum</span> <span class='ocrx_word' id='word_1_503' title='bbox 2282 2992 2296 3072; x_wconf 41' lang='lat'>⁶,</span> 
     </span>
     <span class='ocr_line' id='line_1_83' title="bbox 1249 3064 2236 3133; baseline 0.003 -18"><span class='ocrx_word' id='word_1_504' title='bbox 1249 3064 1407 3116; x_wconf 89' lang='lat' dir='ltr'>solem</span> <span class='ocrx_word' id='word_1_505' title='bbox 1435 3065 1648 3133; x_wconf 87' lang='lat' dir='ltr'>eiusque</span> <span class='ocrx_word' id='word_1_506' title='bbox 1682 3066 2028 3132; x_wconf 84' lang='lat' dir='ltr'>splendorem,</span> <span class='ocrx_word' id='word_1_507' title='bbox 2049 3073 2101 3118; x_wconf 91' lang='lat' dir='ltr'>et</span> <span class='ocrx_word' id='word_1_508' title='bbox 2130 3065 2236 3118; x_wconf 91' lang='lat' dir='ltr'>uni·</span> 
     </span>
     <span class='ocr_line' id='line_1_84' title="bbox 1249 3139 2250 3193; baseline 0.001 -4"><span class='ocrx_word' id='word_1_509' title='bbox 1249 3153 1360 3190; x_wconf 89' lang='lat' dir='ltr'>cam</span> <span class='ocrx_word' id='word_1_510' title='bbox 1388 3153 1456 3189; x_wconf 84' lang='lat' dir='ltr'>ex</span> <span class='ocrx_word' id='word_1_511' title='bbox 1481 3140 1730 3192; x_wconf 89' lang='lat' dir='ltr'>ambobus</span> <span class='ocrx_word' id='word_1_512' title='bbox 1765 3139 1954 3193; x_wconf 91' lang='lat' dir='ltr'>lucem.</span> <span class='ocrx_word' id='word_1_513' title='bbox 1984 3159 2012 3190; x_wconf 89' lang='lat'>»</span> <span class='ocrx_word' id='word_1_514' title='bbox 2053 3139 2118 3192; x_wconf 88' lang='lat' dir='ltr'>Et</span> <span class='ocrx_word' id='word_1_515' title='bbox 2156 3139 2250 3192; x_wconf 75' lang='lat' dir='ltr'>ibi«.</span> 
     </span>
    </p>
   </div>
   <div class='ocr_carea' id='block_1_11' title="bbox 1294 3279 1842 3500">
    <p class='ocr_par' dir='ltr' id='par_1_24' title="bbox 1294 3279 1648 3368">
     <span class='ocr_line' id='line_1_85' title="bbox 1294 3279 1648 3368; baseline 0.006 -54"><span class='ocrx_word' id='word_1_516' title='bbox 1294 3279 1345 3368; x_wconf 47' lang='lat'>59)</span> <span class='ocrx_word' id='word_1_517' title='bbox 1369 3281 1422 3315; x_wconf 89' lang='lat' dir='ltr'>lb.</span> <span class='ocrx_word' id='word_1_518' title='bbox 1448 3289 1524 3324; x_wconf 87' lang='lat' dir='ltr'>cap.</span> <span class='ocrx_word' id='word_1_519' title='bbox 1538 3280 1594 3322; x_wconf 82' lang='lat'>16,</span> <span class='ocrx_word' id='word_1_520' title='bbox 1618 3281 1648 3316; x_wconf 77' lang='lat'>7.</span> 
     </span>
    </p>

    <p class='ocr_par' dir='ltr' id='par_1_25' title="bbox 1310 3324 1842 3500">
     <span class='ocr_line' id='line_1_86' title="bbox 1310 3324 1803 3368; baseline 0.004 -11"><span class='ocrx_word' id='word_1_521' title='bbox 1310 3324 1368 3368; x_wconf 85' lang='lat'>10)</span> <span class='ocrx_word' id='word_1_522' title='bbox 1391 3325 1427 3358; x_wconf 86' lang='lat' dir='ltr'>L.</span> <span class='ocrx_word' id='word_1_523' title='bbox 1453 3325 1475 3359; x_wconf 79' lang='lat'><strong>4</strong></span> <span class='ocrx_word' id='word_1_524' title='bbox 1497 3327 1541 3359; x_wconf 90' lang='lat' dir='ltr'>‹le</span> <span class='ocrx_word' id='word_1_525' title='bbox 1565 3327 1667 3360; x_wconf 86' lang='lat' dir='ltr'>Trin.</span> <span class='ocrx_word' id='word_1_526' title='bbox 1692 3336 1724 3360; x_wconf 85' lang='lat' dir='ltr'>c.</span> <span class='ocrx_word' id='word_1_527' title='bbox 1750 3327 1803 3361; x_wconf 75' lang='lat'>20.</span> 
     </span>
     <span class='ocr_line' id='line_1_87' title="bbox 1313 3367 1793 3412; baseline 0.006 -10"><span class='ocrx_word' id='word_1_528' title='bbox 1313 3367 1370 3412; x_wconf 90' lang='lat'>11)</span> <span class='ocrx_word' id='word_1_529' title='bbox 1397 3369 1432 3402; x_wconf 91' lang='lat' dir='ltr'>L.</span> <span class='ocrx_word' id='word_1_530' title='bbox 1458 3367 1480 3402; x_wconf 81' lang='grc'>9</span> <span class='ocrx_word' id='word_1_531' title='bbox 1503 3374 1539 3402; x_wconf 86' lang='lat' dir='ltr'>et</span> <span class='ocrx_word' id='word_1_532' title='bbox 1561 3369 1586 3403; x_wconf 91' lang='lat' dir='ltr'>l.</span> <span class='ocrx_word' id='word_1_533' title='bbox 1611 3369 1655 3404; x_wconf 76' lang='lat'>12</span> <span class='ocrx_word' id='word_1_534' title='bbox 1678 3370 1715 3404; x_wconf 90' lang='lat' dir='ltr'>in</span> <span class='ocrx_word' id='word_1_535' title='bbox 1742 3372 1793 3405; x_wconf 88' lang='lat'>10.</span> 
     </span>
     <span class='ocr_line' id='line_1_88' title="bbox 1313 3411 1842 3456; baseline 0.008 -11"><span class='ocrx_word' id='word_1_536' title='bbox 1313 3412 1368 3452; x_wconf 75' lang='lat'>12)</span> <span class='ocrx_word' id='word_1_537' title='bbox 1396 3411 1464 3446; x_wconf 90' lang='lat' dir='ltr'>L.1</span> <span class='ocrx_word' id='word_1_538' title='bbox 1490 3413 1533 3446; x_wconf 86' lang='lat' dir='ltr'>dc</span> <span class='ocrx_word' id='word_1_539' title='bbox 1550 3415 1661 3448; x_wconf 86' lang='lat' dir='ltr'>rectis</span> <span class='ocrx_word' id='word_1_540' title='bbox 1683 3416 1842 3456; x_wconf 83' lang='lat' dir='ltr'>dogmat.</span> 
     </span>
     <span class='ocr_line' id='line_1_89' title="bbox 1312 3455 1792 3500; baseline 0.006 -10"><span class='ocrx_word' id='word_1_541' title='bbox 1312 3455 1371 3498; x_wconf 79' lang='lat'>13)</span> <span class='ocrx_word' id='word_1_542' title='bbox 1396 3456 1458 3492; x_wconf 86' lang='lat' dir='ltr'>Or.</span> <span class='ocrx_word' id='word_1_543' title='bbox 1481 3455 1518 3495; x_wconf 75' lang='lat'>4.</span> <span class='ocrx_word' id='word_1_544' title='bbox 1541 3457 1587 3492; x_wconf 75' lang='lat' dir='ltr'>al.</span> <span class='ocrx_word' id='word_1_545' title='bbox 1613 3456 1647 3500; x_wconf 81' lang='lat'>3,</span> <span class='ocrx_word' id='word_1_546' title='bbox 1671 3466 1708 3492; x_wconf 89' lang='lat' dir='ltr'>n.</span> <span class='ocrx_word' id='word_1_547' title='bbox 1735 3456 1792 3494; x_wconf 71' lang='lat'>24.</span> 
     </span>
    </p>
   </div>
   <div class='ocr_carea' id='block_1_12' title="bbox 2225 3374 2332 3860">
    <p class='ocr_par' dir='ltr' id='par_1_26' title="bbox 2225 3374 2332 3860">
     <span class='ocr_line' id='line_1_90' title="bbox 2225 3374 2332 3860; baseline 0 0"><span class='ocrx_word' id='word_1_548' title='bbox 2225 3374 2332 3860; x_wconf 95' lang='lat' dir='ltr'> </span> 
     </span>
    </p>
   </div>
  </div>
 </body>
</html>
