2332 3860
0 148 110 232 ,5:75³
169 181 174 189 ·
216 199 218 201 >
655 182 773 221 mas
811 183 864 221 ιι.
906 166 1070 221 sam-io
1107 181 1146 221 r.
1187 180 1340 231 mur
1376 179 1443 219 iv.

4 233 279 326 ‘fixerint
278 262 551 320 licentiam
581 266 902 332 pronitatem
914 279 1034 318 con-

8 344 348 407 iwiv'erunt,
390 344 443 391 et
493 337 861 405 aripatorium,
915 338 1032 409 quia

11 416 164 498 *pum
202 419 388 467 natura
427 428 458 464 a
495 412 798 480 parentibus
834 412 900 466 ad
951 429 1036 482 po·

11 515 17 526 ·
36 478 209 549 meros
247 491 577 555 propagatur

60 559 172 614 ⁵²3.
214 558 503 628 Philosophi
554 575 755 629 quoque
811 574 1032 626 agnove-

14 642 204 697 «ποι,
262 633 523 687 hominem
582 634 645 685 ad
686 633 1030 685 moralitatem

8 675 295 778 imbligari,
338 715 390 760 et
427 708 492 760 ab
532 706 629 759 hac
668 723 758 775 per
796 706 1032 770 stimulos

10 834 19 838 ,
36 781 308 844 inferiores
347 788 399 834 et
425 781 743 834 inordinatas
769 784 1031 849 passiones

13 855 252 914 *retraht
271 856 407 908 Dum
433 861 608 908 autem
636 861 809 908 tantae
842 855 1030 907 inordi-

44 930 263 986 nationis
300 946 510 983 causam
549 929 812 998 assignare
842 928 1029 982 voluis-

45 1000 196 1074 ὂροῑ,
237 1005 441 1058 nonnisi
486 1004 704 1057 absonas
749 1004 1029 1056 sententias

12 1078 387 1150 {protulerunt
418 1077 658 1131 Nonnulli
696 1094 812 1130 cum
835 1077 1030 1130 Platone

19 1150 284 1207 ‘dixerunt
316 1194 328 1215 ,
371 1153 569 1206 animas
618 1153 681 1205 ob
723 1158 931 1220 peccata
979 1153 1028 1204 in

21 1227 366 1297 ,praecedenti
393 1229 499 1279 vita
526 1227 813 1293 commissa,
842 1227 893 1277 in
922 1242 1031 1278 cor·

19 1314 164 1371 ,pora
201 1300 346 1354 velut
396 1300 448 1353 in
499 1316 734 1352 carceres
793 1301 1028 1353 detrusas

21 1373 216 1439 imisse3
239 1374 326 1427 alii
346 1390 466 1427 cum
494 1374 837 1443 Pytlmqoraeis
867 1382 1030 1427 trans·

20 1448 395 1516 migrationem
425 1446 932 1518 (metempsychosin)
974 1465 1029 1500 a-

22 1523 296 1575 mimarum
320 1523 707 1575 adstruxerunt.
742 1522 1029 1576 Manichaei

20 1609 154 1650 icum
175 1596 440 1649 Zoroastre
455 1596 554 1649 duo
570 1597 812 1665 principia
826 1613 1024 1648 summa

21 1674 356 1732 istatuerunt,
396 1671 756 1739 hominemque
784 1688 813 1723 a
844 1672 1027 1739 princi-

21 1745 117 1815 ipio
131 1744 267 1796 malo
296 1744 378 1796 vel
402 1745 724 1812 productum,
746 1745 826 1796 vel
844 1746 1023 1797 saltem

17 1825 332 1886 «corruptum
358 1818 619 1872 dixerunt.
658 1819 733 1872 M.
770 1819 822 1870 T.
857 1818 1025 1871 Cicero

0 1892 196 1961 ¹lipsani
251 1899 488 1945 naturam
534 1895 827 1955 accusavit,
871 1910 1024 1961 quani

21 1965 311 2035 ibenignam
338 1974 656 2020 caeterorum
685 1968 1022 2020 animantium

21 2047 275 2102 matrem,
323 2041 543 2094 hominis
591 2058 710 2094 vero
754 2058 1025 2095 novercam

19 2113 180 2168 edixit.
199 2146 246 2154 —
271 2114 596 2168 Recentiores
620 2115 900 2184 philosophi
923 2133 1027 2169 me-

22 2186 161 2242 lliora
190 2205 289 2242 non
319 2189 663 2257 protulerunt,
686 2207 904 2258 quorum
938 2191 1021 2243 alii

21 2266 196 2315 ttotam
221 2263 486 2316 hominum
527 2265 856 2317 vitiositatem
881 2281 1022 2333 repe-

23 2342 154 2389 aunt
211 2337 295 2390 vel
353 2354 384 2390 a
436 2337 571 2390 mala
620 2338 921 2391 educatione
973 2346 1024 2391 et

24 2411 302 2479 texemp103
339 2417 572 2464 aut-cum
601 2410 740 2464 Kant
767 2429 832 2464 ex
860 2414 1021 2465 abusu

25 2482 290 2538 ilibertatis
329 2486 378 2537 in
421 2486 680 2539 individuo
704 2503 720 2550 3
770 2493 859 2539 aut
905 2503 1022 2539 cum

22 2555 211 2611 lFichte
238 2574 304 2611 ex
331 2558 632 2613 limitatione
672 2567 905 2613 naturae.

108 2632 162 2684 lt.
198 2631 326 2685 Cum
365 2634 416 2685 in
456 2633 625 2686 allatis
664 2635 869 2687 absonis
909 2634 1018 2703 phi-

21 2704 359 2773 liosophorum
386 2709 653 2760 sententiis
684 2710 1021 2777 corruptionis

19 2780 289 2832 lnumanae
325 2795 480 2832 causa
519 2779 776 2834 sufficiens
817 2799 916 2835 non
945 2785 1021 2836 in·

18 2853 290 2915 weniatur,
333 2854 517 2907 rationi
557 2855 628 2907 nil
668 2855 809 2907 aliud
837 2863 1015 2918 restat,

71 2924 128 2979 'si
167 2932 223 2979 ut
262 2927 344 2980 vel
383 2928 550 2990 dicat,
603 2923 769 2981 Deum
809 2930 908 2982 iam
956 2932 1019 2984 ab

53 2999 174 3054 nitio
194 3000 425 3054 homines
442 3002 494 3054 in
517 3002 696 3054 eadem
715 3003 1017 3072 cond-itione,

54 3086 84 3127 n
109 3089 210 3143 qua
239 3075 388 3128 modo
414 3076 769 3139 inveniuntur,
799 3093 1016 3145 creasse,

65 3145 114 3201 el
153 3148 409 3210 admittat,
452 3149 684 3203 homines
721 3152 771 3203 in
813 3153 1018 3204 rectitu-

70 3219 165 3273 'ne
188 3229 388 3275 creatos
426 3225 626 3292 propria
665 3225 814 3293 culpa
855 3227 907 3278 in
947 3229 1018 3279 vi-

140 3467 141 3471 *
229 3456 348 3495 uam
385 3445 542 3507 enim,
578 3373 700 3514 quid
739 3446 875 3500 Deus
895 3454 1015 3513 agat

65 3518 120 3569 nt
154 3529 311 3582 agere
346 3515 550 3579 debeat,
588 3533 621 3571 a
648 3520 814 3587 priori
851 3519 1015 3573 deter-

1978 41 2000 59 Ο

1903 167 2017 222 571·

1094 263 1278 321 minari
1330 267 1596 332 nunquam
1635 259 1814 330 possit,
1861 277 1891 314 a
1939 271 2088 332 poste-

1094 337 1223 390 riori
1248 342 1420 391 tamen
1460 335 1552 388 Dei
1579 334 1804 388 ‘consilia
1843 340 1895 388 et
1931 352 2088 405 opera

1094 426 1401 480 cognoscere
1441 405 1579 462 lic'et.
1611 407 1718 463 Iam
1759 425 1825 461 ex
1864 411 2088 463 conside-

1095 487 1291 539 ratione
1349 483 1576 537 universi
1633 482 1757 536 satis
1807 482 1994 551 liquet,
2037 501 2088 536 o-

1094 561 1235 612 mnia
1273 574 1404 628 quae
1430 557 1570 610 Deus
1606 555 1747 619 fecit,
1791 572 1904 613 esse
1937 557 2088 609 valde

1094 634 1225 686 bona
1267 630 1366 703 (1),
1408 631 1574 684 Deum
1602 630 1774 683 omnia
1801 631 1852 683 in
1894 632 2089 698 sapien-

1096 708 1162 760 tia
1188 706 1368 758 fecisse
1408 704 1505 777 (2).
1538 705 1600 758 Et
1628 710 1774 763 sane,
1805 705 1847 757 si
1887 712 2089 757 creatu-

1093 796 1176 833 ras
1215 796 1347 849 quae
1398 796 1490 832 nos
1531 779 1889 847 circumdant,
1930 779 2090 832 consi-

1092 854 1359 915 deramuS‚
1404 854 1684 907 maximam
1720 853 1772 906 in
1813 853 1935 922 ipsis
1973 869 2090 906 con-

1092 929 1393 981 cinnitatem
1434 935 1486 981 et
1520 929 2088 997 scopo-congruentiam

1092 1003 1403 1069 invenimus;
1446 1009 1586 1056 astra
1626 1004 1783 1065 enim,
1827 1001 2088 1069 animalia,

1094 1077 1293 1145 plantas
1333 1084 1384 1130 et
1424 1078 1552 1130 alias
1587 1084 1852 1130 creaturas
1891 1078 2088 1145 sapien·

1093 1157 1169 1204 ter
1207 1152 1470 1205 ordinatas
1510 1168 1622 1204 esse
1652 1151 1908 1213 videmus,
1955 1156 2010 1203 ut
2037 1167 2087 1203 o·

1093 1242 1235 1279 mnes
1276 1226 1556 1278 earundem
1607 1232 1777 1294 partes
1826 1225 1890 1278 ad
1930 1223 2089 1277 finem

1093 1299 1379 1368 partialem,
1422 1300 1487 1352 ad
1527 1316 1681 1369 quem
1721 1300 2083 1360 destinantur,

1091 1375 1496 1442 promovendum
1562 1374 1866 1439 dirigantur.
1895 1390 1902 1417 ι
1930 1372 2087 1426 Recte

1090 1465 1210 1515 ergo
1238 1449 1613 1510 concludimuS,
1644 1448 1809 1500 Deum
1831 1447 1896 1500 ad
1923 1448 2086 1500 instar

1091 1524 1404 1592 reliquarum
1430 1530 1787 1575 creaturarum
1814 1523 1968 1575 etiam
1997 1521 2086 1575 ho-

1091 1598 1278 1650 minem
1322 1599 1389 1650 ita
1432 1597 1717 1650 condidisse
1744 1639 1757 1659 ,
1818 1604 1876 1649 ut
1915 1596 2087 1649 omnia

1089 1688 1219 1740 quae
1258 1673 1308 1723 in
1348 1673 1455 1739 ipso
1495 1679 1636 1735 sunt,
1680 1672 1743 1723 ad
1783 1671 1941 1723 finem
1976 1670 2086 1723 eius

1090 1746 1823 1814 promovendumdirigantur.
1850 1745 1943 1797 Ast
1970 1760 2088 1798 con-

1092 1821 1302 1872 trarium
1344 1821 1394 1871 in
1456 1820 1663 1873 homine
1712 1821 2081 1881 observamuS‚

1087 1910 1205 1946 cum
1245 1893 1438 1946 stimuli
1493 1895 1759 1947 inferiores
1812 1894 2086 1962 superiori-

1089 1970 1182 2021 bus
1221 1967 1651 2036 praeponderant,
1695 1984 1880 2036 corpus
1901 1984 2085 2037 aggra-

1091 2050 1174 2095 vat
1213 2044 1459 2104 animam,
1503 2050 1554 2095 et
1594 2059 1684 2111 per
1723 2043 2086 2111 concupiscen-

1088 2118 1210 2169 tiam
1250 2117 1493 2170 rebellem
1536 2119 1845 2170 exercitium
1884 2117 2086 2170 morali-

1090 2192 1206 2244 tatis
1246 2192 1540 2260 impeditur.
1585 2192 1766 2254 Ratio,
1810 2206 1876 2244 ne
1917 2190 2085 2243 Deum

1090 2264 1203 2318 talis
1243 2266 1632 2319 inordinationis
1670 2273 1935 2319 auctorem
1982 2273 2083 2319 sta-

1088 2345 1235 2401 tuat,
1279 2341 1487 2408 culpam
1525 2340 1797 2394 admittere
1836 2347 2079 2402 tenetur,

1084 2414 1147 2466 ob
1174 2430 1329 2483 quam
1369 2416 1520 2467 homo
1548 2421 1722 2466 rectus
1748 2430 1777 2467 a
1806 2413 1912 2467 Deo
1939 2430 2083 2467 crea-

1085 2493 1167 2539 tus
1206 2489 1257 2539 in
1300 2495 1619 2557 praesentem
1661 2489 1919 2540 miseriam
1972 2503 2085 2556 pro-

1087 2561 1258 2629 lapsus
1298 2569 1396 2615 est:
1432 2570 1484 2615 et
1521 2563 1595 2615 sic
1624 2564 1752 2615 ratio
1791 2562 1854 2614 ad
1895 2562 2081 2615 doctri-

1087 2652 1204 2687 nam
1245 2636 1305 2688 de
1334 2642 1543 2704 peccato
1570 2636 1804 2703 originali
1835 2635 1971 2688 ultro
2006 2652 2087 2689 re·

1084 2710 1372 2778 cipiendam
1436 2710 1736 2779 impellitur.
1804 2709 2081 2767 Praeclare

1083 2783 1216 2836 hanc
1257 2786 1305 2836 in
1349 2801 1457 2837 rem
1485 2787 1725 2838 observat
1765 2783 1838 2836 Cl.
1869 2781 2082 2837 Pascha·

1083 2858 1162 2919 lia,
1207 2859 1333 2911 nihil
1376 2860 1538 2927 magis
1578 2859 1741 2911 videri
1780 2859 1965 2910 rationi
1994 2874 2080 2911 no-

1082 2938 1218 2985 strae
1276 2950 1607 3001 repugnem,
1679 2947 1834 3001 quam
1892 2932 2077 3000 dogma

1084 3007 1276 3072 peccati
1316 3007 1599 3072 originalis3
1620 3005 1879 3059 hominem
1902 3012 2078 3059 autem

1079 3081 1188 3132 sine
1229 3080 1324 3133 hoc
1378 3082 1622 3150 mysterio
1674 3096 1787 3133 esse
1836 3080 1930 3133 sibi
1979 3081 2075 3148 ipsi

1079 3156 1285 3207 omnino
1325 3154 1927 3222 incomprehensibilem:
1970 3155 2073 3217 imo

1079 3230 1240 3294 magis
1281 3244 1391 3281 esse
1424 3230 1534 3280 sine
1574 3229 1672 3281 hoc
1707 3228 1952 3298 mysterio
1989 3229 2074 3280 ho-

1080 3302 1268 3355 minem
1327 3302 1892 3387 incomprehensibilem
1932 3302 2027 3354 sibi
2051 3340 2067 3363 ,

1076 3391 1230 3443 quam
1281 3375 1376 3428 hoc
1434 3372 1739 3446 mysterium
1775 3378 1843 3430 sit
1881 3377 2070 3430 incom-

1077 3449 1419 3516 prehensibile
1455 3449 1671 3505 homini.

1117 3546 1166 3592 (1,
1193 3549 1271 3584 Gen
1308 3548 1341 3591 1,
1366 3545 1421 3585 31.
1688 3559 1691 3562 ·
1720 3550 1771 3595 [εὶ.
1798 3550 1854 3584 1⁸³.
1874 3548 1932 3591 8³,
1956 3545 2018 3583 24.
