2332 3860
59 207 345 329 ffiiifflm
379 254 568 332 aperte·
594 247 803 300 tradidit
822 255 1060 301 sermone

19 343 27 383 ³.
71 341 194 388 seu.
189 323 517 393 confessione
555 322 608 374 in
646 338 805 374 coena
837 321 1055 377 Domini.

47 372 306 462 Eundem
347 413 469 449 vero
512 404 857 463 propagarunt
890 404 940 449 et
979 397 1064 448 de-

0 463 46 536 βξ
74 454 347 558 sentierunt
367 469 438 522 10
453 469 726 531 Bromius,
753 471 906 523 Mart
946 469 1065 523 Che-

19 539 296 616 annitius,
332 543 404 596 Io.
448 542 539 595 Fr.
573 544 853 605 Bad‹taeu8‚
898 545 1063 596 etalii

0 593 43 700 ξ
76 619 340 688 rigidiores
379 616 584 669 Lutheri
626 626 924 679 sectatoreS‚
980 619 1063 686 qui

76 690 188 767 ideo
231 689 525 759 Ubiqm‘stae,
566 699 617 744 et
661 692 964 759 Ubiquetarii
991 691 1065 742 di-

77 756 157 820 cti
183 772 322 818 sunt.
343 765 443 817 Sed
485 765 666 817 horum
707 766 962 818 sententia
987 782 1069 848 pe-

0 839 26 898 .--}.
81 840 218 894 nitus
242 845 319 891 est
342 840 634 892 r.eiicienda
661 840 905 903 Quamvis
931 843 1067 891 enim

81 913 330 975 ChristuS,
376 920 432 965 ut
471 929 648 966 omnes
688 913 924 966 catholici
961 929 1070 964 cre-

28 985 29 989 ’
82 989 208 1040 dunt
271 994 322 1039 et
387 988 718 1055 profitentur,
786 987 1069 1039 secundum

13 1058 20 1126 ⁴,
82 1069 319 1116 naturam
386 1061 612 1114 divinam
677 1062 958 1114 immensus
1022 1068 1073 1112 et

9 1181 13 1185 .
83 1137 272 1204 ubique
314 1151 554 1204 praesens
595 1137 679 1196 sit,
725 1152 825 1188 non
886 1136 1072 1203 ubique

20 1217 28 1258 ἴ
85 1226 327 1280 praesens
366 1218 443 1262 est
482 1210 767 1262 secundum
796 1210 1073 1262 humanam

87 1291 344 1344 nat-uram,
388 1299 518 1351 quae
558 1285 713 1336 etiam
763 1292 873 1351 post
931 1285 1075 1335 unio-

87 1374 204 1411 nem
246 1358 615 1427 hypostaticam
668 1374 787 1409 suas
857 1359 1076 1425 proprie-

87 1439 219 1486 tates
259 1434 487 1492 retinuit,
531 1440 582 1484 et
621 1432 733 1483 ideo
761 1432 902 1484 finita
925 1440 1077 1500 atque

15 1515 21 1517 “
88 1507 199 1558 loco
237 1507 620 1573 circumscripta
662 1514 852 1558 manet.
902 1506 953 1557 ld
1019 1523 1080 1558 em

89 1580 141 1634 S.
186 1579 468 1648 Scriptura,
511 1597 572 1632 eoe
610 1579 686 1632 Ss.
746 1580 976 1632 Patribus
1030 1587 1079 1631 et

90 1671 151 1707 ea:
218 1655 490 1707 rationibus
550 1654 822 1722 theologicis
893 1654 1081 1707 invicte

11 1768 38 1780 -
92 1727 355 1796 probatur.

167 1802 218 1853 t.
262 1801 315 1854 S.
359 1800 614 1869 Scriptura
655 1817 755 1853 non
796 1801 961 1854 solum
991 1802 1083 1852 hu-

94 1876 326 1928 manitati
366 1873 552 1927 Christi
594 1876 772 1927 nullibi
794 1877 1083 1944 omniprae-

94 1950 314 2002 sentiam
359 1950 554 2009 tribuit,
597 1949 684 2000 sed
727 1949 860 2002 hanc
900 1950 962 2002 de
999 1950 1084 2001 illa

96 2031 270 2092 aperte
338 2029 509 2090 negat.
576 2022 893 2091 Frequenter
950 2025 1087 2076 enim

97 2098 287 2165 legitur
325 2096 557 2151 Christus
597 2098 660 2149 de
701 2097 809 2150 loco
837 2099 885 2150 in
918 2099 1086 2151 locum

27 2183 35 2190 ·
98 2172 382 2233 transiisse,
428 2171 576 2223 modo
598 2172 646 2223 in
678 2179 902 2224 montem
931 2190 1091 2225 asceu-

100 2246 223 2299 disse
253 2243 361 2314 (l),
391 2245 540 2297 modo
580 2245 644 2297 ad
686 2247 861 2299 turbas
900 2249 1090 2299 descen-

35 2322 42 2333 ’
101 2320 226 2372 disse
254 2317 352 2391 (ᾖ),
387 2319 534 2371 modo
573 2320 625 2370 in
666 2320 834 2388 templo
864 2337 962 2372 non
1002 2338 1091 2373 au-

106 2401 209 2446 tem
237 2393 370 2461 apud
403 2399 638 2460 parentes
677 2410 796 2446 suos
818 2395 971 2447 fuisse
994 2394 1088 2466 (5),

104 2467 253 2521 modo
292 2467 459 2520 relicta
486 2466 671 2519 Iudaea
711 2468 762 2519 in
815 2468 1094 2521 Galilaeam

106 2541 289 2594 abiisse
319 2539 416 2612 (lt).
449 2540 583 2592 Talis
613 2556 734 2593 vero
763 2544 977 2594 mutatio
1001 2545 1095 2595 loci

107 2617 160 2668 in
200 2616 607 2682 omnipraesente
654 2617 848 2684 concipi
900 2619 1092 2685 nequit.

107 2718 180 2730 -—
220 2687 451 2741 Christus
471 2689 575 2757 ipse
610 2689 889 2742 clarissime
929 2692 1095 2752 docet,

26 2809 32 2814 .
111 2778 259 2815 suam
305 2763 676 2815 humanitatem
729 2765 914 2833 ubique
962 2782 1101 2832 prae-

113 2845 311 2891 sentem
339 2852 440 2889 non
469 2852 601 2890 esse:
631 2837 855 2890 Lazarus
880 2850 1102 2892 mortuus

113 2919 202 2971 est,
241 2911 429 2978 inquit,
472 2918 515 2962 et
551 2911 732 2979 yaudeo
763 2921 961 2980 propter
1005 2931 1102 2979 voa,

116 2992 170 3037 ut
205 2985 433 3047 credam,
477 2985 706 3052 quoniam
738 3001 833 3036 aon
858 3002 992 3038 eram
1014 2987 1104 3049 ibn}

118 3066 171 3111 at
207 3060 347 3110 certo
387 3064 498 3110 erat
540 3059 607 3111 ibi
667 3065 850 3111 natura
909 3060 1100 3122 divina,

45 3151 54 3206 j
119 3138 292 3200 utpote
312 3134 582 3193 immensa,
609 3139 661 3185 et
689 3133 873 3202 ubique
901 3134 1110 3198 diffusa3.

119 3221 242 3274 ergo
278 3222 378 3258 non
419 3213 531 3258 erat
556 3206 623 3258 ibi
654 3214 834 3260 natura
859 3207 1103 3273 humana3

121 3279 337 3337 sienim
377 3281 472 3332 ista
537 3280 802 3342 adfuisset,
871 3280 1108 3335 Christus

171 3437 207 3525 ἑὲ
246 3439 375 3522 iffi:
399 3439 490 3519 {351'

173 3525 224 3571 (ι)
250 3527 360 3564 marc.
375 3527 440 3568 ia,
463 3527 497 3566 6.

753 3441 804 3485 (2)
830 3442 953 3477 Manu.
987 3442 1020 3478 8.
1048 3444 1076 3476 1.

767 3485 817 3529 (4)
842 3487 893 3520 10.
919 3487 951 3526 4,
978 3487 1008 3528 3,
1031 3492 1097 3522 etc.

765 3529 810 3573 (ὃ,
842 3530 930 3566 Luc.
951 3530 1006 3572 at,
1031 3531 1085 3566 51.

662 168 782 204 mus
820 166 890 204 111.
935 166 1102 206 steno
1140 168 1178 207 f·
1220 167 1371 207 cnut·
1409 168 1483 208 nt.

1932 155 2038 212 1183

1123 251 1194 303 in
1190 249 1336 302 nullo
1354 265 1508 303 sensu
1524 265 1645 305 vere
1657 250 1799 306 dicer
1802 266 1829 305 e
1852 251 2117 332 potuisset,

1123 341 1177 376 se
1197 323 1265 376 ibi
1288 338 1387 376 non
1418 324 1592 377 fluisse.
1625 354 1680 366 -
1705 327 1933 395 Angelus
1962 327 2118 382 etiam·

1124 398 1254 450 dixit
1299 397 1626 462 mulieribus:
1676 400 1836 452 Iesum
1880 405 2118 468 quaeritis

1126 471 1468 533 Nazarenum,
1512 474 1839 542 crucifioeam;
1877 478 2119 542 surrexit,

1126 561 1225 597 aon
1263 553 1333 596 est
1372 545 1472 598 hic.-
1513 560 1613 597 ecce
1653 547 1800 607 laeua,
1846 547 1930 598 ubi
1951 565 2122 616 posue-

1128 629 1246 670 runt
1263 629 1372 671 eum
1396 619 1492 689 (5);
1517 634 1639 686 ergo
1661 620 1860 686 Angelo
1885 627 2121 689 testante,

1129 709 1313 762 corpus
1353 691 1536 745 Christi
1581 710 1678 745 non
1724 695 1816 746 suit
1856 696 1905 746 in
1954 697 2122 763 sepul-

1130 783 1237 827 (πο,
1280 768 1517 834 quamvis
1557 767 1798 820 divinitas
1838 770 1948 821 eius
1976 770 2124 821 ades-

1130 849 1225 892 set.
1271 839 1321 891 Si
1346 849 1518 893 autem
1543 848 1592 894 et
1615 843 1908 894 humanitas
1937 843 2125 895 Christi

1133 915 1318 982 ubique
1358 920 1453 974 est,
1498 915 1615 984 quid
1660 922 1787 976 erat,
1833 916 1964 984 quod
2013 933 2125 968 sur-

1134 989 1268 1039 rexit
1307 995 1357 1040 et
1399 1005 1498 1041 non
1541 991 1633 1041 suit
1675 991 1783 1042 ibi?
1827 1019 1895 1028 —-
1927 989 2128 1042 Recessit

1134 1062 1285 1113 abeis
1325 1069 1368 1114 et
1406 1064 1657 1130 ferebatur
1696 1065 1749 1115 in
1790 1066 1975 1116 coetum
2011 1065 2083 1134 (6)
2108 1081 2128 1114 .-

1136 1137 1377 1188 divinitas
1416 1136 1600 1189 Christi
1646 1153 1739 1189 nec
1796 1138 2008 1190 recessit
2066 1139 2130 1190 ab

1137 1209 1412 1277 Apostolis,
1439 1227 1532 1263 nec
1556 1212 1812 1264 ferebatur
1830 1214 1878 1263 in
1902 1211 2125 1264 coelum:

1140 1291 1297 1336 restat
1336 1301 1478 1350 ergo,
1524 1292 1579 1337 ut
1637 1286 1887 1347 dicatum,
1952 1286 2133 1338 huma-

1142 1359 1354 1410 nitatem
1394 1358 1578 1411 Christi
1621 1362 1913 1421 recessisse,
1945 1366 1996 1412 et
2021 1360 2133 1412 ideo

1143 1449 1241 1485 non
1285 1433 1470 1501 ubique
1511 1441 1836 1501 praesentem
1877 1449 2006 1486 esse.

1215 1507 1268 1558 2.
1312 1506 1389 1558 Ss.
1437 1507 1603 1558 Patres
1632 1509 1857 1559 unanimi
1882 1523 2135 1560 consensu

1144 1581 1351 1641 docent,-
1380 1578 1638 1633 Chri-stum
1668 1584 2135 1650 omnipraesentem

1145 1671 1256 1707 esse
1296 1655 1578 1707 secundum
1622 1656 1976 1715 divinitatem,
2039 1670 2138 1706 non

1145 1736 1317 1781 autem
1382 1731 1667 1781 secundum
1739 1731 2135 1782 humanitatem.

1147 1804 1204 1856 S.
1249 1802 1552 1855 Athanasius
1594 1803 1668 1874 (7)
1722 1804 2041 1856 demonstrat
2080 1818 2140 1855 ea

1149 1878 1335 1929 verba:
1379 1875 1502 1929 Sede
1529 1894 1558 1929 a
1597 1878 1783 1929 dextris
1823 1879 1969 1938 mais,
1998 1876 2141 1929 Chri-

1148 1958 1224 2003 sto
1265 1954 1542 2003 convenire
1585 1968 1683 2003 non
1726 1952 2012 2003 secundum
2071 1950 2142 2001 di-

1152 2027 1440 2086 vinitatem,
1473 2041 1603 2094 quae
1625 2026 1828 2078 coelum
1851 2031 2143 2093 terramque

1151 2099 1346 2167 implet,
1409 2100 1495 2151 sed
1551 2101 1746 2151 ratione
1788 2099 2142 2163 humanitatis3

1155 2181 1418 2243 propterea
1460 2174 1614 2241 quod,
1659 2175 1854 2242 inquit:
1897 2194 1920 2221 «
1969 2172 2148 2224 sedere

1154 2249 1287 2301 idem
1329 2255 1407 2300 est
1447 2265 1507 2300 ac
1548 2263 1658 2299 esse
1698 2247 2151 2314 circumscriptum

1155 2326 1205 2375 in
1249 2323 1375 2374 loco.
1418 2342 1442 2370 n
1474 2321 1525 2374 S.
1572 2319 1790 2390 Cyrillas
1830 2321 2025 2372 Hieros
2073 2319 2148 2388 (8)

1156 2400 1256 2450 ait:
1293 2416 1318 2444 «
1350 2394 1458 2447 Non
1501 2396 1657 2456 enirn,
1702 2396 1819 2463 quia
1862 2409 2001 2445 nunc
2051 2409 2150 2445 non

1158 2470 1303 2524 adest
1342 2470 1394 2520 in
1453 2485 1629 2530 earne,
1698 2485 1764 2521 ex
1830 2483 1889 2520 eo
1955 2474 2148 2535 puteS‚

1160 2546 1292 2614 quod
1334 2544 1513 2610 spiritu
1555 2542 1722 2595 medio
1763 2543 1967 2594 hicnon
1996 2540 2151 2604 adsit,

1161 2619 1395 2679 audienS,
1439 2633 1570 2686 quae
1610 2618 1672 2668 de
1739 2616 1824 2667 illo
1889 2615 2152 2677 dicuntur,

1163 2699 1212 2745 et
1253 2693 1431 2744 videns
1451 2707 1580 2761 quae
1611 2698 1662 2743 tu
1693 2690 1905 2757 cogitas,
1938 2695 1989 2740 et
2015 2700 2158 2740 scru-

1167 2775 1278 2819 tans
1320 2781 1469 2817 renes
1509 2772 1561 2817 et
1600 2733 1785 2817 cordaD
1807 2783 1832 2812 »
1888 2760 1947 2816 S.
1982 2761 2160 2831 Grego-

1164 2845 1272 2893 rius
1313 2840 1446 2892 Naz.
1505 2837 1578 2909 (9)
1633 2854 1792 2890 unum
1834 2838 2158 2905 eundemque

1166 2916 1429 2967 Christum
1457 2919 1607 2966 vocat
1637 2932 1662 2961 «
1698 2926 1911 2978 corpore
1938 2912 2158 2963 circum—

1166 2992 1412 3056 scriptum
1453 3030 1465 3049 ‚
1535 2987 1714 3053 spiritu
1781 2985 2159 3037 incircumscri-

1171 3071 1331 3131 ptum.
1371 3082 1391 3110 »
1431 3061 1482 3113 S.
1515 3059 1820 3127 Aet-qustinus
1861 3057 1975 3129 (40)
2004 3059 2155 3110 dicit:

1173 3157 1198 3186 «
1253 3137 1345 3187 Cui
1387 3134 1772 3187 imortalitatem
1811 3131 1970 3193 dedit,
2017 3139 2162 3184 natu-

1171 3226 1281 3263 ram
1322 3225 1419 3261 non
1444 3207 1675 3260 abstulit.
1707 3206 2000 3259 Secundum
2029 3207 2162 3258 hanc
2221 3210 2228 3216 '

1170 3285 1384 3337 formam
1407 3282 1612 3353 (nempe
1636 3278 2031 3349 humanitatem)
2062 3295 2163 3331 non

1219 3442 1266 3484 (7)
1291 3443 1388 3476 Orat.
1410 3442 1455 3475 de
1478 3441 1558 3475 fide.

1217 3485 1268 3529 (9)
1294 3487 1357 3528 Ep.
1385 3485 1460 3526 101,
1487 3486 1530 3518 ad
1556 3484 1701 3518 (Iledon.
1729 3492 1762 3517 n.
1777 3482 1810 3519 3.

1218 3530 1359 3575 (10)1n
1383 3531 1492 3574 Epist
1521 3527 1743 3573 187,n.1o.

1815 3438 1867 3483 (8)
1892 3438 2034 3474 Catech.
2062 3435 2119 3471 14.
