2332 3860
78 164 316 232 Christo
369 161 473 215 ait·
526 159 720 212 Peccata
748 167 916 211 nostra
938 165 1102 228 pertu-

5 203 23 285 η,
76 237 219 306 {lit
196 255 250 293 m
276 249 472 307 corpore
497 250 584 287 suo
609 249 755 302 super
781 233 969 302 lt'qnnm
999 230 1094 302 (1).

49 313 251 440 ss‘reaqle
265 308 456 467 capus·
472 384 756 434 humanum
784 381 1100 444 adscribunt,

56 471 75 519 '2-
113 474 319 529 eosque,
374 458 459 526 qui
506 455 576 508 illi
624 471 811 523 corpus
850 456 1102 508 duntaxat

58 544 65 555 ⁹
111 547 362 602 apparens
379 537 430 582 et
453 530 828 598 phantasticum
851 530 1100 593 tribuunt,

113 614 170 660 ut
194 605 477 659 haereticos
503 605 866 656 condemnant.
892 601 942 654 S.
963 602 1103 669 [qna-

405 309 570 361 Patres
609 306 811 361 Christo
841 322 1023 359 verum
1052 312 1102 358 et

41 672 54 736 ,Ῐ
113 681 210 734 tius
246 679 321 733 11.
356 679 444 747 Ep.
488 678 551 730 ad
581 678 790 746 Smyrn.
823 693 872 729 n.
899 677 950 727 1.
983 678 1103 727 scri-

39 756 66 801 .³
113 754 224 807 bit:
270 773 295 814 (1
328 751 551 820 Cognovi
595 768 685 804 vos
742 751 990 819 perfectos
1048 750 1097 801 in

35 845 66 867 ³-
113 827 212 881 fide
249 827 523 880 immota...

571 826 718 894 plene
762 824 1097 892 persuasosin

113 901 386 955 Dominum
431 906 660 952 nostrum
702 914 824 951 vere
876 899 1100 949 existen·

113 980 214 1029 tem
255 974 317 1026 de
357 990 546 1042 genere
588 973 793 1027 Davidis
816 972 1099 1024 secuudum

58 2897 62 2901 “
103 2895 170 2948 'in
229 2896 614 2964 phantasmate,

67 2981 93 3029 t.
118 2970 346 3037 Apostoli
401 2972 622 3034 timent,

70 3047 71 3050 ’
122 3043 330 3097 videant
357 3042 427 3096 ‘?..

84 3131 305 3186 „corpus
345 3134 444 3170 non
487 3119 599 3171 ideo
639 3135 750 3172 esse
792 3136 971 3172 verum
995 3124 1110 3191 quia

69 3199 276 3266 Jsuper
340 3192 521 3245 molles
585 3209 744 3262 aquas
800 3195 992 3259 molle,
1062 3204 1112 3250 et

112 1062 390 1102 carnem...
427 1068 452 1097 »
487 1047 560 1118 (n.
594 1047 648 1116 ᾖ)
677 1048 759 1116 qui
789 1067 813 1095 »
840 1062 960 1098 vere
992 1062 1101 1113 pas-

94 1118 199 1176 'sus
239 1130 335 1181 est,
379 1123 513 1174 sicut
553 1129 746 1174 etve1·e
767 1121 1097 1187 semetipsum

111 1197 467 1257 resuscitavit,
501 1212 621 1258 non,
655 1202 710 1246 ut
742 1195 945 1263 quidam
988 1190 1101 1245 inii-

113 1270 252 1323 deles
291 1270 488 1332 dicunt,
538 1270 819 1322 secundum
852 1285 1100 1336 apparen-

100 1344 236 1396 tiam
279 1345 444 1413 ipsum
487 1361 691 1412 passum
741 1360 851 1395 esse
912 1351 1009 1395 etc.
1073 1362 1094 1389 »

112 1417 165 1471 S.
189 1417 602 1488 Irenaeus(2)ita
632 1418 874 1486 loquitur:
911 1437 935 1465 «
968 1415 1098 1470 Vani

114 1499 256 1552 sunt,
287 1493 371 1561 qui
396 1493 624 1560 putative
644 1492 820 1543 dicunt
842 1490 1100 1543 Christum

56 1568 441 1634 ⁸apparuisse3
503 1582 602 1618 non
669 1566 804 1617 enim
873 1566 1101 1633 putative

110 1638 258 1700 haec,
301 1640 390 1692 sed
431 1641 480 1691 in
523 1640 806 1692 substantia
873 1639 1102 1690 veritatis

111 1713 322 1766 fiebant.
367 1713 417 1766 Si
460 1720 632 1766 autem
674 1729 789 1765 cum
819 1713 971 1766 homo
1002 1730 1098 1764 non

77 1830 79 1833 .
113 1794 248 1840 esset
267 1788 545 1855 apparebat
576 1787 745 1849 hom0,
780 1803 945 1855 neque
975 1789 1103 1839 veri·

84 1868 193 1915 >tas
232 1861 481 1931 quaedam
524 1869 634 1913 erat
673 1863 723 1913 in
765 1878 856 1919 θος
902 1877 1002 1913 non
1052 1878 1101 1912 e—

113 1936 215 1988 nim
257 1936 382 1987 illud
423 1942 555 1997 erat,
599 1936 730 2004 quod
754 1936 1041 1988 videbatur
1073 1955 1097 1984 »

114 2009 172 2063 S.
204 2007 419 2079 Cyrinus
443 2010 587 2062 Hier.
633 2009 707 2080 (o)
737 2010 895 2062 dicit
933 2030 958 2058 «
989 2009 1104 2061 Cre-

113 2082 196 2144 de,
239 2084 370 2152 quod
412 2084 493 2136 hic
534 2084 828 2149 unigenitus
868 2083 958 2135 Dei
1023 2083 1102 2135 Fi-

115 2155 214 2209 lius
265 2164 470 2226 propter
529 2165 737 2241 peccata
802 2165 974 2210 nostra
1042 2157 1102 2209 de

117 2230 258 2284 00010
296 2231 559 2283 descendit
598 2232 649 2283 in
689 2239 901 2293 terram,
945 2238 996 2283 et
1024 2249 1105 2284 ea-

79 2305 334 2358 'rundem
386 2306 715 2358 affectionum
780 2321 895 2357 cum
960 2307 1104 2358 nobis

116 2381 393 2447 assumpsit
434 2380 829 2441 humanitatem,
875 2395 975 2431 non
1004 2381 1106 2447 opi-

116 2454 286 2514 nione,
314 2470 411 2506 non
443 2454 708 2522 phantasia
734 2454 1103 2507 humanitatem

82 2528 414 2596 assumpsit,
454 2529 542 2581 sed
583 2530 634 2580 in
676 2529 913 2580 veritate.
968 2547 994 2577 »
1039 2527 1101 2580 S.

118 2600 445 2672 Hieronymus
486 2600 561 2674 (lt)
591 2603 661 2655 ita
703 2601 966 2669 praeclare
1013 2602 1109 2654 dis·

118 2675 280 2727 serit:
337 2695 363 2724 »
418 2675 470 2728 Si
512 2678 653 2728 iuxta
708 2676 1018 2729 Marcionem
1059 2684 1106 2728 et

70 2781 86 2799 .-
117 2739 475 2802 Manichaeum
514 2750 760 2802 Dominus
801 2758 974 2803 noster
1008 2767 1106 2802 non

119 2829 197 2875 est
251 2829 403 2875 natus
442 2839 508 2875 ex
566 2822 797 2891 Virgine,
841 2825 929 2875 sed
970 2826 1109 2877 visus

682 2898 933 2966 quomodo
976 2914 1111 2951 nunc

680 2987 740 3023 ne
806 2972 1107 3040 phantasma

441 3044 599 3108 ,Qui
649 3052 858 3114 putant,
910 3046 1108 3100 Domini

156 3346 220 3390 ,11)
243 3324 272 3382 ι’.
299 3348 362 3392 Ep.
388 3349 422 3390 2,
447 3349 503 3384 24.

169 3390 224 3479 a
245 3393 460 3471 ast-..³⁰:-
477 3396 584 3473 es·
610 3403 642 3429 ..
668 3395 698 3430 ¹·

239 3495 398 3551 Kn'oll.
422 3506 540 3551 Teot.
562 3507 712 3554 dcam.
736 3530 792 3539 —
820 3506 916 3554 Vol.
936 3506 977 3553 Ι.

717 76 835 139 PARS
870 78 947 116 111.
990 74 1156 114 800110
1192 76 1228 114 1.
1279 75 1434 112 mem·
1470 73 1509 110 1.

1972 54 2077 120 ¹⁸1⁷

1162 161 1371 210 aereum
1437 150 1727 219 incesserit,
1794 153 2151 226 respondeant„
2199 158 2202 160 ’

1163 229 1412 300 quomodo
1425 228 1769 281 ambulaverit
1785 227 1981 294 Petrus,
2002 244 2155 298 quem

1164 307 1336 374 utique
1378 319 1556 354 verum
1579 301 1859 360 hominem
1909 318 2005 353 non
2069 319 2155 355 ne-

1163 377 1395 446 gabunt?
1427 375 1511 429 S.
1503 375 1841 443 Aitqustinus
1872 372 1949 444 (5)
1980 377 2048 427 ita
2078 394 2156 430 re.

1164 461 1243 504 cte
1264 456 1691 519 argumentatur.
1727 469 1752 498 «
1779 449 1828 501 Si
1854 448 2154 515 phantasma

1166 527 1257 579 suit
1296 535 1480 593 corpus
1521 523 1735 576 Christi.
1784 523 1960 576 fefellit
2017 523 2154 577 Chri·

1164 608 1292 660 stuS‚
1336 606 1387 652 et
1426 600 1465 651 si
1517 598 1733 658 fefellit,
1801 598 1993 649 veritas
2055 615 2155 653 non

1165 681 1258 726 est.
1306 673 1394 725 Est
1432 681 1605 726 autem
1651 673 1839 724 veritas
1889 672 2153 735 Christus,

1167 765 1264 799 non
1306 763 1428 814 ergo
1472 747 1773 813 phantasma
1826 747 1919 799 fuit
1972 763 2155 814 corpus

1164 824 1290 873 eius.
1354 842 1378 870 »
1431 820 1690 873 Christum
1734 837 1831 873 non
1876 821 2155 889 phantasti-

1164 911 1302 956 cum,
1346 895 1435 947 sed
1477 912 1657 947 verum
1699 903 1749 948 ct
1791 896 1927 948 reale
1974 912 2156 964 corpus

1163 972 1521 1037 assumpsisse,
1567 971 1692 1022 satis
1733 970 1871 1023 clare
1924 970 2156 1023 definivit

1163 1044 1445 1096 Concilium
1486 1042 1883 1096 chalcedonense
1927 1045 1978 1098 in
2035 1046 2156 1097 cita·

1164 1126 1214 1171 to
1279 1119 1484 1171 decreto
1523 1119 1661 1177 fidei,
1730 1119 1779 1170 in
1846 1135 1945 1186 quo
2011 1126 2156 1171 vocat

1164 1192 1420 1245 Christum
1488 1192 1948 1246 consubstantialem
2024 1195 2156 1248 nobis

1163 1268 1426 1319 secandam
1456 1266 1826 1319 humanitatem.

1234 1342 1386 1394 Nota.
1463 1341 1785 1394 Obiectiones
1849 1343 2156 1396 Docetarum

1165 1416 1311 1467 facile
1351 1422 1428 1468 est
1468 1416 1754 1468 confutare.

1238 1489 1344 1542 obi.
1393 1491 1474 1541 1.·
1516 1490 1748 1541 Christus
1789 1490 1976 1543 dicitur
2022 1491 2155 1544 Phil.

1167 1563 1227 1622 11,
1273 1564 1337 1615 7:
1383 1566 1435 1615 in
1478 1565 1854 1616 similitudinem
1906 1565 2158 1619 hominum

1163 1640 1340 1705 factus,
1384 1646 1427 1689 et
1455 1638 1622 1691 habitu
1663 1638 1881 1690 inventus
1909 1647 1963 1691 ut
1991 1641 2158 1702 home,-

1167 1720 1216 1764 et
1280 1712 1427 1764 Rom.
1500 1714 1552 1774 8,
1606 1713 1661 1773 3,
1725 1712 1951 1776 legitur:
2019 1715 2159 1767 Misit

1170 1779 1297 1839 Deus
1338 1786 1525 1838 Filium
1577 1803 1722 1837 sunm
1765 1787 1818 1837 in
1870 1787 2159 1840 similitudi·

1164 1876 1272 1912 nem
1300 1862 1465 1912 carnis
1496 1863 1710 1928 peccati:
1756 1877 1878 1928 ergo
1929 1861 2161 1915 Christus

1167 1950 1343 1986 veram
1372 1950 1583 1986 carnem
1614 1950 1711 1985 non
1742 1936 2038 2002 assumpsit,
2071 1937 2161 1988 sed

1166 2016 1379 2061 externa
1423 2016 1622 2062 tantum
1663 2009 1832 2077 specie
1875 2017 2078 2063 nostrae
2100 2011 2162 2063 si-

1169 2082 1358 2134 milem.

1238 2156 1378 2225 Resp.
1423 2155 1621 2209 Nomen
1651 2189 1654 2192 -
1689 2157 2039 2211 similitudinis
2108 2159 2162 2211 in

1166 2230 1217 2283 S.
1287 2231 1547 2299 Scriptura
1616 2231 1933 2299 frequentius
1999 2233 2163 2300 ipsam

1170 2306 1439 2357 veritatem
1480 2305 1756 2372 significat,
1802 2319 1957 2374 quam
1997 2314 2165 2359 exter-

1171 2395 1288 2431 nam
1331 2387 1532 2431 tantum
1580 2380 1822 2447 speciem.
1891 2379 1974 2431 Sic
2039 2380 2164 2433 dum

1170 2454 1333 2506 Adam
1388 2451 1463 2523 (6)
1494 2453 1680 2505 dicitur
1719 2454 1959 2519 genuisse
1999 2453 2163 2508 filium

1170 2527 1231 2578 ad
1249 2529 1509 2596 imaqinem
1535 2536 1578 2579 et
1605 2528 1978 2579 similitudinem
1998 2544 2160 2591 suam,

1169 2601 1323 2654 Setho
1366 2618 1486 2654 vera
1527 2610 1578 2654 et
1617 2603 1769 2654 realis
1827 2608 2012 2655 natura
2070 2602 2164 2655 hu-

1173 2692 1322 2729 mana
1364 2692 1463 2729 non
1507 2684 1744 2745 negatur,
1777 2676 1864 2727 sed
1893 2676 2161 2742 asseritur3

1171 2758 1222 2803 et
1261 2767 1378 2802 cum
1409 2749 1600 2803 Coloss.
1636 2750 1674 2811 l,
1709 2751 1797 2809 15,
1830 2749 2064 2803 Christus
2091 2751 2165 2803 di·

1172 2826 1305 2877 citur
1345 2826 1503 2893 imaqo
1540 2825 1722 2885 Patris,
1775 2823 1913 2875 illius
1952 2825 2168 2878 consub-

1174 2899 1481 2951 stantialitas
1502 2915 1618 2951 cum
1643 2898 1794 2950 Patre
1819 2914 1919 2951 non
1950 2897 2167 2966 tollitur,

1173 2973 1263 3025 sed
1302 2973 1610 3026 affirmatur.
1657 2972 1845 3024 Eodem
1887 2972 2037 3025 modo
2079 2990 2167 3025 no·

1176 3063 1290 3098 men
1341 3046 1690 3099 similitudinis
1732 3044 1788 3097 1⁰
1829 3046 1926 3101 100.
1965 3048 2054 3099 cit.
2088 3045 2167 3118 (7)

1178 3129 1391 3174 naturae
1450 3123 1723 3172 veritatem
1762 3120 2049 3187 significat,
2110 3127 2168 3172 ut

1175 3212 1242 3248 ex
1288 3195 1542 3248 adiunctis
1582 3201 1740 3264 patet.
1786 3195 2021 3249 Alterum
2062 3200 2166 3247 tex·

1221 3351 1273 3397 (4)
1297 3354 1396 3388 Com
1424 3353 1462 3387 in
1488 3354 1618 3389 Matth.

1220 3398 1271 3440 (5)
1299 3399 1324 3431 L
1363 3397 1406 3432 83
1444 3407 1503 3441 qq.

1221 3441 1269 3485 (6)
1296 3443 1382 3478 Gen.
1418 3441 1450 3485 5,
1474 3443 1509 3478 3.

1644 3354 1700 3395 14,
1724 3353 1781 3398 20,

1537 3404 1679 3443 quaest
1706 3399 1759 3435 u.
1831 3441 1885 3488 w
1907 3442 2002 3524 Phi&
2015 3441 2062 3502 α’,
2088 3440 2122 3479 ⁷·

1974 3509 2029 3543 nl
