2332 3860
315 174 437 229 wo·

650 164 716 230 nE
753 193 847 232 DEO
885 194 1018 232 LAPSt
1055 193 1250 231 HttMANt
1287 179 1492 231 GENttnts
1528 184 1870 228 REDEMPTORE.

2224 125 2241 134 -

2289 138 2315 192 ἓν

2307 206 2318 214 ,⁷

250 269 450 340 Viryine
467 288 492 335 ,·
516 259 569 326 in
609 271 869 326 Nicaeno:
908 274 973 326 Ει
1012 274 1241 326 incarna-
1301 271 1535 330 hominis,
1559 271 1647 340 qui
1666 270 1812 323 est-in
1825 266 1950 321 coelo
1971 262 2070 338 (3);
2089 253 2321 339 etel'yffl

245 355 324 398 tus
349 354 417 399 est
442 346 499 399 de
524 345 722 414 Spiritu
749 348 928 401 Sancto
960 364 1023 401 ece
1068 349 1236 400 Maria

249 420 468 490 Vimine,
498 429 542 472 et
569 421 708 474 homo
733 423 892 490 factus
927 431 1021 486 esc;
1074 423 1124 473 in
1165 421 1231 474 A·

243 493 547 546 thanasiano
573 512 586 546 τ
628 496 759 548 Deus
785 504 852 549 est
878 513 940 548 em
964 495 1235 548 substantia

241 567 406 621 Patris
432 578 544 620 unte
570 569 762 622 saecula
790 572 1001 638 ρθηὶιιιε,
1032 578 1074 622 et
1097 570 1234 621 homo

241 651 310 694 est
347 659 410 695 ex
434 642 703 696 substantia
732 645 913 697 Matris
948 645 1000 695 in
1044 644 1234 696 saeculo

240 725 405 769 natus.
451 715 734 770 Concilium
786 718 1063 771 Toletanum
1091 718 1120 769 I
1156 717 1231 787 (l)

240 790 291 845 in
332 791 642 860 professione
688 792 805 844 fidei
865 793 1015 844 dicit:
1069 791 1234 843 Credi-

240 881 410 919 mus...
442 865 631 917 Filium
669 865 761 918 Dei
813 866 967 917 Deum
1007 875 1177 917 natum
1203 882 1232 917 a

240 938 386 992 Patre
403 946 513 990 ante
532 956 671 991 omne
690 943 887 992 omnino
903 940 1226 1008 principium,

239 1015 563 1082 sanctificasse
584 1021 775 1065 uterum
790 1014 844 1065 Vi
850 1015 1004 1081 rqinis
1020 1015 1230 1079 Mariae,

240 1094 382 1156 atque
420 1103 483 1139 ea>
520 1104 578 1140 ea
619 1104 784 1140 verum
823 1087 1071 1139 hominem
1127 1090 1231 1140 sine

240 1161 378 1214 virili
414 1171 703 1229 yeneratum
741 1163 921 1214 semine
940 1162 1223 1230 suscepisse.

241 1234 296 1286 ln
355 1234 578 1288 Concilio
640 1236 924 1288 Florentino
977 1237 1229 1305 Eugenius

240 1308 332 1369 IV,
376 1309 426 1359 in
469 1309 675 1361 decreto
719 1326 805 1378 pro
846 1311 1033 1361 unione
1094 1311 1230 1362 laco-

241 1382 332 1434 bit.
378 1382 530 1445 dicit3
562 1383 887 1436 Sacrosuncta
927 1384 1143 1436 Ecclesia
1182 1401 1231 1435 α-

239 1455 592 1508 anthematizet
643 1457 950 1510 Valentinum
1013 1474 1231 1510 asseren-

241 1537 351 1590 tem,
399 1530 489 1582 Dei
528 1530 717 1583 Filium
753 1532 885 1584 nihil
924 1532 980 1584 de
1034 1532 1230 1600 Virqine

240 1612 396 1656 inatre
435 1605 608 1673 cepisse
659 1614 803 1673 atque
851 1607 919 1658 ita
979 1607 1231 1659 transiisse

239 1686 540 1745 peritiorum
571 1679 787 1747 Virginis
808 1679 932 1732 sicut
942 1697 1032 1749 per
1054 1697 1232 1749 aquae-

240 1753 439 1805 ductum
479 1753 691 1821 defluens
731 1770 865 1823 aqua
905 1756 1226 1808 transcurrit.

312 1826 462 1878 Nota.
515 1827 732 1879 Saeculo
794 1828 914 1882 XVI
972 1828 1230 1883 Valentini

241 1916 468 1953 errorem
509 1901 699 1952 iamdiu
741 1902 790 1952 in
834 1902 1008 1954 inferis
1056 1919 1231 1956 conse·

239 1974 443 2043 pultum
484 1976 775 2027 excitarunt
795 1974 1139 2044 Anabaptistae
1165 1978 1234 2029 di-

240 2055 437 2108 centes,
482 2048 742 2100 Christum
782 2049 843 2101 de
884 2066 1093 2118 corpore
1126 2051 1234 2105 Vir-

239 2123 374 2191 ginis
413 2122 538 2174 nihil
579 2124 858 2191 accepisse,
902 2124 990 2176 sed
1032 2131 1231 2177 tanturn

239 2213 332 2264 per
370 2195 507 2248 illius
549 2203 751 2248 uterum
793 2199 1055 2250 transiisse
1102 2200 1234 2251 sicut

238 2270 329 2322 lux
371 2286 461 2337 per
500 2271 711 2332 vitrum,
754 2271 969 2340 ideoque
1009 2272 1070 2324 de
1092 2272 1233 2325 Chri·

239 2351 318 2396 sto
359 2344 496 2396 dici:
540 2345 666 2396 Erat
700 2346 789 2396 lum
829 2362 941 2398 vera
967 2344 1063 2417 (2).
1102 2347 1231 2409 Quin

238 2418 454 2471 Memnon
493 2419 700 2486 quidam
741 2418 936 2472 Frisius
975 2427 1129 2487 gente
1169 2437 1232 2474 ex

241 2498 381 2544 secta
429 2491 886 2561 Anabaptistarum
933 2494 1090 2547 stulte
1155 2512 1233 2547 as-

239 2566 419 2626 seruit,
461 2581 646 2634 corpus
685 2566 869 2619 Christi
912 2584 976 2620 ex
1010 2569 1115 2637 ipsa
1142 2569 1231 2622 Dei

239 2639 404 2692 Patris
443 2640 730 2693 substantia
785 2641 1012 2694 delatum
1078 2643 1233 2696 fuisse

240 2713 291 2765 in
334 2720 539 2766 uterum
577 2714 789 2768 Mariae.
844 2744 916 2755 —-
958 2716 1063 2768 lam
1103 2733 1234 2786 quae

241 2803 272 2839 a
313 2789 572 2840 veteribus
610 2796 663 2841 et
701 2790 995 2842 recentibus
1051 2791 1233 2843 adver-

242 2861 389 2913 sariis
429 2862 692 2915 doctrinae
731 2863 1017 2916 catholicae
1079 2881 1232 2932 oppo-

243 2941 469 2997 nuntur,
514 2936 738 2990 breviter
776 2938 1002 2991 indicare
1041 2945 1093 2991 et
1119 2954 1236 2991 con-

207 3031 211 3037 ·
247 3007 414 3060 futare
454 3017 672 3076 oportet.

319 3079 426 3133 obi.
461 3083 542 3133 l.⁸
584 3084 816 3138 Christus
855 3086 962 3154 ipse
1002 3086 1233 3155 frequen-

245 3159 325 3206 ter
381 3153 619 3217 affirmat,
680 3174 735 3210 se
776 3175 803 3210 e
843 3159 984 3212 coelo
1024 3160 1236 3212 deseen-

246 3227 418 3280 disse:
462 3228 623 3281 Nemo
661 3233 873 3286 ascendit
911 3234 964 3286 in
1028 3234 1230 3296 coelum,

244 3301 348 3354 nisi
386 3304 471 3370 qui
518 3303 755 3358 descendit
793 3307 850 3359 de
899 3307 1022 3360 coelo
1072 3307 1236 3362 Filius

290 3458 343 3592 {ll
368 3459 472 3494 Anno
493 3459 559 3495 400
582 3461 746 3498 habitum
770 3473 847 3508 cap.
872 3465 928 3501 21.

307 3502 345 3582 Ξ)
367 3504 418 3538 ιο.
444 3503 477 3539 1.

331 3547 346 3593 )
369 3548 420 3583 lo.
446 3548 479 3593 3,
504 3547 560 3587 13.
893 3550 946 3598 (4)
969 3553 1021 3590 10.
1048 3553 1082 3596 θ,
1105 3553 1161 3590 41.

1275 3322 1480 3376 corpus
1517 3308 1804 3359 secundum
1841 3320 1988 3360 suam
2048 3304 2294 3386 substan

1298 361 1407 398 sum
1441 347 1586 413 panis·
1624 345 1782 403 vivus,
1820 342 1991 411 quide
2041 341 2170 395 coelo
2207 343 2332 414 desi„

1298 419 1460 472 scendi
1488 417 1586 489 (lt).
1623 419 1690 471 At
1728 417 1870 470 lesus
1920 414 2155 470 Christus
2186 417 2332 495 noa}

1293 492 1560 545 'descendit
1599 491 1662 544 de
1700 491 1844 544 coelo
1881 491 2166 544 secundum
2214 492 2319 563 ‹ti-23

1300 568 1469 620 vinam
1512 573 1770 627 naturam,
1812 566 1930 634 quia
1969 581 2173 634 semper
2209 571 2309 622 est-ſs·

1296 641 1346 693 in
1387 642 1502 692 sinu
1544 640 1728 701 Patris,
1784 640 2067 692 immensus
2121 648 2176 695 et
2236 658 2311 709 os*

1298 717 1685 782 mnipraesens:
1728 730 1849 782 ergo
1889 714 2154 767 descendit
2206 732 2296 770 se-.·

1295 790 1519 841 cundum
1562 790 1840 841 humanam
1880 792 2140 849 naturam,
2205 806 2287 843 se-

1295 865 1523 915 cundum
1562 879 1716 931 quam
1755 863 1911 914 etiam
1962 862 2193 915 ascendit
2233 865 2298 927 in

1294 939 1515 990 coelum.
1560 937 1712 989 Nullo
1774 936 1944 988 autem
2008 937 2158 990 modo
2221 937 2295 992 de.

1294 1012 1435 1065 coelo
1474 1012 1798 1064 descendisse
1837 1010 2084 1064 dicendus
2123 1018 2307 1075 essetf*¹

1293 1087 1333 1138 si
1374 1102 1560 1156 corpus
1598 1102 1750 1138 suum
1791 1101 1857 1138 ex
1896 1084 2059 1139 Matre
2110 1101 2284 1140 susce·

1295 1162 1470 1228 pisset.
2286 1198 2290 1204 ·

1369 1234 1505 1303 Hesp.
1556 1234 1799 1298 Quamvis
1864 1231 2097 1285 Christus
2159 1249 2284 1288 vere

1292 1323 1357 1359 ex
1395 1310 1557 1362 Matre
1597 1324 1805 1360 carnem
1832 1309 2075 1375 suscepit,
2106 1314 2281 1362 tamen

1293 1388 1399 1433 tum
1440 1383 1603 1451 quoad
1647 1389 1884 1434 naturam
1911 1381 2139 1434 divinam
2172 1389 2282 1435 tum

1291 1456 1457 1524 quoad
1498 1464 1735 1508 naturam
1799 1455 2078 1507 humanam
2143 1463 2297 1509 reete-

1293 1531 1478 1582 dicitur
1500 1531 1561 1582 de
1582 1530 1724 1582 coelo
1748 1529 2069 1582 descendisse
2095 1545 2108 1580 :
2138 1529 2282 1584 Deus

1294 1605 1450 1664 enim,
1495 1605 1615 1656 licet
1653 1604 1935 1656 immensus
1973 1605 2058 1663 sit,
2110 1611 2329 1658 tamen-4

1294 1678 1605 1731 descendere
1646 1678 1850 1739 dicitur,
1895 1677 2016 1729 dum
2057 1677 2108 1730 in
2162 1694 2284 1747 quo·

1294 1753 1423 1815 dam,
1452 1752 1562 1804 loco
1602 1752 1808 1820 speciali
1851 1751 1999 1804 modo
2021 1759 2293 1820 operatur,-

1294 1843 1383 1878 seu
1425 1828 1766 1894 praesentiam
1806 1842 1954 1878 suam
1991 1826 2311 1890 manifestat*

1297 1900 1393 1971 (5).
1424 1901 1566 1963 Quod
1610 1907 1885 1969 utrumque
1926 1916 2016 1968 per
2055 1899 2284 1954 Verbum

1298 1977 1617 2027 incarnatum
1658 1975 2023 2043 specialissimo
2046 1975 2192 2027 modo
2215 1975 2286 2028 fa·

1297 2056 1435 2101 ctum
1476 2056 1572 2101 est.
1616 2048 1728 2117 Ipsa
1758 2065 1957 2118 quoque
1985 2048 2281 2102 humanitas
2322 2112 2326 2113 ἶ

1297 2123 1483 2175 Christi
1525 2130 1663 2175 recte
1698 2123 1884 2175 dicitur
1920 2123 2089 2192 aliquo
2128 2131 2308 2176 sensu

1297 2197 1617 2249 descendisse
1675 2197 1736 2248 de
1801 2196 1961 2259 coelo,
2030 2203 2284 2265 quatenus

1299 2288 1397 2323 nun
1442 2271 1574 2323 virili
1603 2271 1933 2332 commerci0‚
1959 2271 2047 2323 sed
2075 2270 2286 2324 coelesti

1299 2346 1488 2397 virtute
1528 2347 1578 2396 in
1621 2352 1765 2398 utero
1805 2344 2029 2410 Virginis
2069 2345 2318 2398 formatas

1298 2427 1393 2472 est.
1439 2419 1515 2471 lta
1554 2427 1732 2471 contra
1771 2418 1982 2470 allatam
2046 2418 2285 2470 obiectio·

1301 2510 1415 2545 nem
1453 2500 1846 2560 argumentatur
1890 2492 1949 2545 S.
1980 2491 2184 2543 Thomas
2205 2490 2300 2563 (6),

1297 2568 1490 2619 dicens:
1527 2587 1552 2615 «
1585 2567 1815 2620 Christus
1842 2566 2027 2618 dicitur
2053 2566 2116 2618 de
2141 2565 2323 2619 coelo*

1297 2641 1619 2693 descendisse
1659 2640 1945 2709 dupliciter.
1987 2638 2095 2692 Uno
2135 2639 2323 2708 modo.v

1291 2717 1491 2767 ratione
1531 2716 1735 2767 divinae
1775 2720 2010 2774 naturae,
2055 2729 2154 2766 non
2195 2710 2329 2787 itas&

1296 2790 1428 2857 quod
1469 2796 1651 2842 natura
1690 2789 1862 2841 divina
1901 2789 1953 2840 in
1994 2788 2135 2840 coelo
2197 2785 2327 2866 deni*2

1296 2864 1456 2925 sierit,
1522 2863 1612 2915 sed
1675 2863 1793 2931 quia
1832 2864 1884 2915 in
1923 2861 2113 2914 infimis
2151 2863 2326 2922 novosss

1299 2938 1445 2990 modo
1485 2953 1595 2990 esse
1635 2938 1819 3005 coepit,
1861 2936 2056 2990 scilicet
2101 2924 2332 2988 secun-1¹2?⁷

1298 3012 1419 3063 dum
1460 3019 1699 3064 naturam
1736 3017 2074 3077 assumptam,
2105 3007 2332 3062 εθουη”“

1297 3086 1418 3137 dum
1459 3085 1583 3136 illud
1641 3084 1816 3137 Ioan.:
1864 3084 2020 3137 Nemo
2067 3081 2332 3147 aseendit„

1299 3161 1349 3211 in
1387 3159 1570 3212 coelum
1609 3164 1708 3211 etc.
1755 3157 1851 3229 (7).
1883 3156 1997 3211 Alio
2033 3155 2180 3208 modo
2209 3172 2273 3216 τι,
2324 3159 2328 3174 ”

1299 3234 1492 3285 ratione
1533 3233 1776 3301 corporis.
1821 3247 1920 3284 non
1960 3231 2076 3299 quia
2116 3229 2284 3296 ipsu».

1343 3463 1391 3508 (5)
1417 3464 1462 3499 Gt
1497 3463 1520 3508 S
1544 3463 1599 3505 53,
1625 3466 1667 3499 ad
1692 3463 1765 3499 obi.
1784 3464 1821 3500 Ξ.

1343 3509 1394 3552 (6)
1419 3508 1451 3549 3.
1472 3518 1505 3551 q.
1540 3508 1574 3547 5,
1597 3514 1666 3544 art.
1688 3508 1720 3551 2,
1745 3508 1788 3543 ad
1813 3508 1845 3545 1.

1345 3553 1396 3598 (7)
1417 3554 1468 3589 10.
1494 3552 1527 3598 3,
1551 3552 1607 3588 13.
