<?xml version="1.0" encoding="UTF-8"?>
<!DOCTYPE html PUBLIC "-//W3C//DTD XHTML 1.0 Transitional//EN"
    "http://www.w3.org/TR/xhtml1/DTD/xhtml1-transitional.dtd">
<html xmlns="http://www.w3.org/1999/xhtml" xml:lang="en" lang="en">
 <head>
  <title>
</title>
<meta http-equiv="Content-Type" content="text/html;charset=utf-8" />
  <meta name='ocr-system' content='tesseract 3.04.00' />
  <meta name='ocr-capabilities' content='ocr_page ocr_carea ocr_par ocr_line ocrx_word'/>
</head>
<body>
  <div class='ocr_page' id='page_1' title='image "./theologiae00knoluoft_0178.png"; bbox 0 0 2332 3860; ppageno 0'>
   <div class='ocr_carea' id='block_1_1' title="bbox 285 116 430 170">
    <p class='ocr_par' dir='ltr' id='par_1_1' title="bbox 285 116 430 170">
     <span class='ocr_line' id='line_1_1' title="bbox 285 116 430 170; baseline -0.009 0"><span class='ocrx_word' id='word_1_1' title='bbox 285 116 430 170; x_wconf 73' lang='lat'>170</span> 
     </span>
    </p>
   </div>
   <div class='ocr_carea' id='block_1_2' title="bbox 186 295 1191 2211">
    <p class='ocr_par' dir='ltr' id='par_1_2' title="bbox 186 295 1191 2211">
     <span class='ocr_line' id='line_1_2' title="bbox 205 295 1188 359; baseline 0.005 -17"><span class='ocrx_word' id='word_1_2' title='bbox 205 305 306 358; x_wconf 81' lang='lat' dir='ltr'>quo</span> <span class='ocrx_word' id='word_1_3' title='bbox 342 306 435 358; x_wconf 83' lang='lat' dir='ltr'>per</span> <span class='ocrx_word' id='word_1_4' title='bbox 489 298 753 345; x_wconf 78' lang='lat' dir='ltr'><strong>aeternam</strong></span> <span class='ocrx_word' id='word_1_5' title='bbox 804 295 1188 359; x_wconf 77' lang='lat' dir='ltr'>generationem</span> 
     </span>
     <span class='ocr_line' id='line_1_3' title="bbox 204 365 1191 432; baseline 0.004 -16"><span class='ocrx_word' id='word_1_6' title='bbox 204 365 448 432; x_wconf 42' lang='lat' dir='ltr'>pnoeedimt</span> <span class='ocrx_word' id='word_1_7' title='bbox 517 365 636 423; x_wconf 73' lang='lat' dir='ltr'>Ideo</span> <span class='ocrx_word' id='word_1_8' title='bbox 725 367 928 419; x_wconf 76' lang='lat' dir='ltr'>Verbum</span> <span class='ocrx_word' id='word_1_9' title='bbox 1005 370 1191 421; x_wconf 89' lang='lat' dir='ltr'>dicitur</span> 
     </span>
     <span class='ocr_line' id='line_1_4' title="bbox 203 437 1184 509; baseline 0.005 -19"><span class='ocrx_word' id='word_1_10' title='bbox 203 437 354 500; x_wconf 75' lang='lat' dir='ltr'>Deus,</span> <span class='ocrx_word' id='word_1_11' title='bbox 398 445 450 491; x_wconf 87' lang='lat' dir='ltr'>et</span> <span class='ocrx_word' id='word_1_12' title='bbox 489 440 675 492; x_wconf 88' lang='lat' dir='ltr'>dicitur</span> <span class='ocrx_word' id='word_1_13' title='bbox 715 456 825 493; x_wconf 82' lang='lat' dir='ltr'>esse</span> <span class='ocrx_word' id='word_1_14' title='bbox 853 443 983 509; x_wconf 79' lang='lat' dir='ltr'>apud</span> <span class='ocrx_word' id='word_1_15' title='bbox 1010 443 1184 506; x_wconf 77' lang='lat' dir='ltr'>Deum,</span> 
     </span>
     <span class='ocr_line' id='line_1_5' title="bbox 201 514 1185 586; baseline 0.007 -23"><span class='ocrx_word' id='word_1_16' title='bbox 201 518 356 581; x_wconf 81' lang='lat' dir='ltr'>atque</span> <span class='ocrx_word' id='word_1_17' title='bbox 384 521 598 565; x_wconf 83' lang='lat' dir='ltr'>vocatur</span> <span class='ocrx_word' id='word_1_18' title='bbox 637 516 795 584; x_wconf 74' lang='lat' dir='ltr'>imaqo</span> <span class='ocrx_word' id='word_1_19' title='bbox 834 514 1026 577; x_wconf 73' lang='lat' dir='ltr'>Patris,</span> <span class='ocrx_word' id='word_1_20' title='bbox 1071 518 1185 586; x_wconf 83' lang='lat' dir='ltr'>quia</span> 
     </span>
     <span class='ocr_line' id='line_1_6' title="bbox 201 584 1190 658; baseline 0.007 -21"><span class='ocrx_word' id='word_1_21' title='bbox 201 584 360 639; x_wconf 87' lang='lat' dir='ltr'>Filius</span> <span class='ocrx_word' id='word_1_22' title='bbox 398 603 465 640; x_wconf 85' lang='lat' dir='ltr'>ex</span> <span class='ocrx_word' id='word_1_23' title='bbox 492 588 752 641; x_wconf 87' lang='lat' dir='ltr'>intellectu</span> <span class='ocrx_word' id='word_1_24' title='bbox 797 591 967 642; x_wconf 89' lang='lat' dir='ltr'>divino</span> <span class='ocrx_word' id='word_1_25' title='bbox 1017 607 1190 658; x_wconf 87' lang='lat' dir='ltr'>proce-</span> 
     </span>
     <span class='ocr_line' id='line_1_7' title="bbox 202 660 1185 731; baseline 0.006 -19"><span class='ocrx_word' id='word_1_26' title='bbox 202 660 327 713; x_wconf 87' lang='lat' dir='ltr'>dens</span> <span class='ocrx_word' id='word_1_27' title='bbox 366 669 444 714; x_wconf 87' lang='lat' dir='ltr'>est</span> <span class='ocrx_word' id='word_1_28' title='bbox 506 662 641 715; x_wconf 85' lang='lat' dir='ltr'>Patri</span> <span class='ocrx_word' id='word_1_29' title='bbox 703 664 1066 731; x_wconf 79' lang='lat' dir='ltr'>perfectissime</span> <span class='ocrx_word' id='word_1_30' title='bbox 1106 683 1185 718; x_wconf 88' lang='lat' dir='ltr'>ae·</span> 
     </span>
     <span class='ocr_line' id='line_1_8' title="bbox 200 734 1185 803; baseline 0.007 -18"><span class='ocrx_word' id='word_1_31' title='bbox 200 734 363 803; x_wconf 79' lang='lat' dir='ltr'>qualis</span> <span class='ocrx_word' id='word_1_32' title='bbox 401 742 455 788; x_wconf 85' lang='lat' dir='ltr'>et</span> <span class='ocrx_word' id='word_1_33' title='bbox 485 738 951 791; x_wconf 80' lang='lat' dir='ltr'>consubstantialis,</span> <span class='ocrx_word' id='word_1_34' title='bbox 996 740 1185 792; x_wconf 88' lang='lat' dir='ltr'>Eodem</span> 
     </span>
     <span class='ocr_line' id='line_1_9' title="bbox 200 811 1186 882; baseline 0.006 -22"><span class='ocrx_word' id='word_1_35' title='bbox 200 824 390 871; x_wconf 85' lang='lat' dir='ltr'>sensu,</span> <span class='ocrx_word' id='word_1_36' title='bbox 434 811 549 880; x_wconf 85' lang='lat' dir='ltr'>quia</span> <span class='ocrx_word' id='word_1_37' title='bbox 592 811 742 863; x_wconf 84' lang='lat' dir='ltr'>Pater</span> <span class='ocrx_word' id='word_1_38' title='bbox 788 812 916 865; x_wconf 93' lang='lat' dir='ltr'>Filio</span> <span class='ocrx_word' id='word_1_39' title='bbox 957 829 1046 882; x_wconf 87' lang='lat' dir='ltr'>per</span> <span class='ocrx_word' id='word_1_40' title='bbox 1106 831 1186 866; x_wconf 86' lang='lat' dir='ltr'>ae-</span> 
     </span>
     <span class='ocr_line' id='line_1_10' title="bbox 202 888 1181 951; baseline 0.005 -16"><span class='ocrx_word' id='word_1_41' title='bbox 202 890 403 936; x_wconf 83' lang='lat' dir='ltr'>ternam</span> <span class='ocrx_word' id='word_1_42' title='bbox 456 888 843 951; x_wconf 81' lang='lat' dir='ltr'>generationem</span> <span class='ocrx_word' id='word_1_43' title='bbox 908 890 1181 940; x_wconf 77' lang='lat' dir='ltr'>essentiam</span> 
     </span>
     <span class='ocr_line' id='line_1_11' title="bbox 200 961 1184 1020; baseline 0.005 -11"><span class='ocrx_word' id='word_1_44' title='bbox 200 972 344 1010; x_wconf 83' lang='lat' dir='ltr'>suam</span> <span class='ocrx_word' id='word_1_45' title='bbox 397 961 760 1020; x_wconf 81' lang='lat' dir='ltr'>communicat,</span> <span class='ocrx_word' id='word_1_46' title='bbox 828 961 940 1013; x_wconf 90' lang='lat' dir='ltr'>ideo</span> <span class='ocrx_word' id='word_1_47' title='bbox 1001 962 1184 1014; x_wconf 90' lang='lat' dir='ltr'>dicitur</span> 
     </span>
     <span class='ocr_line' id='line_1_12' title="bbox 199 1030 1183 1096; baseline 0.005 -13"><span class='ocrx_word' id='word_1_48' title='bbox 199 1030 386 1084; x_wconf 90' lang='lat' dir='ltr'>Filium</span> <span class='ocrx_word' id='word_1_49' title='bbox 415 1035 636 1096; x_wconf 88' lang='lat' dir='ltr'>mittere,</span> <span class='ocrx_word' id='word_1_50' title='bbox 681 1035 846 1086; x_wconf 90' lang='lat' dir='ltr'>eid-em</span> <span class='ocrx_word' id='word_1_51' title='bbox 899 1038 1069 1088; x_wconf 88' lang='lat' dir='ltr'>omnia</span> <span class='ocrx_word' id='word_1_52' title='bbox 1098 1037 1183 1089; x_wconf 89' lang='lat' dir='ltr'>de-</span> 
     </span>
     <span class='ocr_line' id='line_1_13' title="bbox 199 1109 1176 1169; baseline 0.007 -12"><span class='ocrx_word' id='word_1_53' title='bbox 199 1114 505 1169; x_wconf 86' lang='lat' dir='ltr'>monstrare,</span> <span class='ocrx_word' id='word_1_54' title='bbox 549 1109 707 1160; x_wconf 89' lang='lat' dir='ltr'>vitam</span> <span class='ocrx_word' id='word_1_55' title='bbox 772 1109 911 1162; x_wconf 85' lang='lat' dir='ltr'>dare</span> <span class='ocrx_word' id='word_1_56' title='bbox 960 1117 1058 1163; x_wconf 89' lang='lat' dir='ltr'>eto.</span> <span class='ocrx_word' id='word_1_57' title='bbox 1106 1110 1176 1164; x_wconf 79' lang='lat' dir='ltr'>Io,</span> 
     </span>
     <span class='ocr_line' id='line_1_14' title="bbox 200 1180 1181 1251; baseline 0.005 -20"><span class='ocrx_word' id='word_1_58' title='bbox 200 1181 289 1242; x_wconf 76' lang='lat' dir='ltr'>io,</span> <span class='ocrx_word' id='word_1_59' title='bbox 334 1180 424 1242; x_wconf 71' lang='lat'>511,</span> <span class='ocrx_word' id='word_1_60' title='bbox 467 1181 698 1234; x_wconf 88' lang='lat' dir='ltr'>Christus</span> <span class='ocrx_word' id='word_1_61' title='bbox 726 1199 827 1235; x_wconf 90' lang='lat' dir='ltr'>non</span> <span class='ocrx_word' id='word_1_62' title='bbox 868 1191 1022 1251; x_wconf 82' lang='lat' dir='ltr'>negat</span> <span class='ocrx_word' id='word_1_63' title='bbox 1055 1185 1181 1236; x_wconf 88' lang='lat' dir='ltr'>divi-</span> 
     </span>
     <span class='ocr_line' id='line_1_15' title="bbox 199 1255 1180 1318; baseline 0.005 -13"><span class='ocrx_word' id='word_1_64' title='bbox 199 1255 412 1307; x_wconf 77' lang='lat' dir='ltr'>nitatem</span> <span class='ocrx_word' id='word_1_65' title='bbox 454 1272 619 1318; x_wconf 89' lang='lat' dir='ltr'>suam,</span> <span class='ocrx_word' id='word_1_66' title='bbox 664 1258 750 1309; x_wconf 87' lang='lat' dir='ltr'>sed</span> <span class='ocrx_word' id='word_1_67' title='bbox 794 1274 907 1309; x_wconf 84' lang='lat' dir='ltr'>eam</span> <span class='ocrx_word' id='word_1_68' title='bbox 955 1259 1180 1311; x_wconf 85' lang='lat' dir='ltr'>defendit</span> 
     </span>
     <span class='ocr_line' id='line_1_16' title="bbox 196 1332 1180 1396; baseline 0.002 -15"><span class='ocrx_word' id='word_1_69' title='bbox 196 1336 500 1396; x_wconf 82' lang='lat' dir='ltr'>argumento</span> <span class='ocrx_word' id='word_1_70' title='bbox 528 1337 678 1383; x_wconf 87' lang='lat' dir='ltr'>utens</span> <span class='ocrx_word' id='word_1_71' title='bbox 705 1348 734 1383; x_wconf 88' lang='lat' dir='ltr'>a</span> <span class='ocrx_word' id='word_1_72' title='bbox 767 1332 947 1384; x_wconf 90' lang='lat' dir='ltr'>minori</span> <span class='ocrx_word' id='word_1_73' title='bbox 981 1333 1042 1384; x_wconf 87' lang='lat' dir='ltr'>ad</span> <span class='ocrx_word' id='word_1_74' title='bbox 1076 1350 1180 1385; x_wconf 81' lang='lat' dir='ltr'>ma-</span> 
     </span>
     <span class='ocr_line' id='line_1_17' title="bbox 196 1400 1179 1475; baseline 0.006 -22"><span class='ocrx_word' id='word_1_75' title='bbox 196 1402 294 1454; x_wconf 85' lang='lat' dir='ltr'>ius:</span> <span class='ocrx_word' id='word_1_76' title='bbox 337 1400 388 1455; x_wconf 90' lang='lat' dir='ltr'>Si</span> <span class='ocrx_word' id='word_1_77' title='bbox 431 1404 497 1455; x_wconf 91' lang='lat' dir='ltr'>dii</span> <span class='ocrx_word' id='word_1_78' title='bbox 539 1411 791 1457; x_wconf 86' lang='lat' dir='ltr'>vocantur</span> <span class='ocrx_word' id='word_1_79' title='bbox 831 1406 923 1467; x_wconf 89' lang='lat' dir='ltr'>illi,</span> <span class='ocrx_word' id='word_1_80' title='bbox 980 1408 1029 1458; x_wconf 90' lang='lat' dir='ltr'>in</span> <span class='ocrx_word' id='word_1_81' title='bbox 1073 1407 1179 1475; x_wconf 86' lang='lat' dir='ltr'>qui—</span> 
     </span>
     <span class='ocr_line' id='line_1_18' title="bbox 196 1475 1177 1547; baseline 0.006 -20"><span class='ocrx_word' id='word_1_82' title='bbox 196 1475 292 1528; x_wconf 88' lang='lat' dir='ltr'>bus</span> <span class='ocrx_word' id='word_1_83' title='bbox 330 1480 609 1530; x_wconf 82' lang='lat' dir='ltr'>auctoritas</span> <span class='ocrx_word' id='word_1_84' title='bbox 634 1480 887 1547; x_wconf 84' lang='lat' dir='ltr'>quaedam</span> <span class='ocrx_word' id='word_1_85' title='bbox 917 1481 1088 1533; x_wconf 84' lang='lat' dir='ltr'>elucet</span> <span class='ocrx_word' id='word_1_86' title='bbox 1128 1488 1177 1533; x_wconf 90' lang='lat' dir='ltr'>et</span> 
     </span>
     <span class='ocr_line' id='line_1_19' title="bbox 194 1550 1175 1623; baseline 0.005 -22"><span class='ocrx_word' id='word_1_87' title='bbox 194 1550 450 1603; x_wconf 83' lang='lat' dir='ltr'>iudicandi</span> <span class='ocrx_word' id='word_1_88' title='bbox 491 1559 732 1621; x_wconf 81' lang='lat' dir='ltr'>potestas,</span> <span class='ocrx_word' id='word_1_89' title='bbox 778 1561 969 1622; x_wconf 85' lang='lat' dir='ltr'>quanto</span> <span class='ocrx_word' id='word_1_90' title='bbox 997 1556 1175 1623; x_wconf 90' lang='lat' dir='ltr'>potiori</span> 
     </span>
     <span class='ocr_line' id='line_1_20' title="bbox 195 1625 1172 1690; baseline 0.005 -14"><span class='ocrx_word' id='word_1_91' title='bbox 195 1625 389 1683; x_wconf 87' lang='lat' dir='ltr'>ratione</span> <span class='ocrx_word' id='word_1_92' title='bbox 455 1626 497 1677; x_wconf 85' lang='lat' dir='ltr'>is</span> <span class='ocrx_word' id='word_1_93' title='bbox 554 1626 691 1679; x_wconf 89' lang='lat' dir='ltr'>Deus</span> <span class='ocrx_word' id='word_1_94' title='bbox 756 1628 1004 1681; x_wconf 83' lang='lat' dir='ltr'>dicendus</span> <span class='ocrx_word' id='word_1_95' title='bbox 1069 1636 1172 1690; x_wconf 87' lang='lat' dir='ltr'>est,</span> 
     </span>
     <span class='ocr_line' id='line_1_21' title="bbox 192 1699 1176 1770; baseline 0.005 -21"><span class='ocrx_word' id='word_1_96' title='bbox 192 1714 341 1767; x_wconf 90' lang='lat' dir='ltr'>quem</span> <span class='ocrx_word' id='word_1_97' title='bbox 386 1699 535 1751; x_wconf 83' lang='lat' dir='ltr'>Pater</span> <span class='ocrx_word' id='word_1_98' title='bbox 576 1707 649 1753; x_wconf 87' lang='lat' dir='ltr'>tot</span> <span class='ocrx_word' id='word_1_99' title='bbox 689 1701 948 1754; x_wconf 83' lang='lat' dir='ltr'>miraculis</span> <span class='ocrx_word' id='word_1_100' title='bbox 1006 1704 1176 1770; x_wconf 85' lang='lat' dir='ltr'>signa-</span> 
     </span>
     <span class='ocr_line' id='line_1_22' title="bbox 194 1773 1177 1844; baseline 0.006 -22"><span class='ocrx_word' id='word_1_101' title='bbox 194 1774 284 1833; x_wconf 88' lang='lat' dir='ltr'>vit,</span> <span class='ocrx_word' id='word_1_102' title='bbox 353 1781 404 1825; x_wconf 89' lang='lat' dir='ltr'>et</span> <span class='ocrx_word' id='word_1_103' title='bbox 460 1773 646 1825; x_wconf 89' lang='lat' dir='ltr'>Filium</span> <span class='ocrx_word' id='word_1_104' title='bbox 711 1791 860 1828; x_wconf 83' lang='lat' dir='ltr'>suum</span> <span class='ocrx_word' id='word_1_105' title='bbox 915 1776 1177 1844; x_wconf 77' lang='lat' dir='ltr'>probavit?</span> 
     </span>
     <span class='ocr_line' id='line_1_23' title="bbox 190 1844 1175 1917; baseline 0.005 -21"><span class='ocrx_word' id='word_1_106' title='bbox 190 1844 318 1897; x_wconf 90' lang='lat' dir='ltr'>Tum</span> <span class='ocrx_word' id='word_1_107' title='bbox 357 1846 419 1898; x_wconf 87' lang='lat' dir='ltr'>ad</span> <span class='ocrx_word' id='word_1_108' title='bbox 475 1847 521 1897; x_wconf 89' lang='lat' dir='ltr'>id</span> <span class='ocrx_word' id='word_1_109' title='bbox 566 1848 714 1909; x_wconf 89' lang='lat' dir='ltr'>redit,</span> <span class='ocrx_word' id='word_1_110' title='bbox 759 1850 890 1917; x_wconf 89' lang='lat' dir='ltr'>quod</span> <span class='ocrx_word' id='word_1_111' title='bbox 930 1851 1070 1917; x_wconf 88' lang='lat' dir='ltr'>prius</span> <span class='ocrx_word' id='word_1_112' title='bbox 1106 1851 1175 1901; x_wconf 90' lang='lat' dir='ltr'>di-</span> 
     </span>
     <span class='ocr_line' id='line_1_24' title="bbox 188 1921 1174 1978; baseline 0.006 -8"><span class='ocrx_word' id='word_1_113' title='bbox 188 1926 357 1978; x_wconf 84' lang='lat' dir='ltr'>xerat,</span> <span class='ocrx_word' id='word_1_114' title='bbox 402 1927 531 1972; x_wconf 82' lang='lat' dir='ltr'>etv,</span> <span class='ocrx_word' id='word_1_115' title='bbox 579 1921 648 1973; x_wconf 81' lang='lat'>58</span> <span class='ocrx_word' id='word_1_116' title='bbox 677 1924 774 1974; x_wconf 85' lang='lat' dir='ltr'>ait:</span> <span class='ocrx_word' id='word_1_117' title='bbox 819 1924 873 1975; x_wconf 80' lang='lat' dir='ltr'>Si</span> <span class='ocrx_word' id='word_1_118' title='bbox 909 1924 1035 1975; x_wconf 72' lang='lat' dir='ltr'>milei</span> <span class='ocrx_word' id='word_1_119' title='bbox 1079 1940 1174 1976; x_wconf 74' lang='lat' dir='ltr'>non</span> 
     </span>
     <span class='ocr_line' id='line_1_25' title="bbox 188 1993 1175 2063; baseline 0.004 -18"><span class='ocrx_word' id='word_1_120' title='bbox 188 1993 335 2045; x_wconf 73' lang='lat' dir='ltr'>vullis</span> <span class='ocrx_word' id='word_1_121' title='bbox 376 1994 586 2057; x_wconf 78' lang='lat' dir='ltr'>credere,</span> <span class='ocrx_word' id='word_1_122' title='bbox 630 1996 852 2063; x_wconf 76' lang='lat' dir='ltr'>operibus</span> <span class='ocrx_word' id='word_1_123' title='bbox 900 1998 1077 2049; x_wconf 73' lang='lat' dir='ltr'>credite</span> <span class='ocrx_word' id='word_1_124' title='bbox 1122 2006 1175 2050; x_wconf 73' lang='lat' dir='ltr'>nt</span> 
     </span>
     <span class='ocr_line' id='line_1_26' title="bbox 188 2069 1175 2138; baseline 0.009 -21"><span class='ocrx_word' id='word_1_125' title='bbox 188 2069 484 2135; x_wconf 71' lang='lat' dir='ltr'>coyviosoaci‘s</span> <span class='ocrx_word' id='word_1_126' title='bbox 525 2077 566 2120; x_wconf 77' lang='lat' dir='ltr'>et</span> <span class='ocrx_word' id='word_1_127' title='bbox 602 2070 831 2129; x_wconf 76' lang='lat' dir='ltr'>credatis,</span> <span class='ocrx_word' id='word_1_128' title='bbox 872 2074 993 2138; x_wconf 78' lang='lat' dir='ltr'>quia</span> <span class='ocrx_word' id='word_1_129' title='bbox 1021 2073 1175 2126; x_wconf 79' lang='lat' dir='ltr'>Pater</span> 
     </span>
     <span class='ocr_line' id='line_1_27' title="bbox 186 2140 973 2211; baseline 0.009 -20"><span class='ocrx_word' id='word_1_130' title='bbox 186 2140 350 2194; x_wconf 73' lang='lat' dir='ltr'>inme</span> <span class='ocrx_word' id='word_1_131' title='bbox 388 2149 480 2205; x_wconf 73' lang='lat' dir='ltr'>est,</span> <span class='ocrx_word' id='word_1_132' title='bbox 519 2150 562 2194; x_wconf 80' lang='lat' dir='ltr'>ec</span> <span class='ocrx_word' id='word_1_133' title='bbox 599 2159 680 2211; x_wconf 73' lang='lat' dir='ltr'>eqo</span> <span class='ocrx_word' id='word_1_134' title='bbox 722 2145 774 2196; x_wconf 78' lang='lat' dir='ltr'>in</span> <span class='ocrx_word' id='word_1_135' title='bbox 808 2145 973 2198; x_wconf 79' lang='lat' dir='ltr'>Patre.</span> 
     </span>
    </p>
   </div>
   <div class='ocr_carea' id='block_1_3' title="bbox 596 2265 759 2323">
    <p class='ocr_par' dir='ltr' id='par_1_3' title="bbox 596 2265 759 2323">
     <span class='ocr_line' id='line_1_28' title="bbox 596 2265 759 2323; baseline 0.006 -13"><span class='ocrx_word' id='word_1_136' title='bbox 596 2265 634 2323; x_wconf 58' lang='grc' dir='ltr'><strong>ς</strong></span> <span class='ocrx_word' id='word_1_137' title='bbox 655 2266 759 2311; x_wconf 72' lang='grc'>94.</span> 
     </span>
    </p>
   </div>
   <div class='ocr_carea' id='block_1_4' title="bbox 313 2353 1037 2392">
    <p class='ocr_par' dir='ltr' id='par_1_4' title="bbox 313 2353 1037 2392">
     <span class='ocr_line' id='line_1_29' title="bbox 313 2353 1037 2392; baseline 0.007 -5"><span class='ocrx_word' id='word_1_138' title='bbox 313 2353 376 2387; x_wconf 86' lang='lat'>111.</span> <span class='ocrx_word' id='word_1_139' title='bbox 402 2354 455 2388; x_wconf 84' lang='lat' dir='ltr'>Ex</span> <span class='ocrx_word' id='word_1_140' title='bbox 479 2353 533 2390; x_wconf 88' lang='lat' dir='ltr'>Ss.</span> <span class='ocrx_word' id='word_1_141' title='bbox 565 2355 731 2390; x_wconf 83' lang='lat' dir='ltr'>Patribus</span> <span class='ocrx_word' id='word_1_142' title='bbox 760 2356 1037 2392; x_wconf 82' lang='lat' dir='ltr'>ante-nicaenis.</span> 
     </span>
    </p>
   </div>
   <div class='ocr_carea' id='block_1_5' title="bbox 177 2433 1170 3159">
    <p class='ocr_par' dir='ltr' id='par_1_5' title="bbox 177 2433 1170 3159">
     <span class='ocr_line' id='line_1_30' title="bbox 250 2433 1170 2493; baseline 0.005 -6"><span class='ocrx_word' id='word_1_143' title='bbox 250 2433 506 2489; x_wconf 82' lang='lat' dir='ltr'>Socininni</span> <span class='ocrx_word' id='word_1_144' title='bbox 549 2445 600 2489; x_wconf 88' lang='lat' dir='ltr'>et</span> <span class='ocrx_word' id='word_1_145' title='bbox 654 2439 843 2491; x_wconf 83' lang='lat' dir='ltr'>caeteri</span> <span class='ocrx_word' id='word_1_146' title='bbox 886 2440 1170 2493; x_wconf 87' lang='lat' dir='ltr'>divinitatis</span> 
     </span>
     <span class='ocr_line' id='line_1_31' title="bbox 180 2507 1168 2582; baseline 0.007 -22"><span class='ocrx_word' id='word_1_147' title='bbox 180 2507 363 2562; x_wconf 83' lang='lat' dir='ltr'>Christi</span> <span class='ocrx_word' id='word_1_148' title='bbox 393 2510 672 2564; x_wconf 83' lang='lat' dir='ltr'>adversarii</span> <span class='ocrx_word' id='word_1_149' title='bbox 703 2528 802 2564; x_wconf 89' lang='lat' dir='ltr'>non</span> <span class='ocrx_word' id='word_1_150' title='bbox 834 2522 1026 2581; x_wconf 83' lang='lat' dir='ltr'>negant</span> <span class='ocrx_word' id='word_1_151' title='bbox 1056 2522 1168 2582; x_wconf 86' lang='lat' dir='ltr'>post</span> 
     </span>
     <span class='ocr_line' id='line_1_32' title="bbox 180 2584 1170 2640; baseline 0.005 -5"><span class='ocrx_word' id='word_1_152' title='bbox 180 2584 450 2636; x_wconf 85' lang='lat' dir='ltr'>concilium</span> <span class='ocrx_word' id='word_1_153' title='bbox 513 2586 791 2638; x_wconf 71' lang='lat' dir='ltr'>Nicaemim</span> <span class='ocrx_word' id='word_1_154' title='bbox 850 2588 880 2638; x_wconf 95' lang='lat' dir='ltr'><strong><em>I</em></strong></span> <span class='ocrx_word' id='word_1_155' title='bbox 939 2603 1170 2640; x_wconf 87' lang='lat' dir='ltr'>commu-</span> 
     </span>
     <span class='ocr_line' id='line_1_33' title="bbox 181 2658 1162 2724; baseline 0.006 -16"><span class='ocrx_word' id='word_1_156' title='bbox 181 2672 294 2708; x_wconf 88' lang='lat' dir='ltr'>nem</span> <span class='ocrx_word' id='word_1_157' title='bbox 329 2659 485 2711; x_wconf 87' lang='lat' dir='ltr'>fuisse</span> <span class='ocrx_word' id='word_1_158' title='bbox 546 2658 928 2713; x_wconf 85' lang='lat' dir='ltr'>Catholicorum</span> <span class='ocrx_word' id='word_1_159' title='bbox 988 2661 1162 2724; x_wconf 90' lang='lat' dir='ltr'>fidem,</span> 
     </span>
     <span class='ocr_line' id='line_1_34' title="bbox 180 2730 1166 2798; baseline 0.007 -17"><span class='ocrx_word' id='word_1_160' title='bbox 180 2730 307 2798; x_wconf 78' lang='lat' dir='ltr'>quod</span> <span class='ocrx_word' id='word_1_161' title='bbox 372 2732 515 2785; x_wconf 88' lang='lat' dir='ltr'>lesus</span> <span class='ocrx_word' id='word_1_162' title='bbox 577 2732 812 2787; x_wconf 88' lang='lat' dir='ltr'>Christus</span> <span class='ocrx_word' id='word_1_163' title='bbox 873 2735 939 2787; x_wconf 89' lang='lat' dir='ltr'>sit</span> <span class='ocrx_word' id='word_1_164' title='bbox 1010 2751 1166 2788; x_wconf 89' lang='lat' dir='ltr'>verus</span> 
     </span>
     <span class='ocr_line' id='line_1_35' title="bbox 180 2803 1164 2881; baseline 0.008 -28"><span class='ocrx_word' id='word_1_165' title='bbox 180 2803 333 2868; x_wconf 69' lang='lat' dir='ltr'>Deusg.</span> <span class='ocrx_word' id='word_1_166' title='bbox 377 2806 526 2859; x_wconf 77' lang='lat' dir='ltr'>aliter</span> <span class='ocrx_word' id='word_1_167' title='bbox 565 2817 741 2863; x_wconf 85' lang='lat' dir='ltr'>autem</span> <span class='ocrx_word' id='word_1_168' title='bbox 809 2807 871 2860; x_wconf 89' lang='lat' dir='ltr'>de</span> <span class='ocrx_word' id='word_1_169' title='bbox 941 2809 1164 2881; x_wconf 82' lang='lat' dir='ltr'>saeculis</span> 
     </span>
     <span class='ocr_line' id='line_1_36' title="bbox 180 2882 1162 2946; baseline 0.004 -15"><span class='ocrx_word' id='word_1_170' title='bbox 180 2882 598 2946; x_wconf 83' lang='lat' dir='ltr'>praecedentibus</span> <span class='ocrx_word' id='word_1_171' title='bbox 638 2884 888 2937; x_wconf 84' lang='lat' dir='ltr'>iudicant.</span> <span class='ocrx_word' id='word_1_172' title='bbox 957 2883 1053 2936; x_wconf 90' lang='lat' dir='ltr'>Ast</span> <span class='ocrx_word' id='word_1_173' title='bbox 1112 2885 1162 2935; x_wconf 89' lang='lat' dir='ltr'>in</span> 
     </span>
     <span class='ocr_line' id='line_1_37' title="bbox 179 2953 1163 3023; baseline 0.007 -19"><span class='ocrx_word' id='word_1_174' title='bbox 179 2953 253 3004; x_wconf 87' lang='lat' dir='ltr'>his</span> <span class='ocrx_word' id='word_1_175' title='bbox 302 2970 502 3023; x_wconf 89' lang='lat' dir='ltr'>quoque</span> <span class='ocrx_word' id='word_1_176' title='bbox 562 2957 715 3011; x_wconf 89' lang='lat' dir='ltr'>fidem</span> <span class='ocrx_word' id='word_1_177' title='bbox 768 2958 831 3010; x_wconf 87' lang='lat' dir='ltr'>de</span> <span class='ocrx_word' id='word_1_178' title='bbox 895 2957 1163 3011; x_wconf 89' lang='lat' dir='ltr'>divinitate</span> 
     </span>
     <span class='ocr_line' id='line_1_38' title="bbox 178 3025 1163 3092; baseline 0.007 -15"><span class='ocrx_word' id='word_1_179' title='bbox 178 3025 358 3079; x_wconf 84' lang='lat' dir='ltr'>Christi</span> <span class='ocrx_word' id='word_1_180' title='bbox 401 3031 743 3084; x_wconf 86' lang='lat' dir='ltr'>universalem</span> <span class='ocrx_word' id='word_1_181' title='bbox 773 3032 946 3092; x_wconf 76' lang='lat' dir='ltr'>tuisse,</span> <span class='ocrx_word' id='word_1_182' title='bbox 992 3042 1163 3084; x_wconf 86' lang='lat' dir='ltr'>osten-</span> 
     </span>
     <span class='ocr_line' id='line_1_39' title="bbox 177 3099 1161 3159; baseline 0.009 -8"><span class='ocrx_word' id='word_1_183' title='bbox 177 3099 298 3152; x_wconf 84' lang='lat' dir='ltr'>dunt</span> <span class='ocrx_word' id='word_1_184' title='bbox 325 3101 462 3153; x_wconf 86' lang='lat' dir='ltr'>clara</span> <span class='ocrx_word' id='word_1_185' title='bbox 504 3103 586 3156; x_wconf 84' lang='lat' dir='ltr'>Ss.</span> <span class='ocrx_word' id='word_1_186' title='bbox 631 3106 839 3159; x_wconf 86' lang='lat' dir='ltr'>Patrum</span> <span class='ocrx_word' id='word_1_187' title='bbox 868 3107 1161 3159; x_wconf 87' lang='lat' dir='ltr'>antenicae-</span> 
     </span>
    </p>
   </div>
   <div class='ocr_carea' id='block_1_6' title="bbox 176 3176 1158 3337">
    <p class='ocr_par' dir='ltr' id='par_1_6' title="bbox 176 3176 1158 3337">
     <span class='ocr_line' id='line_1_40' title="bbox 176 3176 569 3230; baseline 0.008 -4"><span class='ocrx_word' id='word_1_188' title='bbox 176 3188 356 3227; x_wconf 88' lang='lat' dir='ltr'>norum</span> <span class='ocrx_word' id='word_1_189' title='bbox 394 3176 569 3230; x_wconf 85' lang='lat' dir='ltr'>effata.</span> 
     </span>
     <span class='ocr_line' id='line_1_41' title="bbox 207 3247 1158 3337; baseline 0.009 -37.333"><span class='ocrx_word' id='word_1_190' title='bbox 207 3247 288 3300; x_wconf 85' lang='lat'>1⁰</span> <span class='ocrx_word' id='word_1_191' title='bbox 325 3248 544 3302; x_wconf 84' lang='lat' dir='ltr'>Saeculo</span> <span class='ocrx_word' id='word_1_192' title='bbox 581 3250 633 3304; x_wconf 92' lang='lat' dir='ltr'>S.</span> <span class='ocrx_word' id='word_1_193' title='bbox 668 3250 886 3307; x_wconf 81' lang='lat' dir='ltr'>Clemens</span> <span class='ocrx_word' id='word_1_194' title='bbox 914 3253 1057 3337; x_wconf 85' lang='lat' dir='ltr'>Rom.</span> <span class='ocrx_word' id='word_1_195' title='bbox 1082 3251 1158 3327; x_wconf 79' lang='lat' dir='ltr'>(i)</span> 
     </span>
    </p>
   </div>
   <div class='ocr_carea' id='block_1_7' title="bbox 214 3348 913 3499">
    <p class='ocr_par' dir='ltr' id='par_1_7' title="bbox 214 3348 903 3496">
     <span class='ocr_line' id='line_1_42' title="bbox 214 3348 783 3451; baseline 0.009 -53"><span class='ocrx_word' id='word_1_196' title='bbox 214 3348 344 3451; x_wconf 60' lang='lat' dir='ltr'>gp</span> <span class='ocrx_word' id='word_1_197' title='bbox 292 3365 357 3408; x_wconf 85' lang='lat' dir='ltr'>Ep.</span> <span class='ocrx_word' id='word_1_198' title='bbox 381 3366 425 3400; x_wconf 91' lang='lat'>11.</span> <span class='ocrx_word' id='word_1_199' title='bbox 460 3366 504 3400; x_wconf 85' lang='lat' dir='ltr'>ad</span> <span class='ocrx_word' id='word_1_200' title='bbox 526 3367 661 3402; x_wconf 85' lang='lat' dir='ltr'>Corint.</span> <span class='ocrx_word' id='word_1_201' title='bbox 689 3377 725 3403; x_wconf 92' lang='lat' dir='ltr'>n.</span> <span class='ocrx_word' id='word_1_202' title='bbox 752 3368 783 3403; x_wconf 90' lang='lat'>1.</span> 
     </span>
     <span class='ocr_line' id='line_1_43' title="bbox 293 3410 508 3453; baseline 0.005 -9"><span class='ocrx_word' id='word_1_203' title='bbox 293 3410 404 3453; x_wconf 79' lang='lat' dir='ltr'>Epist.</span> <span class='ocrx_word' id='word_1_204' title='bbox 430 3419 463 3444; x_wconf 90' lang='lat' dir='ltr'>n.</span> <span class='ocrx_word' id='word_1_205' title='bbox 477 3410 508 3445; x_wconf 75' lang='lat'>5.</span> 
     </span>
     <span class='ocr_line' id='line_1_44' title="bbox 214 3453 913 3499; baseline 0.007 -13"><span class='ocrx_word' id='word_1_206' title='bbox 214 3453 331 3498; x_wconf 75' lang='lat' dir='ltr'>(3)n1</span> <span class='ocrx_word' id='word_1_207' title='bbox 320 3455 447 3490; x_wconf 71' lang='lat' dir='ltr'>ipast.</span> <span class='ocrx_word' id='word_1_208' title='bbox 487 3454 913 3499; x_wconf 78' lang='lat' dir='ltr'>1.3simito..n14</span> 
     </span>
    </p>
   </div>
   <div class='ocr_carea' id='block_1_8' title="bbox 215 3454 1156 3547">
    <p class='ocr_par' dir='ltr' id='par_1_8' title="bbox 215 3454 1156 3547">
     <span class='ocr_line' id='line_1_45' title="bbox 215 3454 1156 3547; baseline 0.006 -14"><span class='ocrx_word' id='word_1_209' title='bbox 215 3454 269 3542; x_wconf 80' lang='lat'>(4)</span> <span class='ocrx_word' id='word_1_210' title='bbox 255 3497 328 3541; x_wconf 83' lang='grc' dir='ltr'>).Ν</span> <span class='ocrx_word' id='word_1_211' title='bbox 605 3499 658 3542; x_wconf 74' lang='lat'>(5)</span> <span class='ocrx_word' id='word_1_212' title='bbox 684 3500 723 3535; x_wconf 97' lang='grc' dir='ltr'>Ν.</span> <span class='ocrx_word' id='word_1_213' title='bbox 758 3499 790 3536; x_wconf 89' lang='grc'>8.</span> <span class='ocrx_word' id='word_1_214' title='bbox 979 3502 1032 3547; x_wconf 73' lang='lat' dir='ltr'>(G)</span> <span class='ocrx_word' id='word_1_215' title='bbox 1055 3502 1097 3538; x_wconf 80' lang='lat' dir='ltr'>N.</span> <span class='ocrx_word' id='word_1_216' title='bbox 1121 3501 1156 3539; x_wconf 74' lang='lat'>¹2.</span> 
     </span>
    </p>
   </div>
   <div class='ocr_carea' id='block_1_9' title="bbox 207 122 2252 293">
    <p class='ocr_par' dir='ltr' id='par_1_9' title="bbox 207 122 2252 289">
     <span class='ocr_line' id='line_1_46' title="bbox 887 122 1626 177; baseline 0.003 -2"><span class='ocrx_word' id='word_1_217' title='bbox 887 131 951 175; x_wconf 75' lang='lat' dir='ltr'>nn</span> <span class='ocrx_word' id='word_1_218' title='bbox 990 138 1083 177; x_wconf 74' lang='lat' dir='ltr'>nso</span> <span class='ocrx_word' id='word_1_219' title='bbox 1121 137 1174 176; x_wconf 75' lang='lat' dir='ltr'>in</span> <span class='ocrx_word' id='word_1_220' title='bbox 1209 138 1264 177; x_wconf 73' lang='lat' dir='ltr'>su</span> <span class='ocrx_word' id='word_1_221' title='bbox 1299 122 1561 177; x_wconf 65' lang='lat' dir='ltr'>senc-ruo.</span> <span class='ocrx_word' id='word_1_222' title='bbox 1624 130 1626 133; x_wconf 81' lang='grc'><strong>’</strong></span> 
     </span>
     <span class='ocr_line' id='line_1_47' title="bbox 207 213 2252 293; baseline 0.003 -25"><span class='ocrx_word' id='word_1_223' title='bbox 207 213 404 293; x_wconf 79' lang='lat' dir='ltr'>litatem</span> <span class='ocrx_word' id='word_1_224' title='bbox 444 230 567 270; x_wconf 85' lang='lat' dir='ltr'>vero</span> <span class='ocrx_word' id='word_1_225' title='bbox 605 232 635 269; x_wconf 84' lang='lat' dir='ltr'>a</span> <span class='ocrx_word' id='word_1_226' title='bbox 662 214 812 271; x_wconf 84' lang='lat' dir='ltr'>Patre</span> <span class='ocrx_word' id='word_1_227' title='bbox 853 218 1118 287; x_wconf 81' lang='lat' dir='ltr'>distingui,</span> <span class='ocrx_word' id='word_1_228' title='bbox 1162 237 1194 273; x_wconf 86' lang='lat' dir='ltr'>a</span> <span class='ocrx_word' id='word_1_229' title='bbox 1253 220 1439 289; x_wconf 84' lang='lat' dir='ltr'>inquit:</span> <span class='ocrx_word' id='word_1_230' title='bbox 1489 238 1515 269; x_wconf 83' lang='lat'>«</span> <span class='ocrx_word' id='word_1_231' title='bbox 1559 218 1767 272; x_wconf 81' lang='lat' dir='ltr'>Fratres</span> <span class='ocrx_word' id='word_1_232' title='bbox 1805 217 1877 272; x_wconf 84' lang='lat' dir='ltr'>ita</span> <span class='ocrx_word' id='word_1_233' title='bbox 1916 223 2120 287; x_wconf 76' lang='lat' dir='ltr'>oportet</span> <span class='ocrx_word' id='word_1_234' title='bbox 2152 233 2252 275; x_wconf 69' lang='lat' dir='ltr'>nos</span> 
     </span>
    </p>
   </div>
   <div class='ocr_carea' id='block_1_10' title="bbox 1253 293 2303 363">
    <p class='ocr_par' dir='ltr' id='par_1_10' title="bbox 1253 293 2303 363">
     <span class='ocr_line' id='line_1_48' title="bbox 1253 293 2303 363; baseline 0.001 -17"><span class='ocrx_word' id='word_1_235' title='bbox 1253 295 1446 346; x_wconf 86' lang='lat' dir='ltr'>sentire</span> <span class='ocrx_word' id='word_1_236' title='bbox 1511 294 1573 345; x_wconf 90' lang='lat' dir='ltr'>de</span> <span class='ocrx_word' id='word_1_237' title='bbox 1615 293 1841 345; x_wconf 67' lang='lat' dir='ltr'>Christo</span> <span class='ocrx_word' id='word_1_238' title='bbox 1892 299 2139 363; x_wconf 82' lang='lat' dir='ltr'>tanquam</span> <span class='ocrx_word' id='word_1_239' title='bbox 2181 294 2279 350; x_wconf 79' lang='lat' dir='ltr'>de·</span> <span class='ocrx_word' id='word_1_240' title='bbox 2299 332 2303 335; x_wconf 78' lang='grc'><strong>-</strong></span> 
     </span>
    </p>
   </div>
   <div class='ocr_carea' id='block_1_11' title="bbox 1255 366 2306 428">
    <p class='ocr_par' dir='ltr' id='par_1_11' title="bbox 1255 366 2306 428">
     <span class='ocr_line' id='line_1_49' title="bbox 1255 366 2306 428; baseline 0 -7"><span class='ocrx_word' id='word_1_241' title='bbox 1255 369 1377 428; x_wconf 89' lang='lat' dir='ltr'>Deo,</span> <span class='ocrx_word' id='word_1_242' title='bbox 1427 367 1594 419; x_wconf 85' lang='lat' dir='ltr'>iudice</span> <span class='ocrx_word' id='word_1_243' title='bbox 1633 366 1870 420; x_wconf 82' lang='lat' dir='ltr'>vivorum</span> <span class='ocrx_word' id='word_1_244' title='bbox 1914 376 1964 421; x_wconf 88' lang='lat' dir='ltr'>et</span> <span class='ocrx_word' id='word_1_245' title='bbox 2017 376 2243 423; x_wconf 88' lang='lat' dir='ltr'>mortuo-</span> <span class='ocrx_word' id='word_1_246' title='bbox 2293 371 2306 421; x_wconf 70' lang='grc' dir='ltr'>’.ἱ</span> 
     </span>
    </p>
   </div>
   <div class='ocr_carea' id='block_1_12' title="bbox 1252 437 2294 514">
    <p class='ocr_par' dir='ltr' id='par_1_12' title="bbox 1252 437 2294 514">
     <span class='ocr_line' id='line_1_50' title="bbox 1252 437 2294 514; baseline 0.003 -20"><span class='ocrx_word' id='word_1_247' title='bbox 1252 458 1384 494; x_wconf 88' lang='lat' dir='ltr'>rum.</span> <span class='ocrx_word' id='word_1_248' title='bbox 1433 460 1460 511; x_wconf 69' lang='grc' dir='ltr'>ι)</span> <span class='ocrx_word' id='word_1_249' title='bbox 1503 440 1560 494; x_wconf 83' lang='lat' dir='ltr'><strong><em>S.</em></strong></span> <span class='ocrx_word' id='word_1_250' title='bbox 1595 439 1931 512; x_wconf 72' lang='lat' dir='ltr'>Barnabas-(2</span> <span class='ocrx_word' id='word_1_251' title='bbox 1935 441 1953 514; x_wconf 94' lang='lat'><em>)</em></span> <span class='ocrx_word' id='word_1_252' title='bbox 1995 444 2058 495; x_wconf 90' lang='lat' dir='ltr'>de</span> <span class='ocrx_word' id='word_1_253' title='bbox 2097 443 2242 497; x_wconf 90' lang='lat' dir='ltr'>Chri·</span> <span class='ocrx_word' id='word_1_254' title='bbox 2287 437 2294 439; x_wconf 56' lang='grc'><strong>’</strong></span> 
     </span>
    </p>
   </div>
   <div class='ocr_carea' id='block_1_13' title="bbox 1249 515 2314 583">
    <p class='ocr_par' dir='ltr' id='par_1_13' title="bbox 1249 515 2314 583">
     <span class='ocr_line' id='line_1_51' title="bbox 1249 515 2314 583; baseline 0.002 -14"><span class='ocrx_word' id='word_1_255' title='bbox 1249 523 1327 569; x_wconf 86' lang='lat' dir='ltr'>sto</span> <span class='ocrx_word' id='word_1_256' title='bbox 1385 515 1526 568; x_wconf 87' lang='lat' dir='ltr'>dicit:</span> <span class='ocrx_word' id='word_1_257' title='bbox 1599 533 1643 564; x_wconf 81' lang='grc'>«-</span> <span class='ocrx_word' id='word_1_258' title='bbox 1695 515 1939 568; x_wconf 81' lang='lat' dir='ltr'>Dominus</span> <span class='ocrx_word' id='word_1_259' title='bbox 1997 518 2240 577; x_wconf 85' lang='lat' dir='ltr'>sustinuit</span> <span class='ocrx_word' id='word_1_260' title='bbox 2303 539 2314 583; x_wconf 66' lang='lat' dir='ltr'><em>j</em></span> 
     </span>
    </p>
   </div>
   <div class='ocr_carea' id='block_1_14' title="bbox 1252 589 2241 659">
    <p class='ocr_par' dir='ltr' id='par_1_14' title="bbox 1252 589 2241 659">
     <span class='ocr_line' id='line_1_52' title="bbox 1252 589 2241 659; baseline 0.005 -18"><span class='ocrx_word' id='word_1_261' title='bbox 1252 591 1351 659; x_wconf 86' lang='lat' dir='ltr'>pati</span> <span class='ocrx_word' id='word_1_262' title='bbox 1407 606 1495 658; x_wconf 83' lang='lat' dir='ltr'>pro</span> <span class='ocrx_word' id='word_1_263' title='bbox 1559 589 1731 641; x_wconf 84' lang='lat' dir='ltr'>anima</span> <span class='ocrx_word' id='word_1_264' title='bbox 1772 596 1964 652; x_wconf 87' lang='lat' dir='ltr'>nostra,</span> <span class='ocrx_word' id='word_1_265' title='bbox 2007 607 2126 644; x_wconf 86' lang='lat' dir='ltr'>eum</span> <span class='ocrx_word' id='word_1_266' title='bbox 2173 594 2241 646; x_wconf 83' lang='lat' dir='ltr'>sit</span> 
     </span>
    </p>
   </div>
   <div class='ocr_carea' id='block_1_15' title="bbox 1249 663 2254 729">
    <p class='ocr_par' dir='ltr' id='par_1_15' title="bbox 1249 663 2254 729">
     <span class='ocr_line' id='line_1_53' title="bbox 1249 663 2254 729; baseline 0.003 -13"><span class='ocrx_word' id='word_1_267' title='bbox 1249 665 1384 716; x_wconf 87' lang='lat' dir='ltr'>orbis</span> <span class='ocrx_word' id='word_1_268' title='bbox 1445 672 1700 716; x_wconf 83' lang='lat' dir='ltr'>terrarum</span> <span class='ocrx_word' id='word_1_269' title='bbox 1759 663 2027 717; x_wconf 77' lang='lat' dir='ltr'>Dominus,</span> <span class='ocrx_word' id='word_1_270' title='bbox 2083 666 2254 729; x_wconf 51' lang='lat' dir='ltr'>»&lt;S,&gt;</span> 
     </span>
    </p>
   </div>
   <div class='ocr_carea' id='block_1_16' title="bbox 1234 735 2238 2511">
    <p class='ocr_par' dir='ltr' id='par_1_16' title="bbox 1238 735 2238 2067">
     <span class='ocr_line' id='line_1_54' title="bbox 1247 735 2236 808; baseline 0.003 -18"><span class='ocrx_word' id='word_1_271' title='bbox 1247 739 1460 791; x_wconf 77' lang='lat' dir='ltr'>Hermas</span> <span class='ocrx_word' id='word_1_272' title='bbox 1500 736 1575 808; x_wconf 77' lang='lat'>(5)</span> <span class='ocrx_word' id='word_1_273' title='bbox 1610 754 1622 788; x_wconf 73' lang='grc' dir='ltr'><strong><em>ε</em></strong></span> <span class='ocrx_word' id='word_1_274' title='bbox 1685 757 1707 786; x_wconf 95' lang='lat'>«</span> <span class='ocrx_word' id='word_1_275' title='bbox 1752 735 1946 790; x_wconf 88' lang='lat' dir='ltr'>Nomen</span> <span class='ocrx_word' id='word_1_276' title='bbox 1988 738 2101 791; x_wconf 88' lang='lat' dir='ltr'>Filii</span> <span class='ocrx_word' id='word_1_277' title='bbox 2143 740 2236 794; x_wconf 92' lang='lat' dir='ltr'>Dei</span> 
     </span>
     <span class='ocr_line' id='line_1_55' title="bbox 1251 811 2238 879; baseline 0.003 -15"><span class='ocrx_word' id='word_1_278' title='bbox 1251 829 1493 879; x_wconf 71' lang='lat' dir='ltr'>magnum</span> <span class='ocrx_word' id='word_1_279' title='bbox 1537 818 1588 863; x_wconf 87' lang='lat' dir='ltr'>et</span> <span class='ocrx_word' id='word_1_280' title='bbox 1633 811 1944 864; x_wconf 89' lang='lat' dir='ltr'>immensum</span> <span class='ocrx_word' id='word_1_281' title='bbox 1999 821 2117 875; x_wconf 89' lang='lat' dir='ltr'>est,</span> <span class='ocrx_word' id='word_1_282' title='bbox 2185 822 2238 867; x_wconf 87' lang='lat' dir='ltr'>et</span> 
     </span>
     <span class='ocr_line' id='line_1_56' title="bbox 1247 887 2230 941; baseline -0.002 -3"><span class='ocrx_word' id='word_1_283' title='bbox 1247 893 1383 938; x_wconf 89' lang='lat' dir='ltr'>totus</span> <span class='ocrx_word' id='word_1_284' title='bbox 1437 887 1501 938; x_wconf 84' lang='lat' dir='ltr'>ab</span> <span class='ocrx_word' id='word_1_285' title='bbox 1542 900 1599 937; x_wconf 92' lang='lat' dir='ltr'>eo</span> <span class='ocrx_word' id='word_1_286' title='bbox 1641 892 1961 938; x_wconf 85' lang='lat' dir='ltr'>sustentatur</span> <span class='ocrx_word' id='word_1_287' title='bbox 2000 888 2156 941; x_wconf 81' lang='lat' dir='ltr'>orbiS.</span> <span class='ocrx_word' id='word_1_288' title='bbox 2207 908 2230 937; x_wconf 87' lang='lat'>»</span> 
     </span>
     <span class='ocr_line' id='line_1_57' title="bbox 1246 960 2232 1034; baseline 0.001 -20"><span class='ocrx_word' id='word_1_289' title='bbox 1246 961 1304 1014; x_wconf 83' lang='lat' dir='ltr'>S.</span> <span class='ocrx_word' id='word_1_290' title='bbox 1338 961 1565 1027; x_wconf 73' lang='lat' dir='ltr'>anutius</span> <span class='ocrx_word' id='word_1_291' title='bbox 1608 961 1687 1012; x_wconf 88' lang='lat' dir='ltr'>M.</span> <span class='ocrx_word' id='word_1_292' title='bbox 1722 960 1813 1027; x_wconf 88' lang='lat' dir='ltr'>Ep.</span> <span class='ocrx_word' id='word_1_293' title='bbox 1846 961 1908 1012; x_wconf 91' lang='lat' dir='ltr'>ad</span> <span class='ocrx_word' id='word_1_294' title='bbox 1950 961 2098 1014; x_wconf 86' lang='lat' dir='ltr'>Rom.</span> <span class='ocrx_word' id='word_1_295' title='bbox 2133 960 2232 1034; x_wconf 70' lang='lat' dir='ltr'>(li):</span> 
     </span>
     <span class='ocr_line' id='line_1_58' title="bbox 1249 1033 2236 1089; baseline 0.005 -5"><span class='ocrx_word' id='word_1_296' title='bbox 1249 1053 1273 1082; x_wconf 90' lang='lat'>«</span> <span class='ocrx_word' id='word_1_297' title='bbox 1317 1035 1453 1086; x_wconf 87' lang='lat' dir='ltr'>Deus</span> <span class='ocrx_word' id='word_1_298' title='bbox 1494 1040 1667 1086; x_wconf 89' lang='lat' dir='ltr'>noster</span> <span class='ocrx_word' id='word_1_299' title='bbox 1719 1033 1860 1086; x_wconf 85' lang='lat' dir='ltr'>lesus</span> <span class='ocrx_word' id='word_1_300' title='bbox 1900 1033 2132 1089; x_wconf 89' lang='lat' dir='ltr'>Christus</span> <span class='ocrx_word' id='word_1_301' title='bbox 2184 1038 2236 1089; x_wconf 90' lang='lat' dir='ltr'>in</span> 
     </span>
     <span class='ocr_line' id='line_1_59' title="bbox 1246 1108 2230 1178; baseline 0.004 -19"><span class='ocrx_word' id='word_1_302' title='bbox 1246 1108 1394 1161; x_wconf 86' lang='lat' dir='ltr'>Patre</span> <span class='ocrx_word' id='word_1_303' title='bbox 1435 1111 1662 1160; x_wconf 84' lang='lat' dir='ltr'>existens</span> <span class='ocrx_word' id='word_1_304' title='bbox 1703 1111 1867 1172; x_wconf 67' lang='lat' dir='ltr'>magis</span> <span class='ocrx_word' id='word_1_305' title='bbox 1901 1116 2230 1178; x_wconf 40' lang='lat' dir='ltr'>apparetff...</span> 
     </span>
     <span class='ocr_line' id='line_1_60' title="bbox 1244 1182 2234 1249; baseline 0.004 -16"><span class='ocrx_word' id='word_1_306' title='bbox 1244 1190 1359 1249; x_wconf 89' lang='lat' dir='ltr'>opto</span> <span class='ocrx_word' id='word_1_307' title='bbox 1383 1198 1472 1234; x_wconf 88' lang='lat' dir='ltr'>vos</span> <span class='ocrx_word' id='word_1_308' title='bbox 1499 1184 1672 1235; x_wconf 86' lang='lat' dir='ltr'>valere</span> <span class='ocrx_word' id='word_1_309' title='bbox 1700 1184 1752 1234; x_wconf 90' lang='lat' dir='ltr'>in</span> <span class='ocrx_word' id='word_1_310' title='bbox 1783 1182 1887 1234; x_wconf 87' lang='lat' dir='ltr'>Deo</span> <span class='ocrx_word' id='word_1_311' title='bbox 1918 1191 2090 1236; x_wconf 85' lang='lat' dir='ltr'>nostro</span> <span class='ocrx_word' id='word_1_312' title='bbox 2120 1183 2234 1236; x_wconf 87' lang='lat' dir='ltr'>lesu</span> 
     </span>
     <span class='ocr_line' id='line_1_61' title="bbox 1243 1256 2232 1329; baseline 0.003 -22"><span class='ocrx_word' id='word_1_313' title='bbox 1243 1256 1458 1309; x_wconf 79' lang='lat' dir='ltr'>Christo,</span> <span class='ocrx_word' id='word_1_314' title='bbox 1483 1258 1607 1308; x_wconf 87' lang='lat' dir='ltr'>ltem</span> <span class='ocrx_word' id='word_1_315' title='bbox 1626 1256 1786 1325; x_wconf 80' lang='lat' dir='ltr'>Epist.</span> <span class='ocrx_word' id='word_1_316' title='bbox 1814 1258 1873 1309; x_wconf 80' lang='lat' dir='ltr'>ad</span> <span class='ocrx_word' id='word_1_317' title='bbox 1896 1256 2232 1329; x_wconf 72' lang='lat' dir='ltr'>Magnes.(5)t</span> 
     </span>
     <span class='ocr_line' id='line_1_62' title="bbox 1246 1330 2236 1399; baseline 0.007 -21"><span class='ocrx_word' id='word_1_318' title='bbox 1246 1350 1271 1379; x_wconf 92' lang='lat'>«</span> <span class='ocrx_word' id='word_1_319' title='bbox 1304 1330 1446 1383; x_wconf 88' lang='lat' dir='ltr'>lesus</span> <span class='ocrx_word' id='word_1_320' title='bbox 1474 1330 1706 1383; x_wconf 87' lang='lat' dir='ltr'>Christus</span> <span class='ocrx_word' id='word_1_321' title='bbox 1749 1332 1906 1398; x_wconf 89' lang='lat' dir='ltr'>ipsius</span> <span class='ocrx_word' id='word_1_322' title='bbox 1944 1331 2076 1399; x_wconf 90' lang='lat' dir='ltr'>(Dei)</span> <span class='ocrx_word' id='word_1_323' title='bbox 2111 1332 2236 1385; x_wconf 85' lang='lat' dir='ltr'>Ver-</span> 
     </span>
     <span class='ocr_line' id='line_1_63' title="bbox 1242 1404 2231 1478; baseline 0.002 -22"><span class='ocrx_word' id='word_1_324' title='bbox 1242 1405 1361 1456; x_wconf 90' lang='lat' dir='ltr'>bum</span> <span class='ocrx_word' id='word_1_325' title='bbox 1384 1411 1675 1470; x_wconf 78' lang='lat' dir='ltr'>aeternum3</span> <span class='ocrx_word' id='word_1_326' title='bbox 1701 1406 1877 1457; x_wconf 87' lang='lat' dir='ltr'>»etad</span> <span class='ocrx_word' id='word_1_327' title='bbox 1903 1404 2112 1474; x_wconf 82' lang='lat' dir='ltr'>Smyrn.</span> <span class='ocrx_word' id='word_1_328' title='bbox 2133 1405 2231 1478; x_wconf 82' lang='lat'>(6):</span> 
     </span>
     <span class='ocr_line' id='line_1_64' title="bbox 1245 1477 2230 1531; baseline 0.005 -5"><span class='ocrx_word' id='word_1_329' title='bbox 1245 1498 1269 1526; x_wconf 94' lang='lat'>«</span> <span class='ocrx_word' id='word_1_330' title='bbox 1293 1477 1985 1531; x_wconf 85' lang='lat' dir='ltr'>GlorificolesumChristum</span> <span class='ocrx_word' id='word_1_331' title='bbox 2002 1480 2230 1531; x_wconf 80' lang='lat' dir='ltr'>Deum.»</span> 
     </span>
     <span class='ocr_line' id='line_1_65' title="bbox 1239 1552 2233 1623; baseline 0.002 -19"><span class='ocrx_word' id='word_1_332' title='bbox 1239 1552 1290 1604; x_wconf 90' lang='lat' dir='ltr'>S.</span> <span class='ocrx_word' id='word_1_333' title='bbox 1335 1552 1644 1621; x_wconf 73' lang='lat' dir='ltr'>Polycarpus</span> <span class='ocrx_word' id='word_1_334' title='bbox 1684 1553 1759 1623; x_wconf 85' lang='lat'>(7)</span> <span class='ocrx_word' id='word_1_335' title='bbox 1803 1554 1865 1604; x_wconf 87' lang='lat' dir='ltr'>de</span> <span class='ocrx_word' id='word_1_336' title='bbox 1909 1552 2109 1606; x_wconf 64' lang='lat' dir='ltr'>Christo</span> <span class='ocrx_word' id='word_1_337' title='bbox 2153 1570 2233 1606; x_wconf 85' lang='lat' dir='ltr'>eo-</span> 
     </span>
     <span class='ocr_line' id='line_1_66' title="bbox 1241 1627 2227 1697; baseline 0.002 -20"><span class='ocrx_word' id='word_1_338' title='bbox 1241 1642 1350 1677; x_wconf 82' lang='lat' dir='ltr'>ram</span> <span class='ocrx_word' id='word_1_339' title='bbox 1385 1628 1552 1678; x_wconf 89' lang='lat' dir='ltr'>iudice</span> <span class='ocrx_word' id='word_1_340' title='bbox 1574 1627 1715 1679; x_wconf 87' lang='lat' dir='ltr'>dicit:</span> <span class='ocrx_word' id='word_1_341' title='bbox 1751 1645 1777 1675; x_wconf 92' lang='lat'>«</span> <span class='ocrx_word' id='word_1_342' title='bbox 1804 1627 1955 1678; x_wconf 91' lang='lat' dir='ltr'>lllum</span> <span class='ocrx_word' id='word_1_343' title='bbox 1977 1628 2227 1697; x_wconf 90' lang='lat' dir='ltr'>siquidem</span> 
     </span>
     <span class='ocr_line' id='line_1_67' title="bbox 1242 1700 2228 1766; baseline 0.004 -15"><span class='ocrx_word' id='word_1_344' title='bbox 1242 1707 1295 1751; x_wconf 91' lang='lat' dir='ltr'>ut</span> <span class='ocrx_word' id='word_1_345' title='bbox 1336 1700 1519 1752; x_wconf 90' lang='lat' dir='ltr'>Filium</span> <span class='ocrx_word' id='word_1_346' title='bbox 1579 1701 1671 1752; x_wconf 90' lang='lat' dir='ltr'>Dei</span> <span class='ocrx_word' id='word_1_347' title='bbox 1712 1702 2008 1766; x_wconf 86' lang='lat' dir='ltr'>adoramus3</span> <span class='ocrx_word' id='word_1_348' title='bbox 2057 1722 2082 1751; x_wconf 86' lang='lat'>»</span> <span class='ocrx_word' id='word_1_349' title='bbox 2127 1704 2228 1755; x_wconf 87' lang='lat' dir='ltr'>imo</span> 
     </span>
     <span class='ocr_line' id='line_1_68' title="bbox 1241 1774 2231 1829; baseline 0.006 -6"><span class='ocrx_word' id='word_1_350' title='bbox 1241 1782 1389 1826; x_wconf 88' lang='lat' dir='ltr'>vocat</span> <span class='ocrx_word' id='word_1_351' title='bbox 1430 1774 1688 1826; x_wconf 87' lang='lat' dir='ltr'>Christum</span> <span class='ocrx_word' id='word_1_352' title='bbox 1736 1794 1761 1823; x_wconf 92' lang='lat'>«</span> <span class='ocrx_word' id='word_1_353' title='bbox 1806 1783 2079 1828; x_wconf 86' lang='lat' dir='ltr'>aeternum</span> <span class='ocrx_word' id='word_1_354' title='bbox 2103 1776 2231 1829; x_wconf 91' lang='lat' dir='ltr'>Pon-</span> 
     </span>
     <span class='ocr_line' id='line_1_69' title="bbox 1241 1848 2226 1933; baseline 0.001 -34"><span class='ocrx_word' id='word_1_355' title='bbox 1241 1848 1449 1909; x_wconf 88' lang='lat' dir='ltr'>tificem,</span> <span class='ocrx_word' id='word_1_356' title='bbox 1509 1850 1914 1933; x_wconf 79' lang='lat' dir='ltr'>omnipotentem</span> <span class='ocrx_word' id='word_1_357' title='bbox 1956 1849 2146 1912; x_wconf 90' lang='lat' dir='ltr'>Iesum,</span> <span class='ocrx_word' id='word_1_358' title='bbox 2201 1871 2226 1900; x_wconf 85' lang='lat'>»</span> 
     </span>
     <span class='ocr_line' id='line_1_70' title="bbox 1238 1922 2228 2014; baseline 0.005 -41"><span class='ocrx_word' id='word_1_359' title='bbox 1238 1937 1298 1973; x_wconf 87' lang='lat' dir='ltr'>ac</span> <span class='ocrx_word' id='word_1_360' title='bbox 1338 1922 1554 1974; x_wconf 84' lang='lat' dir='ltr'>eandem</span> <span class='ocrx_word' id='word_1_361' title='bbox 1584 1924 1676 1990; x_wconf 87' lang='lat' dir='ltr'>ipsi</span> <span class='ocrx_word' id='word_1_362' title='bbox 1707 1923 1923 1992; x_wconf 79' lang='lat' dir='ltr'>gloriam</span> <span class='ocrx_word' id='word_1_363' title='bbox 1952 1924 2131 1978; x_wconf 81' lang='lat' dir='ltr'>tribuit</span> <span class='ocrx_word' id='word_1_364' title='bbox 2170 1931 2228 2014; x_wconf 86' lang='lat' dir='ltr'>ut</span> 
     </span>
     <span class='ocr_line' id='line_1_71' title="bbox 1239 1995 1656 2067; baseline 0.005 -21"><span class='ocrx_word' id='word_1_365' title='bbox 1239 1995 1342 2047; x_wconf 87' lang='lat' dir='ltr'>Deo</span> <span class='ocrx_word' id='word_1_366' title='bbox 1383 1996 1519 2048; x_wconf 84' lang='lat' dir='ltr'>Patii</span> <span class='ocrx_word' id='word_1_367' title='bbox 1562 1996 1656 2067; x_wconf 89' lang='lat'><em>(8).</em></span> 
     </span>
    </p>

    <p class='ocr_par' dir='ltr' id='par_1_17' title="bbox 1311 2069 2222 2141">
     <span class='ocr_line' id='line_1_72' title="bbox 1311 2069 2222 2141; baseline 0.008 -21"><span class='ocrx_word' id='word_1_368' title='bbox 1311 2070 1371 2120; x_wconf 79' lang='lat'>11⁰</span> <span class='ocrx_word' id='word_1_369' title='bbox 1392 2069 1609 2122; x_wconf 86' lang='lat' dir='ltr'>Saeculo</span> <span class='ocrx_word' id='word_1_370' title='bbox 1642 2070 1695 2123; x_wconf 87' lang='lat' dir='ltr'>S.</span> <span class='ocrx_word' id='word_1_371' title='bbox 1712 2071 1941 2125; x_wconf 67' lang='lat' dir='ltr'>Iustinus</span> <span class='ocrx_word' id='word_1_372' title='bbox 1970 2072 2043 2126; x_wconf 89' lang='lat' dir='ltr'>M.</span> <span class='ocrx_word' id='word_1_373' title='bbox 2070 2071 2222 2141; x_wconf 85' lang='lat' dir='ltr'>Apol.</span> 
     </span>
    </p>

    <p class='ocr_par' dir='ltr' id='par_1_18' title="bbox 1234 2141 2226 2511">
     <span class='ocr_line' id='line_1_73' title="bbox 1236 2141 2223 2216; baseline 0.006 -22.402"><span class='ocrx_word' id='word_1_374' title='bbox 1236 2141 1372 2213; x_wconf 84' lang='lat'>1(9)</span> <span class='ocrx_word' id='word_1_375' title='bbox 1439 2144 1770 2213; x_wconf 83' lang='lat' dir='ltr'>reprehendit</span> <span class='ocrx_word' id='word_1_376' title='bbox 1809 2162 1938 2207; x_wconf 75' lang='lat' dir='ltr'>eos,</span> <span class='ocrx_word' id='word_1_377' title='bbox 1989 2148 2072 2216; x_wconf 89' lang='lat' dir='ltr'>qui</span> <span class='ocrx_word' id='word_1_378' title='bbox 2136 2163 2223 2200; x_wconf 90' lang='lat' dir='ltr'>ne·</span> 
     </span>
     <span class='ocr_line' id='line_1_74' title="bbox 1234 2217 2226 2283; baseline 0.007 -16"><span class='ocrx_word' id='word_1_379' title='bbox 1234 2225 1377 2283; x_wconf 84' lang='lat' dir='ltr'>gant,</span> <span class='ocrx_word' id='word_1_380' title='bbox 1404 2238 1428 2266; x_wconf 90' lang='lat'>«</span> <span class='ocrx_word' id='word_1_381' title='bbox 1451 2217 1710 2271; x_wconf 87' lang='lat' dir='ltr'>Christum</span> <span class='ocrx_word' id='word_1_382' title='bbox 1731 2219 1891 2272; x_wconf 89' lang='lat' dir='ltr'>filium</span> <span class='ocrx_word' id='word_1_383' title='bbox 1922 2235 2032 2273; x_wconf 89' lang='lat' dir='ltr'>esse</span> <span class='ocrx_word' id='word_1_384' title='bbox 2061 2221 2226 2274; x_wconf 84' lang='lat' dir='ltr'>Patris</span> 
     </span>
     <span class='ocr_line' id='line_1_75' title="bbox 1236 2293 2226 2362; baseline 0.005 -20"><span class='ocrx_word' id='word_1_385' title='bbox 1236 2293 1597 2344; x_wconf 85' lang='lat' dir='ltr'>universorum</span> <span class='ocrx_word' id='word_1_386' title='bbox 1627 2296 1710 2362; x_wconf 92' lang='lat' dir='ltr'>qui</span> <span class='ocrx_word' id='word_1_387' title='bbox 1754 2294 2129 2347; x_wconf 80' lang='lat' dir='ltr'>cumVerbum</span> <span class='ocrx_word' id='word_1_388' title='bbox 2159 2297 2226 2348; x_wconf 89' lang='lat' dir='ltr'>sit</span> 
     </span>
     <span class='ocr_line' id='line_1_76' title="bbox 1235 2366 2223 2433; baseline 0.006 -17"><span class='ocrx_word' id='word_1_389' title='bbox 1235 2366 1635 2433; x_wconf 85' lang='lat' dir='ltr'>primogenitum</span> <span class='ocrx_word' id='word_1_390' title='bbox 1700 2369 1813 2430; x_wconf 89' lang='lat' dir='ltr'>Dei,</span> <span class='ocrx_word' id='word_1_391' title='bbox 1881 2368 2019 2421; x_wconf 87' lang='lat' dir='ltr'>Deus</span> <span class='ocrx_word' id='word_1_392' title='bbox 2069 2369 2223 2422; x_wconf 85' lang='lat' dir='ltr'>etiam</span> 
     </span>
     <span class='ocr_line' id='line_1_77' title="bbox 1234 2439 2218 2511; baseline 0.004 -21"><span class='ocrx_word' id='word_1_393' title='bbox 1234 2446 1354 2491; x_wconf 85' lang='lat' dir='ltr'>est»</span> <span class='ocrx_word' id='word_1_394' title='bbox 1377 2439 1512 2511; x_wconf 86' lang='lat'>(10);</span> <span class='ocrx_word' id='word_1_395' title='bbox 1557 2448 1608 2493; x_wconf 89' lang='lat' dir='ltr'>et</span> <span class='ocrx_word' id='word_1_396' title='bbox 1637 2442 1686 2493; x_wconf 89' lang='lat' dir='ltr'>in</span> <span class='ocrx_word' id='word_1_397' title='bbox 1717 2442 1849 2495; x_wconf 86' lang='lat' dir='ltr'>Dial.</span> <span class='ocrx_word' id='word_1_398' title='bbox 1895 2457 2011 2493; x_wconf 89' lang='lat' dir='ltr'>cum</span> <span class='ocrx_word' id='word_1_399' title='bbox 2043 2441 2218 2510; x_wconf 82' lang='lat' dir='ltr'>Triph.</span> 
     </span>
    </p>
   </div>
   <div class='ocr_carea' id='block_1_17' title="bbox 1234 2511 2293 2584">
    <p class='ocr_par' dir='ltr' id='par_1_19' title="bbox 1234 2511 2293 2584">
     <span class='ocr_line' id='line_1_78' title="bbox 1234 2511 2293 2584; baseline 0.007 -21"><span class='ocrx_word' id='word_1_400' title='bbox 1234 2511 1348 2583; x_wconf 73' lang='lat' dir='ltr'>(li)</span> <span class='ocrx_word' id='word_1_401' title='bbox 1374 2515 1514 2577; x_wconf 84' lang='lat' dir='ltr'>dicit,</span> <span class='ocrx_word' id='word_1_402' title='bbox 1547 2531 1602 2566; x_wconf 87' lang='lat' dir='ltr'>se</span> <span class='ocrx_word' id='word_1_403' title='bbox 1625 2516 1866 2568; x_wconf 87' lang='lat' dir='ltr'>vaticinia</span> <span class='ocrx_word' id='word_1_404' title='bbox 1895 2516 2220 2584; x_wconf 87' lang='lat' dir='ltr'>prolaturum</span> <span class='ocrx_word' id='word_1_405' title='bbox 2278 2517 2293 2526; x_wconf 24' lang='grc' dir='ltr'><strong>Χ</strong></span> 
     </span>
    </p>
   </div>
   <div class='ocr_carea' id='block_1_18' title="bbox 1227 2589 2222 2948">
    <p class='ocr_par' dir='ltr' id='par_1_20' title="bbox 1227 2589 2222 2948">
     <span class='ocr_line' id='line_1_79' title="bbox 1232 2589 2222 2658; baseline 0.006 -21"><span class='ocrx_word' id='word_1_406' title='bbox 1232 2603 1376 2648; x_wconf 87' lang='lat' dir='ltr'>esse,</span> <span class='ocrx_word' id='word_1_407' title='bbox 1421 2595 1478 2640; x_wconf 89' lang='lat' dir='ltr'>ut</span> <span class='ocrx_word' id='word_1_408' title='bbox 1521 2589 1775 2651; x_wconf 83' lang='lat' dir='ltr'>ostendat,</span> <span class='ocrx_word' id='word_1_409' title='bbox 1826 2609 1852 2638; x_wconf 87' lang='lat'>«</span> <span class='ocrx_word' id='word_1_410' title='bbox 1897 2590 2030 2658; x_wconf 90' lang='lat' dir='ltr'>quod</span> <span class='ocrx_word' id='word_1_411' title='bbox 2079 2589 2222 2643; x_wconf 91' lang='lat' dir='ltr'>Chri-</span> 
     </span>
     <span class='ocr_line' id='line_1_80' title="bbox 1231 2662 2222 2717; baseline 0.006 -6"><span class='ocrx_word' id='word_1_412' title='bbox 1231 2667 1340 2712; x_wconf 91' lang='lat' dir='ltr'>stus</span> <span class='ocrx_word' id='word_1_413' title='bbox 1369 2669 1447 2713; x_wconf 86' lang='lat' dir='ltr'>est</span> <span class='ocrx_word' id='word_1_414' title='bbox 1476 2662 1613 2714; x_wconf 86' lang='lat' dir='ltr'>Deus</span> <span class='ocrx_word' id='word_1_415' title='bbox 1643 2670 1694 2715; x_wconf 89' lang='lat' dir='ltr'>et</span> <span class='ocrx_word' id='word_1_416' title='bbox 1731 2663 1981 2716; x_wconf 89' lang='lat' dir='ltr'>Dominus</span> <span class='ocrx_word' id='word_1_417' title='bbox 2021 2666 2222 2717; x_wconf 84' lang='lat' dir='ltr'>exerci-</span> 
     </span>
     <span class='ocr_line' id='line_1_81' title="bbox 1231 2734 2215 2809; baseline 0.005 -23"><span class='ocrx_word' id='word_1_418' title='bbox 1231 2741 1376 2786; x_wconf 89' lang='lat' dir='ltr'>tuum</span> <span class='ocrx_word' id='word_1_419' title='bbox 1402 2756 1424 2784; x_wconf 92' lang='lat'>»</span> <span class='ocrx_word' id='word_1_420' title='bbox 1450 2734 1583 2807; x_wconf 61' lang='lat'>(12).</span> <span class='ocrx_word' id='word_1_421' title='bbox 1607 2735 1788 2790; x_wconf 70' lang='lat' dir='ltr'>Auctor</span> <span class='ocrx_word' id='word_1_422' title='bbox 1807 2737 1901 2806; x_wconf 88' lang='lat' dir='ltr'>Ep.</span> <span class='ocrx_word' id='word_1_423' title='bbox 1929 2738 1991 2791; x_wconf 89' lang='lat' dir='ltr'>ad</span> <span class='ocrx_word' id='word_1_424' title='bbox 2009 2738 2215 2809; x_wconf 83' lang='lat' dir='ltr'>Diogn.:</span> 
     </span>
     <span class='ocr_line' id='line_1_82' title="bbox 1233 2809 2219 2881; baseline 0.009 -25"><span class='ocrx_word' id='word_1_425' title='bbox 1233 2827 1257 2856; x_wconf 88' lang='lat'>«</span> <span class='ocrx_word' id='word_1_426' title='bbox 1325 2809 1463 2862; x_wconf 90' lang='lat' dir='ltr'>Deus</span> <span class='ocrx_word' id='word_1_427' title='bbox 1521 2811 1604 2879; x_wconf 89' lang='lat' dir='ltr'>qui</span> <span class='ocrx_word' id='word_1_428' title='bbox 1672 2819 1750 2864; x_wconf 87' lang='lat' dir='ltr'>est</span> <span class='ocrx_word' id='word_1_429' title='bbox 1807 2814 2129 2881; x_wconf 89' lang='lat' dir='ltr'>omnipotens</span> <span class='ocrx_word' id='word_1_430' title='bbox 2168 2820 2219 2865; x_wconf 87' lang='lat' dir='ltr'>et</span> 
     </span>
     <span class='ocr_line' id='line_1_83' title="bbox 1227 2884 2217 2948; baseline 0.006 -15"><span class='ocrx_word' id='word_1_431' title='bbox 1227 2884 1454 2935; x_wconf 91' lang='lat' dir='ltr'>omnium</span> <span class='ocrx_word' id='word_1_432' title='bbox 1497 2884 1730 2938; x_wconf 87' lang='lat' dir='ltr'>conditor</span> <span class='ocrx_word' id='word_1_433' title='bbox 1761 2902 1822 2938; x_wconf 84' lang='lat' dir='ltr'>ac</span> <span class='ocrx_word' id='word_1_434' title='bbox 1861 2885 2150 2948; x_wconf 88' lang='lat' dir='ltr'>invisibilis,</span> <span class='ocrx_word' id='word_1_435' title='bbox 2189 2902 2217 2939; x_wconf 92' lang='lat' dir='ltr'>e</span> 
     </span>
    </p>
   </div>
   <div class='ocr_carea' id='block_1_19' title="bbox 1223 2957 2329 3253">
    <p class='ocr_par' dir='ltr' id='par_1_21' title="bbox 1223 2957 2329 3253">
     <span class='ocr_line' id='line_1_84' title="bbox 1226 2957 2329 3031; baseline 0.006 -24"><span class='ocrx_word' id='word_1_436' title='bbox 1226 2957 1381 3009; x_wconf 90' lang='lat' dir='ltr'>coelis</span> <span class='ocrx_word' id='word_1_437' title='bbox 1422 2959 1692 3011; x_wconf 86' lang='lat' dir='ltr'>veritatem</span> <span class='ocrx_word' id='word_1_438' title='bbox 1733 2976 1795 3012; x_wconf 88' lang='lat' dir='ltr'>ac</span> <span class='ocrx_word' id='word_1_439' title='bbox 1833 2960 2061 3014; x_wconf 88' lang='lat' dir='ltr'>Verbum</span> <span class='ocrx_word' id='word_1_440' title='bbox 2101 2976 2234 3014; x_wconf 52' lang='lat' dir='ltr'>san*</span> <span class='ocrx_word' id='word_1_441' title='bbox 2266 2977 2282 3021; x_wconf 62' lang='lat' dir='ltr'><em>g</em></span> <span class='ocrx_word' id='word_1_442' title='bbox 2311 3028 2329 3031; x_wconf 15' lang='lat'>⁷-</span> 
     </span>
     <span class='ocr_line' id='line_1_85' title="bbox 1225 3033 2285 3102; baseline 0.006 -20"><span class='ocrx_word' id='word_1_443' title='bbox 1225 3037 1365 3083; x_wconf 87' lang='lat' dir='ltr'>otum</span> <span class='ocrx_word' id='word_1_444' title='bbox 1412 3038 1464 3084; x_wconf 88' lang='lat' dir='ltr'>et</span> <span class='ocrx_word' id='word_1_445' title='bbox 1527 3033 2046 3102; x_wconf 89' lang='lat' dir='ltr'>incomprehensibile</span> <span class='ocrx_word' id='word_1_446' title='bbox 2084 3035 2217 3088; x_wconf 83' lang='lat' dir='ltr'>inter</span> <span class='ocrx_word' id='word_1_447' title='bbox 2274 3036 2285 3061; x_wconf 70' lang='lat'>&#39;³</span> 
     </span>
     <span class='ocr_line' id='line_1_86' title="bbox 1224 3104 2298 3169; baseline 0.004 -13"><span class='ocrx_word' id='word_1_448' title='bbox 1224 3104 1458 3157; x_wconf 87' lang='lat' dir='ltr'>homines</span> <span class='ocrx_word' id='word_1_449' title='bbox 1499 3106 1706 3169; x_wconf 88' lang='lat' dir='ltr'>locavit,</span> <span class='ocrx_word' id='word_1_450' title='bbox 1748 3136 1822 3147; x_wconf 93' lang='grc'>--</span> <span class='ocrx_word' id='word_1_451' title='bbox 1862 3124 1962 3161; x_wconf 90' lang='lat' dir='ltr'>non</span> <span class='ocrx_word' id='word_1_452' title='bbox 2003 3116 2060 3160; x_wconf 89' lang='lat' dir='ltr'>ut</span> <span class='ocrx_word' id='word_1_453' title='bbox 2123 3108 2215 3160; x_wconf 87' lang='lat' dir='ltr'>ali·</span> <span class='ocrx_word' id='word_1_454' title='bbox 2257 3109 2298 3159; x_wconf 65' lang='grc' dir='ltr'>ι’</span> 
     </span>
     <span class='ocr_line' id='line_1_87' title="bbox 1223 3179 2291 3253; baseline 0.01 -25"><span class='ocrx_word' id='word_1_455' title='bbox 1223 3181 1336 3247; x_wconf 90' lang='lat' dir='ltr'>quis</span> <span class='ocrx_word' id='word_1_456' title='bbox 1365 3179 1618 3232; x_wconf 86' lang='lat' dir='ltr'>coniicere</span> <span class='ocrx_word' id='word_1_457' title='bbox 1685 3189 1873 3249; x_wconf 29' lang='lat' dir='ltr'>poffsset</span> <span class='ocrx_word' id='word_1_458' title='bbox 1931 3181 2086 3233; x_wconf 90' lang='lat' dir='ltr'>misso</span> <span class='ocrx_word' id='word_1_459' title='bbox 2127 3182 2213 3235; x_wconf 85' lang='lat' dir='ltr'>ho·</span> <span class='ocrx_word' id='word_1_460' title='bbox 2263 3201 2291 3253; x_wconf 66' lang='lat'>:5</span> 
     </span>
    </p>
   </div>
   <div class='ocr_carea' id='block_1_20' title="bbox 1222 3252 2237 3325">
    <p class='ocr_par' dir='ltr' id='par_1_22' title="bbox 1222 3252 2237 3325">
     <span class='ocr_line' id='line_1_88' title="bbox 1222 3252 2237 3325; baseline 0.005 -22"><span class='ocrx_word' id='word_1_461' title='bbox 1222 3252 1444 3305; x_wconf 90' lang='lat' dir='ltr'>minibus</span> <span class='ocrx_word' id='word_1_462' title='bbox 1483 3253 1717 3307; x_wconf 87' lang='lat' dir='ltr'>ministro</span> <span class='ocrx_word' id='word_1_463' title='bbox 1754 3255 1944 3325; x_wconf 86' lang='lat' dir='ltr'>aliquo,</span> <span class='ocrx_word' id='word_1_464' title='bbox 1989 3260 2080 3307; x_wconf 83' lang='lat' dir='ltr'>aut</span> <span class='ocrx_word' id='word_1_465' title='bbox 2105 3256 2237 3309; x_wconf 89' lang='lat' dir='ltr'>An·-</span> 
     </span>
    </p>
   </div>
   <div class='ocr_carea' id='block_1_21' title="bbox 1264 3353 2207 3547">
    <p class='ocr_par' dir='ltr' id='par_1_23' title="bbox 1264 3353 2207 3499">
     <span class='ocr_line' id='line_1_89' title="bbox 1264 3353 2207 3416; baseline 0.006 -14"><span class='ocrx_word' id='word_1_466' title='bbox 1264 3353 1315 3411; x_wconf 81' lang='lat'>(¹7)</span> <span class='ocrx_word' id='word_1_467' title='bbox 1339 3368 1379 3402; x_wconf 91' lang='lat' dir='ltr'>In</span> <span class='ocrx_word' id='word_1_468' title='bbox 1396 3369 1459 3411; x_wconf 76' lang='lat' dir='ltr'>Ep.</span> <span class='ocrx_word' id='word_1_469' title='bbox 1478 3370 1571 3404; x_wconf 86' lang='lat' dir='ltr'>Eccl.</span> <span class='ocrx_word' id='word_1_470' title='bbox 1584 3370 1731 3414; x_wconf 78' lang='lat' dir='ltr'>Smyrn,</span> <span class='ocrx_word' id='word_1_471' title='bbox 1747 3372 1793 3406; x_wconf 87' lang='lat' dir='ltr'>de</span> <span class='ocrx_word' id='word_1_472' title='bbox 1808 3371 1908 3406; x_wconf 82' lang='lat' dir='ltr'>Mart.</span> <span class='ocrx_word' id='word_1_473' title='bbox 1922 3372 1956 3408; x_wconf 89' lang='lat' dir='ltr'>S.</span> <span class='ocrx_word' id='word_1_474' title='bbox 1969 3373 2029 3406; x_wconf 88' lang='lat' dir='ltr'>Pol</span> <span class='ocrx_word' id='word_1_475' title='bbox 2035 3382 2090 3416; x_wconf 87' lang='lat' dir='ltr'>y.c</span> <span class='ocrx_word' id='word_1_476' title='bbox 2107 3382 2144 3408; x_wconf 85' lang='lat' dir='ltr'>n.</span> <span class='ocrx_word' id='word_1_477' title='bbox 2162 3370 2207 3408; x_wconf 74' lang='lat'>1⁷</span> 
     </span>
     <span class='ocr_line' id='line_1_90' title="bbox 1264 3382 2180 3461; baseline 0.008 -16"><span class='ocrx_word' id='word_1_478' title='bbox 1264 3412 1316 3455; x_wconf 89' lang='lat'>(8)</span> <span class='ocrx_word' id='word_1_479' title='bbox 1343 3414 1402 3454; x_wconf 83' lang='lat' dir='ltr'>Ap</span> <span class='ocrx_word' id='word_1_480' title='bbox 1428 3414 1497 3447; x_wconf 89' lang='lat' dir='ltr'>Rui</span> <span class='ocrx_word' id='word_1_481' title='bbox 1488 3423 1544 3447; x_wconf 83' lang='lat' dir='ltr'>ian</span> <span class='ocrx_word' id='word_1_482' title='bbox 1526 3419 1591 3447; x_wconf 64' lang='grc' dir='ltr'>ειη</span> <span class='ocrx_word' id='word_1_483' title='bbox 1605 3419 1673 3448; x_wconf 83' lang='lat' dir='ltr'>act.</span> <span class='ocrx_word' id='word_1_484' title='bbox 1688 3421 1790 3450; x_wconf 88' lang='lat' dir='ltr'>mart.</span> <span class='ocrx_word' id='word_1_485' title='bbox 1984 3382 2056 3461; x_wconf 66' lang='lat' dir='ltr'>(Sty</span> <span class='ocrx_word' id='word_1_486' title='bbox 2061 3418 2100 3452; x_wconf 93' lang='lat' dir='ltr'>N.</span> <span class='ocrx_word' id='word_1_487' title='bbox 2127 3416 2180 3452; x_wconf 76' lang='lat'>63.</span> 
     </span>
     <span class='ocr_line' id='line_1_91' title="bbox 1280 3456 1724 3501; baseline 0.002 -10"><span class='ocrx_word' id='word_1_488' title='bbox 1280 3456 1338 3499; x_wconf 87' lang='lat'>10)</span> <span class='ocrx_word' id='word_1_489' title='bbox 1363 3457 1414 3491; x_wconf 80' lang='lat' dir='ltr'>Cf.</span> <span class='ocrx_word' id='word_1_490' title='bbox 1441 3458 1542 3501; x_wconf 81' lang='lat' dir='ltr'>Apol.</span> <span class='ocrx_word' id='word_1_491' title='bbox 1569 3459 1634 3492; x_wconf 82' lang='grc' dir='ltr'>ΠΙ</span> <span class='ocrx_word' id='word_1_492' title='bbox 1694 3459 1724 3492; x_wconf 80' lang='grc'><strong><em>6.</em></strong></span> 
     </span>
    </p>

    <p class='ocr_par' dir='ltr' id='par_1_24' title="bbox 1279 3501 1835 3547">
     <span class='ocr_line' id='line_1_92' title="bbox 1279 3501 1835 3547; baseline 0.006 -10"><span class='ocrx_word' id='word_1_493' title='bbox 1279 3501 1337 3547; x_wconf 77' lang='lat'>12)</span> <span class='ocrx_word' id='word_1_494' title='bbox 1361 3501 1412 3537; x_wconf 71' lang='lat' dir='ltr'>Gt·</span> <span class='ocrx_word' id='word_1_495' title='bbox 1448 3501 1673 3539; x_wconf 77' lang='lat' dir='ltr'>n.37.126</span> <span class='ocrx_word' id='word_1_496' title='bbox 1697 3507 1733 3539; x_wconf 83' lang='lat' dir='ltr'>et</span> <span class='ocrx_word' id='word_1_497' title='bbox 1757 3502 1835 3540; x_wconf 74' lang='lat'>128.</span> 
     </span>
    </p>
   </div>
   <div class='ocr_carea' id='block_1_22' title="bbox 1985 3459 2201 3534">
    <p class='ocr_par' dir='ltr' id='par_1_25' title="bbox 1985 3459 2332 3534">
     <span class='ocr_line' id='line_1_93' title="bbox 1985 3459 2201 3534; baseline 0.012 -27"><span class='ocrx_word' id='word_1_498' title='bbox 1985 3460 2058 3506; x_wconf 73' lang='grc' dir='ltr'>(ιι)</span> <span class='ocrx_word' id='word_1_499' title='bbox 2081 3461 2121 3512; x_wconf 64' lang='lat' dir='ltr'>N,</span> <span class='ocrx_word' id='word_1_500' title='bbox 2139 3459 2201 3534; x_wconf 96' lang='grc' dir='ltr'>ιι</span> 
     </span>
    </p>
   </div>
   <div class='ocr_carea' id='block_1_23' title="bbox 2207 3519 2266 3610">
    <p class='ocr_par' dir='ltr' id='par_1_26' title="bbox 2207 3519 2266 3610">
     <span class='ocr_line' id='line_1_94' title="bbox 2207 3519 2266 3610; baseline 0 250"><span class='ocrx_word' id='word_1_501' title='bbox 2207 3519 2266 3610; x_wconf 95' lang='lat' dir='ltr'> </span> 
     </span>
    </p>
   </div>
   <div class='ocr_carea' id='block_1_24' title="bbox 2207 3519 2332 3860">
    <p class='ocr_par' dir='ltr' id='par_1_27' title="bbox 2207 3519 2332 3860">
     <span class='ocr_line' id='line_1_95' title="bbox 2207 3519 2332 3860; baseline 0 -250"><span class='ocrx_word' id='word_1_502' title='bbox 2207 3519 2332 3860; x_wconf 95' lang='lat' dir='ltr'>  </span> 
     </span>
    </p>
   </div>
  </div>
 </body>
</html>
