2332 3860
11 48 76 123 2:3²ss
107 64 116 70 ·
135 101 139 107 .

270 210 297 232 Δ

659 234 779 273 uns
816 236 871 273 n.
912 234 1077 272 sueno
1117 237 1152 274 Ι.
1195 234 1345 272 CAPUT
1384 235 1457 273 111.

1919 221 2026 274 259

69 323 208 386 dicitz
226 290 565 386 &Respondeo
587 314 883 383 dicendum,
898 314 1051 384 quod,
1112 331 1235 384 pore
1262 313 1577 384 probationis
1602 329 1632 365 a
1660 313 1852 366 iustitia
1880 330 1981 368 non
2017 315 2105 370 de-

67 394 299 467 quamvis
335 406 490 459 super
527 390 624 443 hoc
662 389 766 442 sint
816 389 1051 442 diversae

68 468 349 540 opiniones,
379 464 477 518 hoc
502 471 674 516 tamen
693 461 848 534 (quod
867 462 1050 530 Angeli

48 541 297 612 ‘ingratia
314 541 474 601 creati
502 538 712 609 fuerint)
743 537 1054 605 probabilius

63 617 270 684 ‚videtur
307 613 607 674 tenendum,
638 618 690 664 et
719 611 880 678 magis
906 610 1054 662 dictis

69 691 369 750 Sanctorum
409 702 691 739 consonum
731 692 829 749 est3
866 705 890 734 »
921 690 972 736 et
1005 700 1056 736 a·

70 766 156 820 libi
196 763 266 831 (l)
305 777 422 814 cum
485 767 760 828 negantem
817 765 869 811 et
918 758 1055 810 affir—

72 844 297 902 mantem
335 835 642 888 sententiam
686 833 1051 901 proposuisset,

71 913 228 968 addit:
266 931 290 960 «
323 910 517 963 Harum
537 916 712 962 autem
733 908 1051 976 opinionum,

71 1002 201 1055 quae
240 986 411 1037 verior
448 991 557 1044 est,
603 999 701 1036 non
744 988 910 1050 potest
949 981 1055 1032 effi·

72 1061 178 1117 caci
217 1060 416 1112 ratione
454 1056 839 1126 deprehendi.»
871 1055 1057 1107 Errant

73 1149 191 1202 ergo
231 1133 519 1186 lanseniani
548 1172 560 1195 ‚
616 1131 736 1184 dum
791 1130 854 1183 ad
903 1129 1057 1182 fidem

71 1215 301 1277 spectare
354 1207 675 1276 praedicant,
736 1203 962 1273 Angelos
1006 1205 1056 1255 in

71 1283 235 1352 gratia
274 1282 506 1335 conditos
545 1280 719 1332 fuisse.

466 1403 504 1462 ς
536 1406 660 1449 142.

200 1494 247 1530 11.
268 1494 320 1530 De
345 1493 474 1530 merito
492 1493 713 1537 Angelorum
733 1491 925 1526 bonorum.

147 1578 330 1632 Extitit
369 1579 525 1630 etiam
565 1592 654 1644 pro
695 1575 905 1643 Angelis
940 1580 1064 1625 tem-

32 1652 46 1699 s
79 1669 175 1723 pus
217 1652 556 1721 probationi5‚
600 1652 651 1702 in
691 1666 790 1718 qua
847 1648 1063 1716 gloriam

78 1734 400 1780 mererentur
439 1731 530 1778 aut
566 1725 630 1776 ab
687 1724 785 1775 hac
824 1723 1064 1775 exclude—

78 1809 276 1856 rentur.
320 1799 494 1864 Qualis
533 1804 706 1851 autem
745 1798 899 1849 fuerit
939 1797 1065 1848 haec

79 1876 337 1945 probatio,
381 1882 432 1926 et
471 1871 715 1943 quamdiu
768 1872 1061 1931 duraverit,

79 1951 220 2003 nobis
247 1949 385 2001 clare
412 1964 473 2001 ac
499 1947 739 1999 distincte
776 1945 1063 1998 revelatum

80 2041 178 2077 non
220 2031 314 2076 est.
344 2021 552 2076 Certum
580 2026 755 2073 autem
788 2027 864 2072 est
900 2036 965 2072 ex
993 2036 1068 2071 re-

83 2098 339 2151 velatione
365 2137 378 2159 ,
461 2104 690 2164 tempore
757 2095 1068 2163 probationis

80 2174 270 2225 multos
308 2169 533 2239 Angelos
570 2186 600 2222 a
640 2170 945 2221 rectitudine
986 2169 1069 2220 de-

87 2247 266 2299 fecisse
305 2252 356 2297 et
394 2244 763 2298 beatitudinem
803 2245 1064 2303 amisisse,

84 2321 146 2373 de
185 2335 401 2389 quorum
442 2325 652 2387 peccato
694 2325 746 2371 et
792 2334 952 2386 poena
994 2319 1071 2370 in-

83 2395 240 2448 ferius
278 2409 445 2447 sermo
474 2394 790 2446 instituetur.
836 2392 930 2445 Ast
968 2392 1069 2446 An-

43 2498 46 2499 *
85 2468 226 2537 gelos
263 2484 464 2538 quoque
503 2468 754 2526 extitisse,
785 2467 871 2535 qui
911 2467 963 2518 in
992 2483 1072 2518 ac-

86 2550 234 2612 cepta
272 2543 464 2594 iustitia
503 2547 923 2610 permanserunt,
966 2540 1071 2593 Deo

89 2631 178 2686 per
205 2616 508 2669 charitatem
536 2616 686 2678 uniti,
718 2630 943 2685 vereque
970 2631 1074 2668 me·

90 2697 326 2762 ruerunt:

1113 390 1367 450 fecerunt,
1411 388 1501 441 sed
1541 387 1648 441 Deo
1687 388 1926 448 subiecti,
1968 396 2021 443 et
2051 390 2108 442 fi-

1115 463 1254 516 deles
1292 467 1728 531 permanserunt‚
1772 462 1970 530 ipsique
2018 479 2107 530 per

1115 538 1419 591 charitatem
1483 552 1636 606 quam
1696 534 1919 588 elicuere
1979 538 2109 589 uniti

1116 613 1346 665 fuerunt.
1374 610 1453 663 Ss.
1486 611 1665 663 Patres
1703 625 1766 662 ac
1807 608 2028 678 theologi
2057 627 2109 664 o·

1118 701 1263 739 mnes
1301 687 1354 737 in
1394 685 1492 738 hoc
1531 684 1883 738 consentiunt.

1189 761 1243 812 2.
1286 758 1471 826 Angeli
1523 759 1687 811 sancti
1749 774 1871 811 vere
1909 773 2111 812 merue-

1118 841 1258 894 runt,
1302 835 1420 902 quia
1461 834 1510 885 in
1542 835 1769 901 ipsorum
1809 832 1994 900 agendi
2035 849 2132 886 ra-.

1118 910 1255 960 tione
1294 924 1474 959 omnes
1512 908 1831 960 conditiones
1855 906 1919 960 ad
1961 907 2113 960 meri-

1120 989 1229 1035 tum
1255 983 1611 1046 inveniuntur3
1633 982 1842 1034 suerunt
1870 982 2113 1034 nimirum

1123 1057 1265 1110 liberi
1293 1098 1305 1119 ,
1350 1058 1606 1118 viatores,
1669 1058 1834 1123 gratia
1884 1056 2115 1108 sanctifi-

1121 1138 1271 1183 cante
1297 1131 1484 1192 ornati,
1518 1139 1568 1182 et
1605 1130 1795 1183 actuali
1824 1131 1990 1197 gratia
2027 1130 2115 1183 ad-

1122 1207 1233 1258 iuti:
1277 1221 1555 1273 eorumque
1583 1221 1710 1272 opus
1743 1205 2116 1257 excellentissi-

1122 1295 1263 1332 mum
1292 1280 1406 1339 fuit,
1438 1279 1560 1331 dum
1604 1279 1973 1346 perfectissimo
2000 1279 2119 1332 cha·

1124 1355 1289 1406 ritatis
1329 1360 1448 1406 actu
1488 1353 1551 1405 ad
1603 1353 1767 1405 Deum
1809 1369 1862 1405 se
1902 1369 2118 1406 conver-

1125 1435 1317 1488 terunt,
1361 1430 1471 1480 eius
1500 1427 1863 1480 excellentiam
1894 1443 2118 1498 agnove-

1127 1510 1266 1563 runt,
1310 1503 1419 1554 eius
1448 1504 1659 1571 imperio
1687 1518 1741 1555 se
1770 1503 2118 1567 subiecerunt,

1125 1579 1336 1646 eiusque
1366 1577 1546 1629 laudes
1567 1576 2119 1630 celebrarunt.—Me·

1129 1659 1344 1704 ruerunt
1364 1659 1536 1703 autem
1556 1658 1892 1717 augmentum
1920 1653 2119 1720 gratiae

1127 1727 1514 1785 sanctificantis,
1559 1732 1611 1778 et
1637 1726 2006 1779 beatitudinem
2035 1742 2120 1779 su-

1131 1801 1531 1868 pernaturalem,
1575 1816 1705 1868 quae
1743 1802 1903 1867 posita
1945 1809 2022 1854 est
2066 1803 2119 1852 in

1127 1876 1363 1927 intuitiva
1408 1875 1495 1926 Dei
1536 1874 1846 1942 cognitione.
1890 1875 1942 1928 Si
1983 1875 2121 1927 enim

1131 1950 1278 2001 bomo
1319 1950 1485 2001 viator
1525 1964 1614 2016 per
1673 1956 1822 2001 actus
1873 1965 2122 2018 superna-

1131 2023 1310 2076 turalis
1337 2023 1530 2075 ordinis
1560 2030 1896 2090 augmentum
1925 2024 2123 2091 gratiae

1130 2097 1503 2151 sanctificantis
1529 2104 1780 2159 meretur,
1824 2099 1979 2150 etiam
2018 2098 2122 2151 An-

1129 2173 1258 2240 gelis
1298 2173 1401 2224 tale
1443 2174 1681 2224 meritum
1735 2173 1980 2239 denegari
2020 2189 2123 2225 non

1133 2254 1316 2315 potest.
1374 2246 1714 2315 Praecipuum
1767 2262 1890 2299 vero
1932 2248 2124 2299 bonum

1132 2321 1263 2389 quod
1305 2319 1489 2388 Angeli
1519 2322 1684 2373 sancti
1708 2328 2026 2388 meruerunt,
2048 2328 2128 2374 est

1133 2397 1259 2447 visio
1287 2395 1377 2446 Dei
1408 2396 1665 2447 beatifica.
1697 2394 1964 2447 Summam
1990 2395 2127 2447 hanc

1133 2469 1505 2522 beatitudinem
1570 2469 1708 2521 Deus
1775 2468 1940 2521 voluit
2015 2484 2127 2522 esse

1134 2544 1418 2611 praemium
1441 2544 1647 2595 virtutis
1675 2540 1809 2614 (10),
1836 2543 2127 2596 mercedem

1136 2619 1370 2671 laborum
1410 2616 1564 2687 (14),
1607 2623 1659 2669 et
1679 2618 1835 2671 finem
1867 2617 2126 2685 ultimum,

1135 2692 1198 2745 ad
1238 2708 1392 2761 quem
1431 2692 1686 2744 currendo
1737 2708 1830 2744 seu
1867 2691 2126 2761 operando

165 2765 217 2818 Δ.
259 2764 339 2817 Ex
372 2763 494 2832 ipsis
521 2764 811 2816 nominibus
838 2770 1071 2832 apparet,
1139 2767 1404 2836 pervenire
1442 2772 1642 2835 oportet
1682 2764 1817 2837 (1⁶2).

39 2893 44 2898 ,
93 2839 276 2908 quibus
315 2839 366 2890 in
421 2837 502 2890 Ss,
546 2836 750 2890 Litteris
787 2838 1073 2905 insigniun-

94 2919 216 2975 tur,
257 2918 315 2964 ut
351 2911 416 2964 ab
465 2909 678 2981 Angelis
734 2911 1078 2964 desertoribus

97 2985 496 3054 distinguantur.
518 2983 768 3038 Dicuntur
807 2986 943 3037 enim
978 2989 1079 3039 An-

91 3059 345 3128 ,9θζὶθὶεοιὶ
385 3055 483 3131 (2),
522 3057 694 3128 Anqeli
738 3058 939 3112 Domini
978 3057 1076 3131 (5),

1526 2888 1565 2948 ς
1597 2888 1728 2935 ns.

1298 2979 1349 3015 De
1372 2978 1488 3023 gloria
1520 2977 1742 3022 Angelorum
1765 2978 1967 3016 bonorum.

1215 3062 1267 3114 1.
1311 3061 1496 3131 Angeli
1537 3061 1937 3127 beatitudinem,
1980 3079 2135 3133 quam

99 3129 268 3203 Anqeli
305 3132 415 3186 boni
456 3130 560 3204 (li),
603 3132 777 3202 Anqeli
818 3135 938 3185 lucis
979 3134 1076 3204 (5),

50 3209 53 3213 ’
98 3207 272 3276 ᾼηρείἰ
312 3207 552 3260 coelorum
591 3205 707 3277 (6),
762 3207 939 3275 Anyeli
990 3207 1082 3260 Dei

33 3294 58 3351 J
103 3277 213 3349 (7),
251 3277 423 3349 Anyeli
474 3279 663 3334 Christi
709 3278 813 3352 (8),
857 3279 1082 3334 Conseroi

39 3352 41 3354 ’
82 3352 316 3407 'fidelium
353 3351 447 3425 (9).
482 3383 555 3393 -
582 3353 768 3423 Angeli
816 3356 901 3408 isti
952 3363 1082 3409 tem-

1142 3142 1372 3203 tempore
1425 3135 1739 3204 probationis
1788 3145 2132 3199 meruerunt,

1143 3210 1315 3261 statim
1374 3211 1637 3263 consecuti
1673 3217 1836 3272 sunt.
1917 3210 1970 3264 ld
2012 3228 2137 3264 sane

1133 3283 1294 3336 ⁷docet
1331 3282 1593 3346 ChristuS‚
1638 3300 1757 3337 cum
1807 3285 1919 3338 ait:
1963 3285 2137 3354 Anqeli

1144 3373 1312 3412 eorum
1334 3356 1387 3409 in
1413 3358 1552 3410 coelis
1578 3374 1763 3428 semper
1783 3359 1943 3414 vident
1965 3361 2137 3427 faciem

1206 3473 1242 3517 7)
1267 3474 1322 3507 ps.
1348 3472 1404 3515 oo,
1425 3474 1480 3509 11.

166 3468 201 3546 22
224 3467 247 3546 ξ
267 3469 368 3547 ’ῗῗιῗιιῖ
384 3470 496 3554 3241’.
516 3480 552 3515 ‘¹'
578 3471 611 3508 ¹'
637 3481 668 3507 δ’
695 3472 782 3594 Ἓξ)
806 3517 927 3552 matth.
955 3517 988 3559 1,
1014 3517 1068 3552 20.
1207 3517 1249 3596 (ᾖ),
1270 3522 1377 3597 Αὲροῖςι.
1403 3517 1537 3598 19ὲ11ξ
1555 3525 1591 3554 et
1608 3519 1663 3561 22,
1688 3519 1720 3554 9.

772 3585 780 3595 .
1361 3572 1422 3597 im.
1473 3589 1482 3604 ‚
1535 3591 1540 3596 .

150 3467 184 3511 (1

151 3511 203 3644 ‘43
226 3555 248 3590 2
268 3555 382 3591 maen.
407 3556 465 3597 11,
489 3559 510 3592 a
531 3563 569 3594 et
590 3569 624 3595 c.
647 3559 702 3603 15,

150 3555 188 3644 is
226 3599 248 3636 2
269 3599 352 3636 eor.
378 3599 434 3644 11,
458 3601 513 3638 14.
721 3603 773 3649 (e)
797 3605 925 3641 natm.
950 3604 1005 3650 24,
1029 3605 1085 3642 36.
1192 3563 1265 3651 {115
1290 3607 1415 3643 Matm.
1441 3607 1548 3651 5,12.
1636 3662 1639 3663 ⁷

1721 3474 1773 3520 (s)
1798 3476 1923 3510 Manu.
1950 3475 2005 3518 24,
2031 3474 2086 3510 31.

1748 3605 1823 3651 (12)
1848 3606 1867 3643 1
1893 3606 1976 3642 cor.
2001 3605 2037 3649 a,
2061 3606 2106 3642 24

57 3625 69 3639 Ὗ

52 3656 53 3659 ,
67 3651 70 3658 ι

69 3691 79 3707 ζ

50 3759 55 3767 ι
75 3750 95 3774 *4¹⁸

59 3779 86 3794 ἢ,
103 3791 105 3793 ,

80 3841 102 3860 Α..
135 3848 137 3851 .
