2332 3860
158 22 163 26 .
203 11 215 26 l

115 34 132 70 t!
196 38 203 44 ⁵

759 106 877 148 PARS
913 108 970 146 ss.
1011 107 1177 147 enemo
1216 108 1271 145 11.’
1314 106 1468 148 carm·
1504 107 1559 144 n.

15 245 25 250 ,
137 195 247 254 solo
282 190 566 248 voluntatis
597 195 728 241 nutu
785 189 959 242 omnia
1006 204 1122 254 per-

15 252 260 358 btgssficit,
302 278 467 333 neque
504 262 750 316 ministris
787 262 999 329 indiget.

31 334 102 408 235
209 339 314 396 Οὺὲ.
359 339 442 391 5,·
474 336 528 390 1η
569 342 754 388 natura
793 335 1122 390 inordinatio-

135 430 226 470 nes
263 410 670 483 quamplurimae
728 409 990 471 videntur,
1058 410 1122 463 ob

67 484 259 559 ‘squas
297 486 469 539 divina
509 483 826 552 providentia
886 483 1119 551 neganda

131 568 228 616 est.
271 559 398 614 Nam
425 561 463 611 si
488 558 684 612 infinita
706 558 955 625 sapientia
977 573 1122 609 mun-

76 657 93 666 *
135 637 254 688 dum
294 635 628 703 gubernaret,
666 631 836 684 omnia
875 632 1015 684 entia
1055 633 1117 684 ad

73 718 96 748 ³*
132 709 283 763 finem
322 723 471 760 suum
513 706 874 773 dirigerentur.
911 704 1009 757 Sed
1032 721 1120 757 ex-

134 783 376 853 perientia
415 781 727 834 contrarium
768 780 1010 832 ostendit.
1062 779 1115 831 ln

58 895 72 923 ς
133 858 228 911 hac
266 857 405 909 enim
443 870 618 909 rerum
646 855 983 906 universitate
1011 853 1120 921 plu-

55 940 189 995 ;*ra
248 937 388 989 sunt,
444 945 574 999 quae
632 943 662 979 a
701 927 803 980 fine
842 943 953 989 suc,
998 934 1050 980 et
1087 943 1117 979 a

129 1012 267 1059 recto
306 1003 484 1058 ordine
523 1001 823 1062 deflectunt,
867 1008 919 1054 et
952 1001 1033 1053 vel
1083 1003 1118 1052 i-

132 1078 309 1132 nutilia
352 1078 432 1130 vel
475 1084 794 1129 monstruosa
837 1075 918 1127 vel
959 1076 1116 1127 etiam

95 1211 98 1214 ,
130 1153 280 1206 noxia
320 1167 431 1204 esse
477 1149 1002 1218 comprehenduntur.
1033 1148 1115 1200 Sic

129 1241 279 1294 saepe
331 1226 650 1293 degenerant
702 1224 910 1290 frugeS,
962 1239 1114 1291 gran-

128 1301 279 1362 dine,
335 1300 586 1359 fulmine,
638 1298 904 1356 incendio,
966 1299 1114 1349 inun-

127 1374 329 1427 datione
369 1390 449 1426 res
491 1372 790 1425 utilissimae
848 1370 1116 1424 destruun-

126 1455 243 1513 tur3
287 1450 336 1500 in
379 1448 538 1499 maria
560 1453 611 1499 et
652 1446 761 1498 loca
798 1445 998 1497 deserta
1029 1446 1114 1496 de-

125 1522 244 1574 cidit
310 1522 510 1590 pluvia‚
578 1520 928 1572 arescenti-bus
996 1536 1113 1586 prae

123 1597 353 1649 siccitate
392 1595 529 1661 agris
569 1594 844 1657 fertilibus;
871 1609 965 1646 ova
1006 1594 1115 1646 ani-

79 1706 83 1710 >
126 1670 334 1722 nialium
377 1671 650 1720 innumera
692 1684 791 1719 non
833 1667 1116 1719 excludun-

126 1750 230 1803 tur,
274 1750 324 1795 et
347 1743 510 1794 foetus
530 1749 747 1809 pereunt
770 1742 938 1802 multi,
972 1741 1112 1793 binc-

124 1817 243 1871 inde
283 1817 469 1869 dantur
532 1821 760 1867 monstra
824 1821 876 1867 et
940 1822 1114 1882 partus

127 1891 402 1951 difformes,
448 1897 732 1942 nascuntur
779 1888 967 1941 herbae
1032 1906 1115 1941 ve-

127 1971 346 2018 nenatae
385 1972 436 2018 et
474 1964 747 2022 animalia,
789 1979 888 2015 non
948 1963 1111 2015 solum

0 2016 1 2019 Ἴ
48 2099 51 2101 ,
127 2039 398 2092 utilitatem
439 2054 539 2091 non
579 2038 863 2096 afferentia,
917 2038 1006 2090 sed
1065 2044 1115 2090 et

127 2114 340 2166 caeteris
380 2114 551 2166 bestiis
592 2118 643 2165 et
682 2111 973 2164 hominibus
1027 2128 1114 2164 no-

126 2189 210 2239 xia
234 2205 249 2251 3
283 2193 406 2255 quot
433 2186 651 2254 denique
679 2186 867 2238 dantur
896 2186 1109 2246 insecta,

127 2276 257 2329 quae
296 2261 359 2313 ad
403 2259 529 2312 nihil
587 2260 726 2312 aliud
792 2261 1109 2320 inserviunt,

127 2350 282 2403 quam
320 2334 383 2387 ad
425 2350 507 2386 res
574 2334 824 2401 proficuas
889 2350 1115 2386 corrum-

125 2409 338 2476 pendaS,
407 2415 458 2459 et
514 2407 745 2460 homines
810 2407 1114 2460 vexandos?

129 2482 266 2534 Haec
304 2481 476 2534 omnia
515 2482 813 2543 ostendunt,
877 2489 1116 2533 naturam

77 2554 85 2559 ’
129 2561 236 2608 suis
278 2556 471 2608 viribus
524 2556 756 2608 relictam
822 2555 1115 2617 nullatenus

48 2640 51 2642 ’
129 2630 192 2683 ab
227 2629 425 2682 infinita
465 2631 714 2697 sapientia
752 2630 1048 2697 gubernari.

202 2702 339 2770 Resp.
373 2703 427 2754 4.
471 2702 515 2754 A
553 2704 666 2756 Deo
706 2705 874 2756 omnia
931 2704 1116 2770 guber-

128 2777 238 2830 nari
274 2792 341 2829 ex
381 2776 694 2830 revelatione
732 2784 784 2829 et
823 2778 1019 2830 ratione
1047 2780 1114 2830 ita

127 2858 327 2903 certum
366 2856 461 2910 est,
506 2857 563 2902 ut
614 2851 678 2903 de
743 2851 839 2902 hac
902 2853 1116 2904 veritate

95 2924 360 2977 -dubitare
390 2939 492 2975 non
533 2923 699 2976 liceat.
744 2922 1079 2977 Difficultates
1102 2967 1113 2983 ,

78 3006 96 3013 ”
129 3012 258 3067 quae
297 3005 640 3065 opponuntur,
681 2999 888 3050 modum
911 3014 1117 3051 concer-

57 3079 74 3137 g
130 3077 281 3136 nunt3
323 3071 412 3123 sed
451 3072 515 3123 ob
574 3071 724 3124 huius
780 3073 1117 3138 ignorantiam

77 3160 79 3162 ·
107 3152 271 3211 'certa
298 3146 491 3197 veritas
532 3161 631 3196 non
675 3145 1029 3199 labefactatur.

150 3247 156 3254 -
203 3219 258 3271 2.
302 3218 440 3271 Deus
466 3220 605 3270 solus
633 3220 798 3271 omnia
821 3236 952 3290 qnae
981 3237 1122 3273 crea-

63 3310 89 3357 s
133 3291 226 3351 vit,
270 3292 491 3360 perfecte
531 3298 809 3360 cognoscit,
853 3302 905 3348 et
956 3301 1117 3348 totum

135 3379 306 3416 rerum
347 3367 679 3418 existentium
725 3384 911 3420 nexum
954 3376 1001 3420 et
1045 3386 1122 3420 oi·-

135 3436 308 3493 dinem
344 3443 600 3512 perspicit.
644 3440 745 3494 Nos
770 3449 966 3506 autem,
998 3459 1122 3514 quo-

49 3683 180 3747 ζ,

1994 93 2097 146 1107

1186 203 1303 241 rum
1337 186 1633 243 intellectus
1657 202 1688 239 a
1709 186 1882 240 divino
1908 187 2176 247 intellectu

1186 261 1381 317 infinite
1420 260 1596 322 distat,
1642 276 1807 330 neque
1872 268 2176 321 cunctarum

1185 348 1358 389 rerum
1398 341 1631 397 naturas,
1662 335 1931 403 variosque
1958 335 2021 387 ad
2051 352 2175 404 quos

1183 410 1486 465 ordinantur
1524 407 1654 461 fines
1677 409 2055 476 cognoscimuS,
2088 426 2172 462 ne-

1183 499 1280 552 que
1323 484 1477 540 totius
1526 482 1756 538 universi
1798 497 1996 541 nexum.
2037 483 2163 535 ordi-

1185 573 1402 627 nemque
1453 556 1808 624 perspicimus.
1868 555 1983 610 ldeo
2042 572 2158 609 erra

1182 647 1315 693 mus,
1360 631 1484 682 dum
1522 630 1574 681 in
1606 631 1836 697 partibus
1859 629 2027 689 solum
2056 646 2157 682 non

1182 705 1335 756 nullis
1374 702 1674 771 haeremus',
1717 720 1881 773 neque
1922 720 2009 760 eas
2049 704 2172 756 refe-

1183 781 1342 830 rimus
1399 778 1464 830 ad
1529 785 1733 831 totum:
1789 778 1962 846 aliqua
2010 784 2173 832 ,extra

1180 852 1409 905 ordinem
1450 868 1601 905 suum
1643 853 1805 920 posita
1831 852 2170 914 arbitramur,

1180 943 1309 995 quae
1352 934 1521 978 tamen
1563 928 1698 979 intra
1739 943 1794 979 se
1833 927 2024 995 optime
2057 942 2171 978 con·

1181 1017 1313 1053 nexa
1367 1008 1508 1062 sunt,
1577 1007 1629 1052 et
1693 1007 1856 1053 totum
1923 1000 2171 1067 inspicere

1181 1091 1279 1126 non
1321 1074 1574 1134 valenteS‚
1601 1074 1924 1133 deformitate
1954 1075 2176 1141 partium

1179 1148 1323 1202 facile
1364 1148 1686 1208 offendimur,
1730 1155 1782 1200 et
1828 1147 1892 1199 de
1943 1149 2051 1216 ipsa
2106 1146 2176 1199 di-

1180 1223 1298 1274 vina
1318 1223 1688 1289 gubernatione
1709 1220 1914 1275 sinistre
1949 1221 2174 1276 iudicare

1179 1313 1278 1349 non
1323 1312 1580 1349 veremur.

1252 1371 1305 1422 5.
1348 1370 1529 1423 Multa.
1563 1386 1694 1438 quae
1716 1370 1861 1423 nobis
1884 1368 2173 1422 inordinate

1177 1445 1474 1511 contingere
1514 1445 1775 1506 videntur,
1823 1443 2173 1511 providentiae

1177 1519 1378 1570 divinae
1402 1520 1610 1571 omnino
1631 1534 1857 1571 consona
1884 1534 1994 1570 esse
2018 1519 2173 1571 etiam

1178 1594 1369 1646 directe
1417 1593 1613 1645 ostendi
1683 1599 1864 1660 potest.
1924 1592 2175 1646 Hincinde

1178 1667 1492 1733 degenerant
1535 1668 1727 1733 frugeS,
1771 1682 1854 1718 res
1894 1665 2046 1718 utiles
2090 1666 2174 1718 de-

1177 1748 1470 1802 struuntur,
1516 1748 1743 1793 monstra
1773 1741 1824 1792 in
1859 1739 2026 1792 lucem
2056 1756 2173 1808 pro·

1178 1816 1356 1876 deurit,
1402 1822 1457 1867 ut
1498 1815 1730 1867 homines
1770 1814 1904 1867 bona
1952 1830 2085 1883 quae
2141 1830 2173 1867 a

1179 1889 1281 1941 Deo
1338 1896 1671 1957 acceperunt,
1740 1887 1925 1940 melius
1988 1903 2173 1956 cogno·

1177 1970 1342 2024 scant,
1388 1965 1551 2032 inagis
1590 1963 1886 2023 aestiment,
1931 1969 1982 2016 et
2021 1963 2172 2015 bene-

1178 2038 1422 2090 factorem
1462 2054 1613 2090 suum
1655 2037 1936 2089 ferventius
1976 2036 2174 2090 collau-

1177 2113 1317 2164 dent.
1362 2111 1436 2164 lta
1482 2113 1619 2179 ipsae
1675 2117 1982 2179 apparentes
2040 2112 2174 2163 inor·

1177 2186 1463 2238 dinationes
1502 2186 1564 2238 ad
1606 2185 1941 2251 gloriamaeDei
1975 2201 2174 2253 promo-

1180 2260 1399 2312 vendam
1475 2260 1767 2312 conferunt.
1838 2258 1984 2312 Haud
2057 2275 2172 2312 raro

1178 2335 1350 2386 divina
1392 2334 1711 2401 providentia
1762 2333 1987 2385 maxime
2052 2348 2171 2384 con-

1177 2409 1351 2475 spicua
1392 2408 1639 2473 redditur,
1680 2407 1802 2459 dum
1864 2422 1951 2474 per
2009 2406 2171 2474 ipsam

1179 2498 1260 2534 res
1299 2481 1361 2534 ad
1403 2488 1633 2548 aptatum
1677 2481 1832 2533 finem
1875 2480 2169 2548 perducun-

1180 2562 1281 2616 tur,
1326 2557 1559 2624 quamvis
1598 2554 1854 2607 ordinaria
1884 2554 2052 2607 media
2089 2570 2172 2623 pe·

1182 2631 1317 2682 nitus
1358 2630 1618 2690 deficiant,
1663 2636 1752 2682 aut
1791 2628 1974 2681 saltem
2015 2628 2172 2681 insuf-

1181 2705 1400 2756 ficientia
1431 2704 1721 2756 videantur.
1747 2703 1831 2756 Sic
1866 2718 1912 2754 e.
1945 2718 1998 2770 g.
2030 2702 2173 2765 hinc-

1180 2780 1296 2830 inde
1337 2778 1571 2831 homines
1611 2777 1981 2837 lamentantur,
2025 2783 2076 2835 et
2117 2778 2174 2830 ti·

1181 2853 1407 2904 moribus
1446 2859 1709 2919 anguntur
1749 2851 1812 2903 ob
1838 2851 1958 2905 anni
1986 2851 2172 2910 sterili-

1183 2934 1360 2987 tatem,
1408 2928 1456 2978 in
1495 2928 1641 2978 cuius
1684 2933 1854 2977 tamen
1914 2924 2016 2987 fine
2072 2941 2175 2977 ma-

1185 3001 1428 3054 nifestum
1476 3000 1728 3059 redditur,
1797 2998 2029 3058 homines
2089 3014 2175 3051 ne·

1182 3076 1417 3125 cessariis
1457 3073 1714 3125 alimentis
1756 3072 1891 3125 baud
1919 3073 2169 3133 caruisse.

1182 3147 1341 3199 Simili
1386 3147 1533 3199 modo
1574 3147 1711 3199 Deus
1749 3162 1902 3214 saepe
1930 3162 2025 3206 ‚res
2087 3161 2175 3213 per

1183 3238 1262 3280 ca,
1307 3237 1438 3288 quae
1480 3221 1623 3273 nobis
1680 3220 1902 3281 inutilia,
1965 3222 2173 3288 inepta,

1183 3302 1272 3346 aut
1311 3296 1467 3347 etiam
1496 3296 1645 3349 noxia
1679 3295 1938 3355 videntur,
1969 3295 2174 3359 sapien-

1187 3369 1375 3419 tissime
1415 3369 1476 3419 ad
1520 3369 1671 3420 finem
1718 3369 1964 3434 perducit.
2022 3365 2176 3417 Falli-

1185 3458 1299 3494 mur
1338 3443 1546 3505 idcirce,
1578 3444 1701 3495 dum
1730 3443 1964 3510 praecoci
1991 3438 2177 3505 iudicio
