<?xml version="1.0" encoding="UTF-8"?>
<!DOCTYPE html PUBLIC "-//W3C//DTD XHTML 1.0 Transitional//EN"
    "http://www.w3.org/TR/xhtml1/DTD/xhtml1-transitional.dtd">
<html xmlns="http://www.w3.org/1999/xhtml" xml:lang="en" lang="en">
 <head>
  <title>
</title>
<meta http-equiv="Content-Type" content="text/html;charset=utf-8" />
  <meta name='ocr-system' content='tesseract 3.04.00' />
  <meta name='ocr-capabilities' content='ocr_page ocr_carea ocr_par ocr_line ocrx_word'/>
</head>
<body>
  <div class='ocr_page' id='page_1' title='image "./theologiae00knoluoft_0401.png"; bbox 0 0 2332 3860; ppageno 0'>
   <div class='ocr_carea' id='block_1_1' title="bbox 0 0 120 262">
    <p class='ocr_par' dir='ltr' id='par_1_1' title="bbox 0 0 120 262">
     <span class='ocr_line' id='line_1_1' title="bbox 0 0 120 262; baseline 0 0"><span class='ocrx_word' id='word_1_1' title='bbox 0 0 120 262; x_wconf 95' lang='lat' dir='ltr'><strong>   </strong></span> 
     </span>
    </p>
   </div>
   <div class='ocr_carea' id='block_1_2' title="bbox 4 161 1083 2017">
    <p class='ocr_par' dir='ltr' id='par_1_2' title="bbox 4 161 1083 2017">
     <span class='ocr_line' id='line_1_2' title="bbox 67 161 1057 244; baseline -0.004 -16.225"><span class='ocrx_word' id='word_1_2' title='bbox 67 161 162 244; x_wconf 53' lang='lat' dir='ltr'><strong>[liis</strong></span> <span class='ocrx_word' id='word_1_3' title='bbox 191 168 482 241; x_wconf 74' lang='lat' dir='ltr'><strong>habendam</strong></span> <span class='ocrx_word' id='word_1_4' title='bbox 520 167 845 238; x_wconf 85' lang='lat' dir='ltr'><strong>obligantur3</strong></span> <span class='ocrx_word' id='word_1_5' title='bbox 894 170 1057 224; x_wconf 91' lang='lat' dir='ltr'><strong>Deum</strong></span> 
     </span>
     <span class='ocr_line' id='line_1_3' title="bbox 12 241 1060 315; baseline -0.001 -17"><span class='ocrx_word' id='word_1_6' title='bbox 12 241 259 315; x_wconf 43' lang='lat' dir='ltr'><strong>&amp;fantem</strong></span> <span class='ocrx_word' id='word_1_7' title='bbox 284 245 400 314; x_wconf 78' lang='lat' dir='ltr'><strong>quis</strong></span> <span class='ocrx_word' id='word_1_8' title='bbox 437 242 503 297; x_wconf 87' lang='lat' dir='ltr'><strong>ad</strong></span> <span class='ocrx_word' id='word_1_9' title='bbox 558 244 903 297; x_wconf 82' lang='lat' dir='ltr'><strong>exercendam</strong></span> <span class='ocrx_word' id='word_1_10' title='bbox 948 258 1060 313; x_wconf 89' lang='lat' dir='ltr'><strong>pro-</strong></span> 
     </span>
     <span class='ocr_line' id='line_1_4' title="bbox 12 316 1061 391; baseline 0.002 -21"><span class='ocrx_word' id='word_1_11' title='bbox 12 316 356 391; x_wconf 28' lang='lat' dir='ltr'><strong>fivtss&#39;fssyjdentiam</strong></span> <span class='ocrx_word' id='word_1_12' title='bbox 395 333 540 370; x_wconf 89' lang='lat' dir='ltr'><strong>suam</strong></span> <span class='ocrx_word' id='word_1_13' title='bbox 581 317 873 387; x_wconf 76' lang='lat' dir='ltr'><strong>obligavit?</strong></span> <span class='ocrx_word' id='word_1_14' title='bbox 913 317 1061 372; x_wconf 85' lang='lat' dir='ltr'><strong>Certe</strong></span> 
     </span>
     <span class='ocr_line' id='line_1_5' title="bbox 14 366 1061 467; baseline -0.002 -20"><span class='ocrx_word' id='word_1_15' title='bbox 14 366 384 467; x_wconf 19' lang='lat' dir='ltr'><strong>{lxsicutDeus</strong></span> <span class='ocrx_word' id='word_1_16' title='bbox 422 391 713 445; x_wconf 81' lang='lat' dir='ltr'><strong>liberrimus</strong></span> <span class='ocrx_word' id='word_1_17' title='bbox 753 392 848 445; x_wconf 86' lang='lat' dir='ltr'><strong>fuit</strong></span> <span class='ocrx_word' id='word_1_18' title='bbox 886 393 936 444; x_wconf 91' lang='lat' dir='ltr'><strong>in</strong></span> <span class='ocrx_word' id='word_1_19' title='bbox 984 408 1061 445; x_wconf 92' lang='lat' dir='ltr'><strong>re-</strong></span> 
     </span>
     <span class='ocr_line' id='line_1_6' title="bbox 23 459 1061 533; baseline -0.002 -12"><span class='ocrx_word' id='word_1_20' title='bbox 23 460 57 526; x_wconf 46' lang='lat' dir='ltr'><strong>is.</strong></span> <span class='ocrx_word' id='word_1_21' title='bbox 82 459 200 533; x_wconf 68' lang='lat' dir='ltr'><strong>rum</strong></span> <span class='ocrx_word' id='word_1_22' title='bbox 234 465 636 532; x_wconf 79' lang='lat' dir='ltr'><strong>contingentium</strong></span> <span class='ocrx_word' id='word_1_23' title='bbox 677 467 957 527; x_wconf 82' lang='lat' dir='ltr'><strong>creatione,</strong></span> <span class='ocrx_word' id='word_1_24' title='bbox 991 467 1061 519; x_wconf 85' lang='lat' dir='ltr'><strong>ita</strong></span> 
     </span>
     <span class='ocr_line' id='line_1_7' title="bbox 46 526 1061 610; baseline -0.003 -16.069"><span class='ocrx_word' id='word_1_25' title='bbox 22 526 233 610; x_wconf 56' lang='lat' dir='ltr'><strong>&#39;etjam</strong></span> <span class='ocrx_word' id='word_1_26' title='bbox 272 539 562 594; x_wconf 87' lang='lat' dir='ltr'><strong>liberrimus</strong></span> <span class='ocrx_word' id='word_1_27' title='bbox 588 547 666 592; x_wconf 90' lang='lat' dir='ltr'><strong>est</strong></span> <span class='ocrx_word' id='word_1_28' title='bbox 704 541 756 592; x_wconf 90' lang='lat' dir='ltr'><strong>in</strong></span> <span class='ocrx_word' id='word_1_29' title='bbox 784 539 1061 593; x_wconf 87' lang='lat' dir='ltr'><strong>earundem</strong></span> 
     </span>
     <span class='ocr_line' id='line_1_8' title="bbox 70 615 985 682; baseline -0.003 -13.104"><span class='ocrx_word' id='word_1_30' title='bbox 37 615 467 671; x_wconf 69' lang='lat' dir='ltr'><strong>&#39;conservatione</strong></span> <span class='ocrx_word' id='word_1_31' title='bbox 506 620 565 681; x_wconf 26' lang='lat' dir='ltr'><strong>et·</strong></span> <span class='ocrx_word' id='word_1_32' title='bbox 596 615 985 682; x_wconf 79' lang='lat' dir='ltr'><strong>gubernatione.</strong></span> 
     </span>
     <span class='ocr_line' id='line_1_9' title="bbox 78 681 1066 757; baseline 0.001 -18.945"><span class='ocrx_word' id='word_1_33' title='bbox 78 681 97 698; x_wconf 73' lang='grc'><strong>”’</strong></span> <span class='ocrx_word' id='word_1_34' title='bbox 155 688 208 742; x_wconf 79' lang='lat'><strong>3.</strong></span> <span class='ocrx_word' id='word_1_35' title='bbox 251 688 432 741; x_wconf 89' lang='lat' dir='ltr'><strong>Divina</strong></span> <span class='ocrx_word' id='word_1_36' title='bbox 473 689 792 756; x_wconf 85' lang='lat' dir='ltr'><strong>providentia</strong></span> <span class='ocrx_word' id='word_1_37' title='bbox 837 688 1066 757; x_wconf 80' lang='lat' dir='ltr'><strong>efficacis-</strong></span> 
     </span>
     <span class='ocr_line' id='line_1_10' title="bbox 31 762 1065 831; baseline -0.005 -12"><span class='ocrx_word' id='word_1_38' title='bbox 31 803 34 807; x_wconf 52' lang='lat'>&lt;</span> <span class='ocrx_word' id='word_1_39' title='bbox 83 762 206 821; x_wconf 72' lang='lat' dir='ltr'><strong>sima</strong></span> <span class='ocrx_word' id='word_1_40' title='bbox 242 771 294 815; x_wconf 86' lang='lat' dir='ltr'><strong>et</strong></span> <span class='ocrx_word' id='word_1_41' title='bbox 331 762 626 830; x_wconf 79' lang='lat' dir='ltr'><strong>omnipotens</strong></span> <span class='ocrx_word' id='word_1_42' title='bbox 664 770 760 823; x_wconf 87' lang='lat' dir='ltr'><strong>est,</strong></span> <span class='ocrx_word' id='word_1_43' title='bbox 823 764 938 831; x_wconf 91' lang='lat' dir='ltr'><strong>quia</strong></span> <span class='ocrx_word' id='word_1_44' title='bbox 1001 762 1065 814; x_wconf 87' lang='lat' dir='ltr'><strong>ad</strong></span> 
     </span>
     <span class='ocr_line' id='line_1_11' title="bbox 4 837 1067 904; baseline -0.006 -10"><span class='ocrx_word' id='word_1_45' title='bbox 4 892 8 893; x_wconf 17' lang='lat' dir='ltr'><em>ff</em></span> <span class='ocrx_word' id='word_1_46' title='bbox 46 887 56 894; x_wconf 71' lang='grc'><strong>,.</strong></span> <span class='ocrx_word' id='word_1_47' title='bbox 85 852 260 894; x_wconf 86' lang='lat' dir='ltr'><strong>omnes</strong></span> <span class='ocrx_word' id='word_1_48' title='bbox 294 852 501 904; x_wconf 88' lang='lat' dir='ltr'><strong>prorsus</strong></span> <span class='ocrx_word' id='word_1_49' title='bbox 539 843 804 889; x_wconf 86' lang='lat' dir='ltr'><strong>creaturas</strong></span> <span class='ocrx_word' id='word_1_50' title='bbox 830 837 1067 904; x_wconf 88' lang='lat' dir='ltr'><strong>spiritua-</strong></span> 
     </span>
     <span class='ocr_line' id='line_1_12' title="bbox 35 910 1067 971; baseline -0.006 -4"><span class='ocrx_word' id='word_1_51' title='bbox 35 955 37 957; x_wconf 13' lang='grc' dir='ltr'><em>ν</em></span> <span class='ocrx_word' id='word_1_52' title='bbox 85 911 160 967; x_wconf 90' lang='lat' dir='ltr'><strong>les</strong></span> <span class='ocrx_word' id='word_1_53' title='bbox 197 917 248 965; x_wconf 91' lang='lat' dir='ltr'><strong>et</strong></span> <span class='ocrx_word' id='word_1_54' title='bbox 285 910 595 971; x_wconf 81' lang='lat' dir='ltr'><strong>materialeS,</strong></span> <span class='ocrx_word' id='word_1_55' title='bbox 627 912 878 963; x_wconf 88' lang='lat' dir='ltr'><strong>maximas</strong></span> <span class='ocrx_word' id='word_1_56' title='bbox 906 912 1067 963; x_wconf 87' lang='lat' dir='ltr'><strong>etmi-</strong></span> 
     </span>
     <span class='ocr_line' id='line_1_13' title="bbox 19 981 1067 1053; baseline -0.004 -12"><span class='ocrx_word' id='word_1_57' title='bbox 19 981 46 1015; x_wconf 52' lang='grc' dir='ltr'>Ὗ</span> <span class='ocrx_word' id='word_1_58' title='bbox 85 988 251 1042; x_wconf 84' lang='lat' dir='ltr'><strong>uimas</strong></span> <span class='ocrx_word' id='word_1_59' title='bbox 314 984 630 1047; x_wconf 76' lang='lat' dir='ltr'><strong>extenditur,</strong></span> <span class='ocrx_word' id='word_1_60' title='bbox 699 985 1067 1053; x_wconf 86' lang='lat' dir='ltr'><strong>universasque</strong></span> 
     </span>
     <span class='ocr_line' id='line_1_14' title="bbox 58 1055 1069 1130; baseline -0.004 -15"><span class='ocrx_word' id='word_1_61' title='bbox 58 1055 60 1058; x_wconf 53' lang='grc'>’</span> <span class='ocrx_word' id='word_1_62' title='bbox 87 1060 277 1130; x_wconf 77' lang='lat' dir='ltr'><strong>absque</strong></span> <span class='ocrx_word' id='word_1_63' title='bbox 312 1060 553 1127; x_wconf 90' lang='lat' dir='ltr'><strong>temporis</strong></span> <span class='ocrx_word' id='word_1_64' title='bbox 581 1066 631 1111; x_wconf 92' lang='lat' dir='ltr'><strong>et</strong></span> <span class='ocrx_word' id='word_1_65' title='bbox 654 1058 840 1112; x_wconf 87' lang='lat' dir='ltr'><strong>laboris</strong></span> <span class='ocrx_word' id='word_1_66' title='bbox 868 1060 1069 1125; x_wconf 87' lang='lat' dir='ltr'><strong>dispen-</strong></span> 
     </span>
     <span class='ocr_line' id='line_1_15' title="bbox 43 1130 1070 1200; baseline -0.004 -12"><span class='ocrx_word' id='word_1_67' title='bbox 43 1136 48 1142; x_wconf 64' lang='grc'><strong>“</strong></span> <span class='ocrx_word' id='word_1_68' title='bbox 87 1135 166 1198; x_wconf 82' lang='lat' dir='ltr'><strong>dio</strong></span> <span class='ocrx_word' id='word_1_69' title='bbox 204 1140 475 1186; x_wconf 83' lang='lat' dir='ltr'><strong>conservat</strong></span> <span class='ocrx_word' id='word_1_70' title='bbox 515 1140 565 1184; x_wconf 89' lang='lat' dir='ltr'><strong>et</strong></span> <span class='ocrx_word' id='word_1_71' title='bbox 602 1134 875 1200; x_wconf 82' lang='lat' dir='ltr'><strong>gubernat.</strong></span> <span class='ocrx_word' id='word_1_72' title='bbox 913 1130 1070 1186; x_wconf 86' lang='lat' dir='ltr'><strong>Recte</strong></span> 
     </span>
     <span class='ocr_line' id='line_1_16' title="bbox 87 1207 1066 1275; baseline -0.002 -14"><span class='ocrx_word' id='word_1_73' title='bbox 87 1209 103 1262; x_wconf 83' lang='lat' dir='ltr'><strong>i</strong></span> <span class='ocrx_word' id='word_1_74' title='bbox 142 1208 244 1261; x_wconf 91' lang='lat' dir='ltr'><strong>itur</strong></span> <span class='ocrx_word' id='word_1_75' title='bbox 307 1207 369 1259; x_wconf 88' lang='lat' dir='ltr'><strong>de</strong></span> <span class='ocrx_word' id='word_1_76' title='bbox 432 1207 536 1260; x_wconf 87' lang='lat' dir='ltr'><strong>Deo</strong></span> <span class='ocrx_word' id='word_1_77' title='bbox 602 1208 811 1275; x_wconf 88' lang='lat' dir='ltr'><strong>provido</strong></span> <span class='ocrx_word' id='word_1_78' title='bbox 862 1208 1066 1269; x_wconf 90' lang='lat' dir='ltr'><strong>dicitur,</strong></span> 
     </span>
     <span class='ocr_line' id='line_1_17' title="bbox 47 1225 1071 1351; baseline -0.006 -12"><span class='ocrx_word' id='word_1_79' title='bbox 47 1225 216 1351; x_wconf 56' lang='lat' dir='ltr'><strong>fqguod</strong></span> <span class='ocrx_word' id='word_1_80' title='bbox 258 1281 319 1333; x_wconf 92' lang='lat' dir='ltr'><strong>de</strong></span> <span class='ocrx_word' id='word_1_81' title='bbox 383 1279 489 1333; x_wconf 90' lang='lat' dir='ltr'><strong>Deo</strong></span> <span class='ocrx_word' id='word_1_82' title='bbox 552 1288 761 1334; x_wconf 83' lang='lat' dir='ltr'><strong>creante</strong></span> <span class='ocrx_word' id='word_1_83' title='bbox 824 1283 1071 1350; x_wconf 86' lang='lat' dir='ltr'><strong>scriptum</strong></span> 
     </span>
     <span class='ocr_line' id='line_1_18' title="bbox 90 1354 1075 1427; baseline -0.002 -19"><span class='ocrx_word' id='word_1_84' title='bbox 90 1363 185 1427; x_wconf 83' lang='lat' dir='ltr'><strong>est.</strong></span> <span class='ocrx_word' id='word_1_85' title='bbox 229 1354 340 1424; x_wconf 81' lang='lat' dir='ltr'><strong>Ipse</strong></span> <span class='ocrx_word' id='word_1_86' title='bbox 377 1356 527 1417; x_wconf 72' lang='lat' dir='ltr'><strong>dixit,</strong></span> <span class='ocrx_word' id='word_1_87' title='bbox 571 1362 614 1408; x_wconf 83' lang='lat' dir='ltr'><strong>et</strong></span> <span class='ocrx_word' id='word_1_88' title='bbox 651 1357 779 1423; x_wconf 81' lang='lat' dir='ltr'><strong>sacta</strong></span> <span class='ocrx_word' id='word_1_89' title='bbox 825 1365 963 1420; x_wconf 57' lang='lat' dir='ltr'><strong>suum</strong></span> <span class='ocrx_word' id='word_1_90' title='bbox 1032 1358 1075 1406; x_wconf 82' lang='lat' dir='ltr'><strong>i-</strong></span> 
     </span>
     <span class='ocr_line' id='line_1_19' title="bbox 47 1429 1069 1501; baseline -0.003 -16"><span class='ocrx_word' id='word_1_91' title='bbox 47 1451 68 1493; x_wconf 68' lang='lat' dir='ltr'><strong>je</strong></span> <span class='ocrx_word' id='word_1_92' title='bbox 89 1441 173 1500; x_wconf 80' lang='lat' dir='ltr'><strong>pse</strong></span> <span class='ocrx_word' id='word_1_93' title='bbox 213 1431 459 1482; x_wconf 77' lang='lat' dir='ltr'><strong>mandavit</strong></span> <span class='ocrx_word' id='word_1_94' title='bbox 507 1437 550 1481; x_wconf 83' lang='lat' dir='ltr'><strong>et</strong></span> <span class='ocrx_word' id='word_1_95' title='bbox 596 1438 756 1483; x_wconf 84' lang='lat' dir='ltr'><strong>creata</strong></span> <span class='ocrx_word' id='word_1_96' title='bbox 807 1440 919 1482; x_wconf 73' lang='lat' dir='ltr'><strong>sum</strong></span> <span class='ocrx_word' id='word_1_97' title='bbox 974 1429 1069 1501; x_wconf 85' lang='lat' dir='ltr'><strong>(l);</strong></span> 
     </span>
     <span class='ocr_line' id='line_1_20' title="bbox 40 1504 1077 1572; baseline 0.002 -19"><span class='ocrx_word' id='word_1_98' title='bbox 40 1508 56 1553; x_wconf 61' lang='grc' dir='ltr'><strong>ς</strong></span> <span class='ocrx_word' id='word_1_99' title='bbox 90 1519 190 1557; x_wconf 89' lang='lat' dir='ltr'><strong>uno</strong></span> <span class='ocrx_word' id='word_1_100' title='bbox 230 1519 432 1571; x_wconf 89' lang='lat' dir='ltr'><strong>nempe,</strong></span> <span class='ocrx_word' id='word_1_101' title='bbox 477 1511 528 1556; x_wconf 88' lang='lat' dir='ltr'><strong>et</strong></span> <span class='ocrx_word' id='word_1_102' title='bbox 585 1504 957 1572; x_wconf 86' lang='lat' dir='ltr'><strong>simplicissimo</strong></span> <span class='ocrx_word' id='word_1_103' title='bbox 1003 1506 1077 1557; x_wconf 93' lang='lat' dir='ltr'><strong>di-</strong></span> 
     </span>
     <span class='ocr_line' id='line_1_21' title="bbox 62 1575 1074 1631; baseline 0.001 -2"><span class='ocrx_word' id='word_1_104' title='bbox 62 1575 63 1578; x_wconf 70' lang='grc'>’</span> <span class='ocrx_word' id='word_1_105' title='bbox 92 1578 198 1630; x_wconf 86' lang='lat' dir='ltr'><strong>vini</strong></span> <span class='ocrx_word' id='word_1_106' title='bbox 239 1577 531 1630; x_wconf 86' lang='lat' dir='ltr'><strong>intellectus</strong></span> <span class='ocrx_word' id='word_1_107' title='bbox 570 1585 621 1631; x_wconf 89' lang='lat' dir='ltr'><strong>et</strong></span> <span class='ocrx_word' id='word_1_108' title='bbox 651 1578 930 1631; x_wconf 88' lang='lat' dir='ltr'><strong>voluntatis</strong></span> <span class='ocrx_word' id='word_1_109' title='bbox 957 1587 1074 1631; x_wconf 88' lang='lat' dir='ltr'><strong>actu</strong></span> 
     </span>
     <span class='ocr_line' id='line_1_22' title="bbox 91 1652 1078 1712; baseline -0.001 -6"><span class='ocrx_word' id='word_1_110' title='bbox 91 1652 240 1706; x_wconf 81' lang='lat' dir='ltr'><strong>sicuti</strong></span> <span class='ocrx_word' id='word_1_111' title='bbox 281 1652 490 1712; x_wconf 89' lang='lat' dir='ltr'><strong>creati0,</strong></span> <span class='ocrx_word' id='word_1_112' title='bbox 536 1653 603 1705; x_wconf 86' lang='lat' dir='ltr'><strong>ita</strong></span> <span class='ocrx_word' id='word_1_113' title='bbox 650 1660 702 1705; x_wconf 91' lang='lat' dir='ltr'><strong>et</strong></span> <span class='ocrx_word' id='word_1_114' title='bbox 758 1655 1078 1706; x_wconf 83' lang='lat' dir='ltr'><strong>conservatio</strong></span> 
     </span>
     <span class='ocr_line' id='line_1_23' title="bbox 94 1727 1079 1797; baseline -0.002 -16"><span class='ocrx_word' id='word_1_115' title='bbox 94 1734 143 1781; x_wconf 86' lang='lat' dir='ltr'><strong>et</strong></span> <span class='ocrx_word' id='word_1_116' title='bbox 204 1727 504 1794; x_wconf 83' lang='lat' dir='ltr'><strong>gubernatio</strong></span> <span class='ocrx_word' id='word_1_117' title='bbox 558 1727 837 1795; x_wconf 89' lang='lat' dir='ltr'><strong>perficitur.</strong></span> <span class='ocrx_word' id='word_1_118' title='bbox 907 1727 1079 1797; x_wconf 86' lang='lat' dir='ltr'><strong>Neque</strong></span> 
     </span>
     <span class='ocr_line' id='line_1_24' title="bbox 94 1800 1081 1870; baseline 0.001 -16"><span class='ocrx_word' id='word_1_119' title='bbox 94 1800 155 1854; x_wconf 79' lang='lat' dir='ltr'><strong>de</strong></span> <span class='ocrx_word' id='word_1_120' title='bbox 177 1817 376 1854; x_wconf 90' lang='lat' dir='ltr'><strong>summa</strong></span> <span class='ocrx_word' id='word_1_121' title='bbox 399 1800 603 1853; x_wconf 89' lang='lat' dir='ltr'><strong>divinae</strong></span> <span class='ocrx_word' id='word_1_122' title='bbox 631 1802 981 1870; x_wconf 88' lang='lat' dir='ltr'><strong>providentiae</strong></span> <span class='ocrx_word' id='word_1_123' title='bbox 1010 1803 1081 1855; x_wconf 82' lang='lat' dir='ltr'><strong>ef-</strong></span> 
     </span>
     <span class='ocr_line' id='line_1_25' title="bbox 95 1875 1081 1951; baseline 0.002 -23"><span class='ocrx_word' id='word_1_124' title='bbox 95 1875 268 1943; x_wconf 83' lang='lat' dir='ltr'><strong>ficacia</strong></span> <span class='ocrx_word' id='word_1_125' title='bbox 309 1875 527 1951; x_wconf 68' lang='lat' dir='ltr'><strong>dubitari</strong></span> <span class='ocrx_word' id='word_1_126' title='bbox 571 1882 754 1943; x_wconf 88' lang='lat' dir='ltr'><strong>potest,</strong></span> <span class='ocrx_word' id='word_1_127' title='bbox 799 1893 913 1928; x_wconf 90' lang='lat' dir='ltr'><strong>cum</strong></span> <span class='ocrx_word' id='word_1_128' title='bbox 944 1877 1081 1930; x_wconf 80' lang='lat' dir='ltr'><strong>Deus</strong></span> 
     </span>
     <span class='ocr_line' id='line_1_26' title="bbox 94 1949 1083 2017; baseline 0.001 -14"><span class='ocrx_word' id='word_1_129' title='bbox 94 1950 201 2017; x_wconf 87' lang='lat' dir='ltr'><strong>ipse</strong></span> <span class='ocrx_word' id='word_1_130' title='bbox 241 1949 409 2002; x_wconf 85' lang='lat' dir='ltr'><strong>dicat:</strong></span> <span class='ocrx_word' id='word_1_131' title='bbox 464 1949 638 2002; x_wconf 80' lang='lat' dir='ltr'><strong>Omnis</strong></span> <span class='ocrx_word' id='word_1_132' title='bbox 697 1950 915 2003; x_wconf 79' lang='lat' dir='ltr'><strong>voluntas</strong></span> <span class='ocrx_word' id='word_1_133' title='bbox 976 1969 1083 2004; x_wconf 83' lang='lat' dir='ltr'><strong>mea</strong></span> 
     </span>
    </p>
   </div>
   <div class='ocr_carea' id='block_1_3' title="bbox 62 2022 1090 2830">
    <p class='ocr_par' dir='ltr' id='par_1_3' title="bbox 62 2022 1090 2830">
     <span class='ocr_line' id='line_1_27' title="bbox 95 2022 1083 2094; baseline 0.003 -18"><span class='ocrx_word' id='word_1_134' title='bbox 95 2025 172 2094; x_wconf 82' lang='lat' dir='ltr'><strong>fiet</strong></span> <span class='ocrx_word' id='word_1_135' title='bbox 212 2022 310 2093; x_wconf 60' lang='lat'><strong>(2);</strong></span> <span class='ocrx_word' id='word_1_136' title='bbox 353 2030 404 2076; x_wconf 82' lang='lat' dir='ltr'><strong>et</strong></span> <span class='ocrx_word' id='word_1_137' title='bbox 431 2023 620 2077; x_wconf 89' lang='lat' dir='ltr'><strong>Paulus</strong></span> <span class='ocrx_word' id='word_1_138' title='bbox 646 2042 659 2077; x_wconf 89' lang='lat'>:</span> <span class='ocrx_word' id='word_1_139' title='bbox 682 2072 688 2080; x_wconf 90' lang='lat'>.</span> <span class='ocrx_word' id='word_1_140' title='bbox 712 2025 954 2079; x_wconf 79' lang='lat' dir='ltr'><strong>Voluntati</strong></span> <span class='ocrx_word' id='word_1_141' title='bbox 980 2029 1083 2079; x_wconf 80' lang='lat' dir='ltr'><strong>eius</strong></span> 
     </span>
     <span class='ocr_line' id='line_1_28' title="bbox 78 2096 571 2170; baseline 0.002 -21"><span class='ocrx_word' id='word_1_142' title='bbox 78 2098 205 2167; x_wconf 66' lang='lat' dir='ltr'><strong>quis</strong></span> <span class='ocrx_word' id='word_1_143' title='bbox 242 2097 466 2170; x_wconf 67' lang='lat' dir='ltr'><strong>resistet?</strong></span> <span class='ocrx_word' id='word_1_144' title='bbox 494 2096 571 2170; x_wconf 85' lang='lat'><strong>(5)</strong></span> 
     </span>
     <span class='ocr_line' id='line_1_29' title="bbox 78 2171 1082 2227; baseline 0.004 -4"><span class='ocrx_word' id='word_1_145' title='bbox 78 2173 84 2181; x_wconf 88' lang='lat'>&#39;</span> <span class='ocrx_word' id='word_1_146' title='bbox 172 2173 223 2224; x_wconf 81' lang='lat' dir='ltr'><strong>lt.</strong></span> <span class='ocrx_word' id='word_1_147' title='bbox 269 2171 588 2225; x_wconf 87' lang='lat' dir='ltr'><strong>Providentia</strong></span> <span class='ocrx_word' id='word_1_148' title='bbox 630 2172 800 2226; x_wconf 90' lang='lat' dir='ltr'><strong>divina</strong></span> <span class='ocrx_word' id='word_1_149' title='bbox 825 2175 973 2227; x_wconf 92' lang='lat' dir='ltr'><strong>simul</strong></span> <span class='ocrx_word' id='word_1_150' title='bbox 1004 2177 1082 2227; x_wconf 83' lang='lat' dir='ltr'><strong>iu·</strong></span> 
     </span>
     <span class='ocr_line' id='line_1_30' title="bbox 65 2243 1085 2317; baseline 0.004 -19"><span class='ocrx_word' id='word_1_151' title='bbox 65 2243 314 2299; x_wconf 60' lang='lat' dir='ltr'><strong>&#39;‘stis-sima</strong></span> <span class='ocrx_word' id='word_1_152' title='bbox 353 2253 404 2298; x_wconf 91' lang='lat' dir='ltr'><strong>et</strong></span> <span class='ocrx_word' id='word_1_153' title='bbox 444 2246 785 2315; x_wconf 74' lang='lat' dir='ltr'><strong>beniynissima</strong></span> <span class='ocrx_word' id='word_1_154' title='bbox 825 2257 902 2302; x_wconf 91' lang='lat' dir='ltr'><strong>est</strong></span> <span class='ocrx_word' id='word_1_155' title='bbox 944 2267 1085 2317; x_wconf 89' lang='lat' dir='ltr'><strong>prae-</strong></span> 
     </span>
     <span class='ocr_line' id='line_1_31' title="bbox 100 2319 1088 2392; baseline 0.003 -19"><span class='ocrx_word' id='word_1_156' title='bbox 100 2319 333 2374; x_wconf 89' lang='lat' dir='ltr'><strong>dicanda.</strong></span> <span class='ocrx_word' id='word_1_157' title='bbox 378 2319 627 2374; x_wconf 82' lang='lat' dir='ltr'><strong>Iustitiam</strong></span> <span class='ocrx_word' id='word_1_158' title='bbox 657 2338 800 2374; x_wconf 86' lang='lat' dir='ltr'><strong>suam</strong></span> <span class='ocrx_word' id='word_1_159' title='bbox 832 2323 968 2376; x_wconf 86' lang='lat' dir='ltr'><strong>Deus</strong></span> <span class='ocrx_word' id='word_1_160' title='bbox 995 2341 1088 2392; x_wconf 77' lang='lat' dir='ltr'><strong>gu-</strong></span> 
     </span>
     <span class='ocr_line' id='line_1_32' title="bbox 100 2394 1087 2465; baseline 0.002 -17"><span class='ocrx_word' id='word_1_161' title='bbox 100 2394 321 2448; x_wconf 88' lang='lat' dir='ltr'><strong>bernans</strong></span> <span class='ocrx_word' id='word_1_162' title='bbox 362 2395 672 2455; x_wconf 86' lang='lat' dir='ltr'><strong>manifestat,</strong></span> <span class='ocrx_word' id='word_1_163' title='bbox 717 2398 835 2448; x_wconf 75' lang='lat' dir='ltr'><strong>(lum</strong></span> <span class='ocrx_word' id='word_1_164' title='bbox 883 2407 1087 2465; x_wconf 80' lang='lat' dir='ltr'><strong>peecata</strong></span> 
     </span>
     <span class='ocr_line' id='line_1_33' title="bbox 62 2470 1084 2536; baseline 0.007 -19"><span class='ocrx_word' id='word_1_165' title='bbox 62 2511 67 2517; x_wconf 77' lang='grc'>,</span> <span class='ocrx_word' id='word_1_166' title='bbox 104 2470 265 2536; x_wconf 85' lang='lat' dir='ltr'><strong>punit,</strong></span> <span class='ocrx_word' id='word_1_167' title='bbox 310 2476 359 2522; x_wconf 90' lang='lat' dir='ltr'><strong>et</strong></span> <span class='ocrx_word' id='word_1_168' title='bbox 399 2476 544 2521; x_wconf 88' lang='lat' dir='ltr'><strong>actus</strong></span> <span class='ocrx_word' id='word_1_169' title='bbox 584 2470 742 2523; x_wconf 87' lang='lat' dir='ltr'><strong>bonos</strong></span> <span class='ocrx_word' id='word_1_170' title='bbox 771 2480 1084 2524; x_wconf 88' lang='lat' dir='ltr'><strong>remunerat:</strong></span> 
     </span>
     <span class='ocr_line' id='line_1_34' title="bbox 107 2543 1090 2600; baseline 0.002 -3"><span class='ocrx_word' id='word_1_171' title='bbox 107 2543 504 2597; x_wconf 87' lang='lat' dir='ltr'><strong>misericordiam</strong></span> <span class='ocrx_word' id='word_1_172' title='bbox 527 2560 669 2596; x_wconf 88' lang='lat' dir='ltr'><strong>suam</strong></span> <span class='ocrx_word' id='word_1_173' title='bbox 694 2547 934 2600; x_wconf 84' lang='lat' dir='ltr'><strong>ostendit.</strong></span> <span class='ocrx_word' id='word_1_174' title='bbox 970 2548 1090 2599; x_wconf 89' lang='lat' dir='ltr'><strong>dum</strong></span> 
     </span>
     <span class='ocr_line' id='line_1_35' title="bbox 109 2617 1089 2689; baseline 0.004 -19"><span class='ocrx_word' id='word_1_175' title='bbox 109 2624 403 2688; x_wconf 87' lang='lat' dir='ltr'><strong>peccatores</strong></span> <span class='ocrx_word' id='word_1_176' title='bbox 418 2617 619 2679; x_wconf 89' lang='lat' dir='ltr'><strong>tolerat,</strong></span> <span class='ocrx_word' id='word_1_177' title='bbox 643 2619 703 2670; x_wconf 91' lang='lat' dir='ltr'><strong>ad</strong></span> <span class='ocrx_word' id='word_1_178' title='bbox 727 2622 1089 2689; x_wconf 87' lang='lat' dir='ltr'><strong>poenitentiam</strong></span> 
     </span>
     <span class='ocr_line' id='line_1_36' title="bbox 107 2692 1088 2760; baseline 0.004 -17"><span class='ocrx_word' id='word_1_179' title='bbox 107 2699 275 2752; x_wconf 86' lang='lat' dir='ltr'><strong>vocat,</strong></span> <span class='ocrx_word' id='word_1_180' title='bbox 332 2692 491 2760; x_wconf 90' lang='lat' dir='ltr'><strong>iisque</strong></span> <span class='ocrx_word' id='word_1_181' title='bbox 549 2692 734 2745; x_wconf 87' lang='lat' dir='ltr'><strong>delicta</strong></span> <span class='ocrx_word' id='word_1_182' title='bbox 799 2695 1088 2748; x_wconf 85' lang='lat' dir='ltr'><strong>condonat:</strong></span> 
     </span>
     <span class='ocr_line' id='line_1_37' title="bbox 109 2766 1089 2830; baseline 0.003 -11"><span class='ocrx_word' id='word_1_183' title='bbox 109 2766 209 2820; x_wconf 86' lang='lat' dir='ltr'><strong>imo</strong></span> <span class='ocrx_word' id='word_1_184' title='bbox 249 2768 554 2818; x_wconf 83' lang='lat' dir='ltr'><strong>immensam</strong></span> <span class='ocrx_word' id='word_1_185' title='bbox 597 2766 875 2820; x_wconf 83' lang='lat' dir='ltr'><strong>bonitatem</strong></span> <span class='ocrx_word' id='word_1_186' title='bbox 905 2773 1089 2830; x_wconf 80' lang='lat' dir='ltr'><strong>exerit,</strong></span> 
     </span>
    </p>
   </div>
   <div class='ocr_carea' id='block_1_4' title="bbox 80 2836 1098 2969">
    <p class='ocr_par' dir='ltr' id='par_1_4' title="bbox 80 2836 1098 2969">
     <span class='ocr_line' id='line_1_38' title="bbox 111 2836 1097 2911; baseline 0.003 -18"><span class='ocrx_word' id='word_1_187' title='bbox 111 2836 227 2898; x_wconf 77' lang='lat' dir='ltr'><strong>dum</strong></span> <span class='ocrx_word' id='word_1_188' title='bbox 268 2841 515 2892; x_wconf 86' lang='lat' dir='ltr'><strong>creaturis</strong></span> <span class='ocrx_word' id='word_1_189' title='bbox 554 2842 678 2898; x_wconf 86' lang='lat' dir='ltr'><strong>suis.</strong></span> <span class='ocrx_word' id='word_1_190' title='bbox 726 2844 994 2911; x_wconf 89' lang='lat' dir='ltr'><strong>praecipue</strong></span> <span class='ocrx_word' id='word_1_191' title='bbox 1021 2861 1097 2895; x_wconf 91' lang='lat' dir='ltr'><strong>ra-</strong></span> 
     </span>
     <span class='ocr_line' id='line_1_39' title="bbox 80 2913 1098 2969; baseline 0.002 -1"><span class='ocrx_word' id='word_1_192' title='bbox 80 2914 384 2969; x_wconf 63' lang='lat' dir='ltr'><strong>tionalibus</strong></span> <span class='ocrx_word' id='word_1_193' title='bbox 426 2913 647 2966; x_wconf 87' lang='lat' dir='ltr'><strong>indebita</strong></span> <span class='ocrx_word' id='word_1_194' title='bbox 689 2915 818 2968; x_wconf 91' lang='lat' dir='ltr'><strong>dona</strong></span> <span class='ocrx_word' id='word_1_195' title='bbox 862 2924 969 2969; x_wconf 87' lang='lat' dir='ltr'><strong>tum</strong></span> <span class='ocrx_word' id='word_1_196' title='bbox 1012 2935 1098 2969; x_wconf 90' lang='lat' dir='ltr'><strong>na-</strong></span> 
     </span>
    </p>
   </div>
   <div class='ocr_carea' id='block_1_5' title="bbox 94 2989 1096 3132">
    <p class='ocr_par' dir='ltr' id='par_1_5' title="bbox 94 2989 1096 3132">
     <span class='ocr_line' id='line_1_40' title="bbox 115 2989 1096 3060; baseline 0.005 -21"><span class='ocrx_word' id='word_1_197' title='bbox 115 2989 292 3055; x_wconf 77' lang='lat' dir='ltr'><strong>turalia</strong></span> <span class='ocrx_word' id='word_1_198' title='bbox 334 2995 444 3040; x_wconf 89' lang='lat' dir='ltr'><strong>tum</strong></span> <span class='ocrx_word' id='word_1_199' title='bbox 493 2990 902 3056; x_wconf 84' lang='lat' dir='ltr'><strong>supernaturalia</strong></span> <span class='ocrx_word' id='word_1_200' title='bbox 956 2991 1096 3060; x_wconf 83' lang='lat' dir='ltr'><strong>larga</strong></span> 
     </span>
     <span class='ocr_line' id='line_1_41' title="bbox 94 3063 556 3132; baseline 0 -18"><span class='ocrx_word' id='word_1_201' title='bbox 94 3075 273 3132; x_wconf 20' lang='lat' dir='ltr'><strong>*manu</strong></span> <span class='ocrx_word' id='word_1_202' title='bbox 314 3063 556 3130; x_wconf 88' lang='lat' dir='ltr'><strong>impertit.</strong></span> 
     </span>
    </p>
   </div>
   <div class='ocr_carea' id='block_1_6' title="bbox 78 3134 1102 3358">
    <p class='ocr_par' dir='ltr' id='par_1_6' title="bbox 78 3134 1102 3358">
     <span class='ocr_line' id='line_1_42' title="bbox 124 3134 1099 3204; baseline 0.005 -17"><span class='ocrx_word' id='word_1_203' title='bbox 124 3180 146 3204; x_wconf 28' lang='lat'><strong>⁶.</strong></span> <span class='ocrx_word' id='word_1_204' title='bbox 176 3134 239 3198; x_wconf 75' lang='grc'><strong>5.</strong></span> <span class='ocrx_word' id='word_1_205' title='bbox 298 3135 622 3189; x_wconf 89' lang='lat' dir='ltr'><strong>Providentia</strong></span> <span class='ocrx_word' id='word_1_206' title='bbox 690 3137 862 3192; x_wconf 87' lang='lat' dir='ltr'><strong>divina</strong></span> <span class='ocrx_word' id='word_1_207' title='bbox 928 3147 1099 3192; x_wconf 87' lang='lat' dir='ltr'><strong>mente</strong></span> 
     </span>
     <span class='ocr_line' id='line_1_43' title="bbox 78 3209 1102 3278; baseline 0.006 -18"><span class='ocrx_word' id='word_1_208' title='bbox 78 3247 90 3260; x_wconf 59' lang='lat'><em>„</em></span> <span class='ocrx_word' id='word_1_209' title='bbox 118 3216 287 3270; x_wconf 82' lang='lat' dir='ltr'><strong>nostra</strong></span> <span class='ocrx_word' id='word_1_210' title='bbox 328 3209 539 3263; x_wconf 82' lang='lat' dir='ltr'><strong>limitata</strong></span> <span class='ocrx_word' id='word_1_211' title='bbox 574 3211 724 3278; x_wconf 85' lang='lat' dir='ltr'><strong>longe</strong></span> <span class='ocrx_word' id='word_1_212' title='bbox 752 3213 1020 3276; x_wconf 85' lang='lat' dir='ltr'><strong>excelsior,</strong></span> <span class='ocrx_word' id='word_1_213' title='bbox 1052 3221 1102 3266; x_wconf 90' lang='lat' dir='ltr'><strong>et</strong></span> 
     </span>
     <span class='ocr_line' id='line_1_44' title="bbox 94 3279 1102 3358; baseline 0.004 -22"><span class='ocrx_word' id='word_1_214' title='bbox 94 3279 608 3352; x_wconf 54' lang='lat' dir='ltr'><strong>*incomprehensibilis</strong></span> <span class='ocrx_word' id='word_1_215' title='bbox 648 3292 744 3340; x_wconf 85' lang='lat' dir='ltr'><strong>est.</strong></span> <span class='ocrx_word' id='word_1_216' title='bbox 787 3286 947 3341; x_wconf 87' lang='lat' dir='ltr'><strong>Multa</strong></span> <span class='ocrx_word' id='word_1_217' title='bbox 994 3289 1102 3358; x_wconf 87' lang='lat' dir='ltr'><strong>qui·</strong></span> 
     </span>
    </p>
   </div>
   <div class='ocr_carea' id='block_1_7' title="bbox 91 3421 1082 3508">
    <p class='ocr_par' dir='ltr' id='par_1_7' title="bbox 91 3421 1082 3508">
     <span class='ocr_line' id='line_1_45' title="bbox 91 3421 1082 3508; baseline 0.004 -14"><span class='ocrx_word' id='word_1_218' title='bbox 91 3421 98 3431; x_wconf 44' lang='lat'><strong>⁶</strong></span> <span class='ocrx_word' id='word_1_219' title='bbox 166 3455 218 3502; x_wconf 76' lang='grc' dir='ltr'><strong>(ι)</strong></span> <span class='ocrx_word' id='word_1_220' title='bbox 239 3452 296 3494; x_wconf 68' lang='lat' dir='ltr'><strong>ss.</strong></span> <span class='ocrx_word' id='word_1_221' title='bbox 322 3459 400 3500; x_wconf 75' lang='lat' dir='ltr'><strong>ua,</strong></span> <span class='ocrx_word' id='word_1_222' title='bbox 422 3460 454 3496; x_wconf 71' lang='grc' dir='ltr'><strong>ι</strong></span> <span class='ocrx_word' id='word_1_223' title='bbox 802 3461 851 3508; x_wconf 72' lang='lat'><strong>(2)</strong></span> <span class='ocrx_word' id='word_1_224' title='bbox 876 3464 920 3499; x_wconf 80' lang='lat' dir='ltr'><strong>is.</strong></span> <span class='ocrx_word' id='word_1_225' title='bbox 946 3462 1002 3504; x_wconf 78' lang='lat'><strong>46,</strong></span> <span class='ocrx_word' id='word_1_226' title='bbox 1027 3462 1082 3500; x_wconf 75' lang='grc' dir='ltr'><strong>ω.</strong></span> 
     </span>
    </p>
   </div>
   <div class='ocr_carea' id='block_1_8' title="bbox 676 71 1449 130">
    <p class='ocr_par' dir='ltr' id='par_1_8' title="bbox 676 71 1449 130">
     <span class='ocr_line' id='line_1_46' title="bbox 676 71 1449 130; baseline 0 -2"><span class='ocrx_word' id='word_1_227' title='bbox 676 87 796 129; x_wconf 62' lang='lat' dir='ltr'><strong>»Ans</strong></span> <span class='ocrx_word' id='word_1_228' title='bbox 830 91 886 130; x_wconf 84' lang='lat' dir='ltr'><strong>n.</strong></span> <span class='ocrx_word' id='word_1_229' title='bbox 916 71 1092 130; x_wconf 60' lang='lat' dir='ltr'><strong>&#39;sturio</strong></span> <span class='ocrx_word' id='word_1_230' title='bbox 1129 73 1379 130; x_wconf 52' lang='lat' dir='ltr'><strong>ascitam*</strong></span> <span class='ocrx_word' id='word_1_231' title='bbox 1412 92 1449 128; x_wconf 78' lang='lat' dir='ltr'><strong>r.</strong></span> 
     </span>
    </p>
   </div>
   <div class='ocr_carea' id='block_1_9' title="bbox 1919 74 2027 130">
    <p class='ocr_par' dir='ltr' id='par_1_9' title="bbox 1919 74 2027 130">
     <span class='ocr_line' id='line_1_47' title="bbox 1919 74 2027 130; baseline 0.009 -1"><span class='ocrx_word' id='word_1_232' title='bbox 1919 74 2027 130; x_wconf 75' lang='lat'><strong>593</strong></span> 
     </span>
    </p>
   </div>
   <div class='ocr_carea' id='block_1_10' title="bbox 1120 169 2195 2543">
    <p class='ocr_par' dir='ltr' id='par_1_10' title="bbox 1120 169 2195 2543">
     <span class='ocr_line' id='line_1_48' title="bbox 1120 169 2105 230; baseline 0.001 -6"><span class='ocrx_word' id='word_1_233' title='bbox 1120 171 1238 224; x_wconf 88' lang='lat' dir='ltr'><strong>dem</strong></span> <span class='ocrx_word' id='word_1_234' title='bbox 1274 171 1326 225; x_wconf 93' lang='lat' dir='ltr'><strong>in</strong></span> <span class='ocrx_word' id='word_1_235' title='bbox 1377 170 1475 224; x_wconf 86' lang='lat' dir='ltr'><strong>bac</strong></span> <span class='ocrx_word' id='word_1_236' title='bbox 1538 183 1711 230; x_wconf 86' lang='lat' dir='ltr'><strong>rerum</strong></span> <span class='ocrx_word' id='word_1_237' title='bbox 1768 169 2105 225; x_wconf 82' lang='lat' dir='ltr'><strong>universitate</strong></span> 
     </span>
     <span class='ocr_line' id='line_1_49' title="bbox 1121 244 2106 312; baseline 0.001 -14"><span class='ocrx_word' id='word_1_238' title='bbox 1121 245 1230 298; x_wconf 85' lang='lat' dir='ltr'><strong>fieri</strong></span> <span class='ocrx_word' id='word_1_239' title='bbox 1269 244 1628 312; x_wconf 87' lang='lat' dir='ltr'><strong>conspicimus,</strong></span> <span class='ocrx_word' id='word_1_240' title='bbox 1670 259 1737 296; x_wconf 87' lang='lat' dir='ltr'><strong>ex</strong></span> <span class='ocrx_word' id='word_1_241' title='bbox 1781 244 1974 312; x_wconf 64' lang='lat' dir='ltr'><strong>quibusv</strong></span> <span class='ocrx_word' id='word_1_242' title='bbox 2014 245 2106 300; x_wconf 86' lang='lat' dir='ltr'><strong>Dei</strong></span> 
     </span>
     <span class='ocr_line' id='line_1_50' title="bbox 1122 317 2104 387; baseline -0.001 -15"><span class='ocrx_word' id='word_1_243' title='bbox 1122 319 1456 387; x_wconf 84' lang='lat' dir='ltr'><strong>gubernantis</strong></span> <span class='ocrx_word' id='word_1_244' title='bbox 1482 318 1806 385; x_wconf 83' lang='lat' dir='ltr'><strong>sapientiam,</strong></span> <span class='ocrx_word' id='word_1_245' title='bbox 1836 317 2104 382; x_wconf 87' lang='lat' dir='ltr'><strong>iustitiam,</strong></span> 
     </span>
     <span class='ocr_line' id='line_1_51' title="bbox 1123 392 2108 459; baseline -0.001 -13"><span class='ocrx_word' id='word_1_246' title='bbox 1123 395 1401 446; x_wconf 85' lang='lat' dir='ltr'><strong>bonitatem</strong></span> <span class='ocrx_word' id='word_1_247' title='bbox 1423 392 1827 444; x_wconf 86' lang='lat' dir='ltr'><strong>luculentissime</strong></span> <span class='ocrx_word' id='word_1_248' title='bbox 1849 394 2108 459; x_wconf 85' lang='lat' dir='ltr'><strong>cognosci-</strong></span> 
     </span>
     <span class='ocr_line' id='line_1_52' title="bbox 1123 464 2105 528; baseline -0.001 -9"><span class='ocrx_word' id='word_1_249' title='bbox 1123 483 1257 528; x_wconf 83' lang='lat' dir='ltr'><strong>muS,</strong></span> <span class='ocrx_word' id='word_1_250' title='bbox 1311 467 1382 518; x_wconf 85' lang='lat' dir='ltr'><strong>ita</strong></span> <span class='ocrx_word' id='word_1_251' title='bbox 1439 472 1496 517; x_wconf 86' lang='lat' dir='ltr'><strong>ut</strong></span> <span class='ocrx_word' id='word_1_252' title='bbox 1534 466 1817 518; x_wconf 88' lang='lat' dir='ltr'><strong>rectissime</strong></span> <span class='ocrx_word' id='word_1_253' title='bbox 1866 464 2105 518; x_wconf 86' lang='lat' dir='ltr'><strong>dicatur:</strong></span> 
     </span>
     <span class='ocr_line' id='line_1_53' title="bbox 1128 539 2111 609; baseline -0.001 -16"><span class='ocrx_word' id='word_1_254' title='bbox 1128 540 1400 593; x_wconf 79' lang='lat' dir='ltr'><strong>Invisibilia</strong></span> <span class='ocrx_word' id='word_1_255' title='bbox 1438 539 1591 609; x_wconf 81' lang='lat' dir='ltr'><strong>ipsius</strong></span> <span class='ocrx_word' id='word_1_256' title='bbox 1630 555 1664 591; x_wconf 89' lang='lat' dir='ltr'><strong>a</strong></span> <span class='ocrx_word' id='word_1_257' title='bbox 1702 546 1932 592; x_wconf 75' lang='lat' dir='ltr'><strong>creatura</strong></span> <span class='ocrx_word' id='word_1_258' title='bbox 1971 554 2111 593; x_wconf 65' lang='lat' dir='ltr'><strong>murz-</strong></span> 
     </span>
     <span class='ocr_line' id='line_1_54' title="bbox 1125 613 2195 683; baseline 0 -17"><span class='ocrx_word' id='word_1_259' title='bbox 1125 615 1176 666; x_wconf 76' lang='lat' dir='ltr'><strong>di</strong></span> <span class='ocrx_word' id='word_1_260' title='bbox 1206 630 1297 683; x_wconf 81' lang='lat' dir='ltr'><strong>per</strong></span> <span class='ocrx_word' id='word_1_261' title='bbox 1345 629 1425 674; x_wconf 87' lang='lat' dir='ltr'><strong>ea,</strong></span> <span class='ocrx_word' id='word_1_262' title='bbox 1469 629 1591 681; x_wconf 79' lang='lat' dir='ltr'><strong>qnae</strong></span> <span class='ocrx_word' id='word_1_263' title='bbox 1630 614 1759 680; x_wconf 81' lang='lat' dir='ltr'><strong>facta</strong></span> <span class='ocrx_word' id='word_1_264' title='bbox 1796 621 1929 673; x_wconf 75' lang='lat' dir='ltr'><strong>sunt,</strong></span> <span class='ocrx_word' id='word_1_265' title='bbox 1973 613 2112 666; x_wconf 80' lang='lat' dir='ltr'><strong>intel·</strong></span> <span class='ocrx_word' id='word_1_266' title='bbox 2187 645 2195 651; x_wconf 94' lang='lat'>-</span> 
     </span>
     <span class='ocr_line' id='line_1_55' title="bbox 1126 688 2114 757; baseline 0.001 -17"><span class='ocrx_word' id='word_1_267' title='bbox 1126 688 1241 740; x_wconf 84' lang='lat' dir='ltr'><strong>lecta</strong></span> <span class='ocrx_word' id='word_1_268' title='bbox 1260 688 1655 757; x_wconf 72' lang='lat' dir='ltr'><strong>conspiciuntur.-</strong></span> <span class='ocrx_word' id='word_1_269' title='bbox 1682 688 1970 756; x_wconf 83' lang='lat' dir='ltr'><strong>sempiterna</strong></span> <span class='ocrx_word' id='word_1_270' title='bbox 1997 704 2114 756; x_wconf 87' lang='lat' dir='ltr'><strong>quo-</strong></span> 
     </span>
     <span class='ocr_line' id='line_1_56' title="bbox 1126 760 2109 832; baseline 0.001 -19"><span class='ocrx_word' id='word_1_271' title='bbox 1126 778 1216 830; x_wconf 82' lang='lat' dir='ltr'><strong>que</strong></span> <span class='ocrx_word' id='word_1_272' title='bbox 1252 764 1357 814; x_wconf 78' lang='lat' dir='ltr'><strong>eius</strong></span> <span class='ocrx_word' id='word_1_273' title='bbox 1410 762 1568 822; x_wconf 78' lang='lat' dir='ltr'><strong>virtus</strong></span> <span class='ocrx_word' id='word_1_274' title='bbox 1620 768 1665 814; x_wconf 81' lang='lat' dir='ltr'><strong>et</strong></span> <span class='ocrx_word' id='word_1_275' title='bbox 1729 762 1958 815; x_wconf 75' lang='lat' dir='ltr'><strong>divinitas</strong></span> <span class='ocrx_word' id='word_1_276' title='bbox 2011 760 2109 832; x_wconf 79' lang='grc' dir='ltr'>(ῑι).</span> 
     </span>
     <span class='ocr_line' id='line_1_57' title="bbox 1130 835 2116 905; baseline -0.001 -16"><span class='ocrx_word' id='word_1_277' title='bbox 1130 835 1339 896; x_wconf 88' lang='lat' dir='ltr'><strong>Verum,</strong></span> <span class='ocrx_word' id='word_1_278' title='bbox 1384 837 1502 905; x_wconf 85' lang='lat' dir='ltr'><strong>quia</strong></span> <span class='ocrx_word' id='word_1_279' title='bbox 1544 851 1709 904; x_wconf 89' lang='lat' dir='ltr'><strong>neque</strong></span> <span class='ocrx_word' id='word_1_280' title='bbox 1748 836 1959 889; x_wconf 89' lang='lat' dir='ltr'><strong>consilia</strong></span> <span class='ocrx_word' id='word_1_281' title='bbox 2023 836 2116 889; x_wconf 89' lang='lat' dir='ltr'><strong>Dei</strong></span> 
     </span>
     <span class='ocr_line' id='line_1_58' title="bbox 1132 911 2116 980; baseline 0.001 -18"><span class='ocrx_word' id='word_1_282' title='bbox 1132 911 1460 978; x_wconf 86' lang='lat' dir='ltr'><strong>perscrutari,</strong></span> <span class='ocrx_word' id='word_1_283' title='bbox 1504 926 1669 980; x_wconf 88' lang='lat' dir='ltr'><strong>neque</strong></span> <span class='ocrx_word' id='word_1_284' title='bbox 1722 911 1981 979; x_wconf 81' lang='lat' dir='ltr'><strong>integrum</strong></span> <span class='ocrx_word' id='word_1_285' title='bbox 2039 925 2116 963; x_wconf 89' lang='lat' dir='ltr'><strong>re-</strong></span> 
     </span>
     <span class='ocr_line' id='line_1_59' title="bbox 1131 985 2116 1038; baseline 0.001 -2"><span class='ocrx_word' id='word_1_286' title='bbox 1131 1001 1242 1036; x_wconf 90' lang='lat' dir='ltr'><strong>rum</strong></span> <span class='ocrx_word' id='word_1_287' title='bbox 1284 992 1576 1037; x_wconf 89' lang='lat' dir='ltr'><strong>creatarum</strong></span> <span class='ocrx_word' id='word_1_288' title='bbox 1599 1001 1789 1037; x_wconf 85' lang='lat' dir='ltr'><strong>nexum</strong></span> <span class='ocrx_word' id='word_1_289' title='bbox 1812 992 1863 1037; x_wconf 89' lang='lat' dir='ltr'><strong>et</strong></span> <span class='ocrx_word' id='word_1_290' title='bbox 1883 985 2116 1038; x_wconf 91' lang='lat' dir='ltr'><strong>ordinem</strong></span> 
     </span>
     <span class='ocr_line' id='line_1_60' title="bbox 1132 1060 2120 1128; baseline 0.002 -18"><span class='ocrx_word' id='word_1_291' title='bbox 1132 1060 1438 1127; x_wconf 86' lang='lat' dir='ltr'><strong>perspicere,</strong></span> <span class='ocrx_word' id='word_1_292' title='bbox 1483 1076 1648 1128; x_wconf 90' lang='lat' dir='ltr'><strong>neque</strong></span> <span class='ocrx_word' id='word_1_293' title='bbox 1688 1060 1974 1127; x_wconf 81' lang='lat' dir='ltr'><strong>generatim</strong></span> <span class='ocrx_word' id='word_1_294' title='bbox 2039 1075 2120 1112; x_wconf 89' lang='lat' dir='ltr'><strong>su·</strong></span> 
     </span>
     <span class='ocr_line' id='line_1_61' title="bbox 1134 1133 2119 1202; baseline 0.002 -17"><span class='ocrx_word' id='word_1_295' title='bbox 1134 1135 1292 1199; x_wconf 86' lang='lat' dir='ltr'><strong>premi</strong></span> <span class='ocrx_word' id='word_1_296' title='bbox 1333 1140 1382 1185; x_wconf 87' lang='lat' dir='ltr'><strong>et</strong></span> <span class='ocrx_word' id='word_1_297' title='bbox 1423 1134 1607 1186; x_wconf 88' lang='lat' dir='ltr'><strong>infiniti</strong></span> <span class='ocrx_word' id='word_1_298' title='bbox 1649 1133 1884 1186; x_wconf 89' lang='lat' dir='ltr'><strong>Numinis</strong></span> <span class='ocrx_word' id='word_1_299' title='bbox 1941 1149 2119 1202; x_wconf 87' lang='lat' dir='ltr'><strong>opera-</strong></span> 
     </span>
     <span class='ocr_line' id='line_1_62' title="bbox 1136 1207 2116 1277; baseline 0.002 -18"><span class='ocrx_word' id='word_1_300' title='bbox 1136 1210 1294 1259; x_wconf 86' lang='lat' dir='ltr'><strong>tiones</strong></span> <span class='ocrx_word' id='word_1_301' title='bbox 1334 1207 1767 1276; x_wconf 82' lang='lat' dir='ltr'><strong>comprehendere</strong></span> <span class='ocrx_word' id='word_1_302' title='bbox 1817 1224 2085 1277; x_wconf 87' lang='lat' dir='ltr'><strong>possumus</strong></span> <span class='ocrx_word' id='word_1_303' title='bbox 2099 1225 2116 1273; x_wconf 80' lang='lat'><em>3</em></span> 
     </span>
     <span class='ocr_line' id='line_1_63' title="bbox 1136 1283 2118 1352; baseline 0.003 -19"><span class='ocrx_word' id='word_1_304' title='bbox 1136 1283 1422 1334; x_wconf 88' lang='lat' dir='ltr'><strong>necessario</strong></span> <span class='ocrx_word' id='word_1_305' title='bbox 1461 1283 1731 1350; x_wconf 84' lang='lat' dir='ltr'><strong>contingit,</strong></span> <span class='ocrx_word' id='word_1_306' title='bbox 1775 1291 1832 1336; x_wconf 87' lang='lat' dir='ltr'><strong>ut</strong></span> <span class='ocrx_word' id='word_1_307' title='bbox 1874 1297 2118 1352; x_wconf 89' lang='lat' dir='ltr'><strong>persaepe</strong></span> 
     </span>
     <span class='ocr_line' id='line_1_64' title="bbox 1136 1357 2117 1418; baseline 0.003 -11"><span class='ocrx_word' id='word_1_308' title='bbox 1136 1357 1279 1409; x_wconf 88' lang='lat' dir='ltr'><strong>nobis</strong></span> <span class='ocrx_word' id='word_1_309' title='bbox 1336 1362 1415 1409; x_wconf 87' lang='lat' dir='ltr'><strong>sat</strong></span> <span class='ocrx_word' id='word_1_310' title='bbox 1475 1358 1801 1410; x_wconf 79' lang='lat' dir='ltr'><strong>manifestum</strong></span> <span class='ocrx_word' id='word_1_311' title='bbox 1866 1373 1967 1410; x_wconf 83' lang='lat' dir='ltr'><strong>nou</strong></span> <span class='ocrx_word' id='word_1_312' title='bbox 2032 1358 2117 1418; x_wconf 85' lang='lat' dir='ltr'><strong>sit,</strong></span> 
     </span>
     <span class='ocr_line' id='line_1_65' title="bbox 1136 1430 2123 1499; baseline 0.002 -17"><span class='ocrx_word' id='word_1_313' title='bbox 1136 1431 1368 1499; x_wconf 80' lang='lat' dir='ltr'><strong>quomodo</strong></span> <span class='ocrx_word' id='word_1_314' title='bbox 1408 1430 1545 1484; x_wconf 90' lang='lat' dir='ltr'><strong>Deus</strong></span> <span class='ocrx_word' id='word_1_315' title='bbox 1584 1432 1636 1483; x_wconf 92' lang='lat' dir='ltr'><strong>in</strong></span> <span class='ocrx_word' id='word_1_316' title='bbox 1696 1438 1987 1485; x_wconf 87' lang='lat' dir='ltr'><strong>creatarum</strong></span> <span class='ocrx_word' id='word_1_317' title='bbox 2043 1447 2123 1484; x_wconf 87' lang='lat' dir='ltr'><strong>re·</strong></span> 
     </span>
     <span class='ocr_line' id='line_1_66' title="bbox 1139 1506 2124 1574; baseline 0.003 -18"><span class='ocrx_word' id='word_1_318' title='bbox 1139 1521 1272 1564; x_wconf 78' lang='lat' dir='ltr'><strong>rum,</strong></span> <span class='ocrx_word' id='word_1_319' title='bbox 1317 1512 1368 1557; x_wconf 92' lang='lat' dir='ltr'><strong>et</strong></span> <span class='ocrx_word' id='word_1_320' title='bbox 1407 1507 1677 1574; x_wconf 88' lang='lat' dir='ltr'><strong>praecipue</strong></span> <span class='ocrx_word' id='word_1_321' title='bbox 1717 1507 1768 1558; x_wconf 91' lang='lat' dir='ltr'><strong>in</strong></span> <span class='ocrx_word' id='word_1_322' title='bbox 1798 1506 2124 1559; x_wconf 87' lang='lat' dir='ltr'><strong>rationalium</strong></span> 
     </span>
     <span class='ocr_line' id='line_1_67' title="bbox 1139 1580 2122 1650; baseline 0.003 -19"><span class='ocrx_word' id='word_1_323' title='bbox 1139 1580 1334 1632; x_wconf 88' lang='lat' dir='ltr'><strong>entium</strong></span> <span class='ocrx_word' id='word_1_324' title='bbox 1397 1581 1768 1646; x_wconf 82' lang='lat' dir='ltr'><strong>gubernatione</strong></span> <span class='ocrx_word' id='word_1_325' title='bbox 1832 1583 2122 1650; x_wconf 88' lang='lat' dir='ltr'><strong>sapienter,</strong></span> 
     </span>
     <span class='ocr_line' id='line_1_68' title="bbox 1140 1655 2123 1724; baseline 0.004 -19"><span class='ocrx_word' id='word_1_326' title='bbox 1140 1656 1271 1706; x_wconf 88' lang='lat' dir='ltr'><strong>iuste</strong></span> <span class='ocrx_word' id='word_1_327' title='bbox 1309 1670 1369 1705; x_wconf 91' lang='lat' dir='ltr'><strong>ac</strong></span> <span class='ocrx_word' id='word_1_328' title='bbox 1411 1655 1805 1708; x_wconf 88' lang='lat' dir='ltr'><strong>misericorditer</strong></span> <span class='ocrx_word' id='word_1_329' title='bbox 1863 1655 2123 1724; x_wconf 88' lang='lat' dir='ltr'><strong>procedat,</strong></span> 
     </span>
     <span class='ocr_line' id='line_1_69' title="bbox 1142 1730 2128 1798; baseline 0.002 -18"><span class='ocrx_word' id='word_1_330' title='bbox 1142 1736 1192 1781; x_wconf 86' lang='lat' dir='ltr'><strong>et</strong></span> <span class='ocrx_word' id='word_1_331' title='bbox 1232 1735 1288 1780; x_wconf 89' lang='lat' dir='ltr'><strong>ut</strong></span> <span class='ocrx_word' id='word_1_332' title='bbox 1330 1730 1537 1797; x_wconf 89' lang='lat' dir='ltr'><strong>proinde</strong></span> <span class='ocrx_word' id='word_1_333' title='bbox 1578 1730 1897 1798; x_wconf 87' lang='lat' dir='ltr'><strong>providentia</strong></span> <span class='ocrx_word' id='word_1_334' title='bbox 1956 1731 2128 1782; x_wconf 89' lang='lat' dir='ltr'><strong>divina</strong></span> 
     </span>
     <span class='ocr_line' id='line_1_70' title="bbox 1143 1803 2127 1857; baseline 0.002 -2"><span class='ocrx_word' id='word_1_335' title='bbox 1143 1803 1344 1855; x_wconf 88' lang='lat' dir='ltr'><strong>finitum</strong></span> <span class='ocrx_word' id='word_1_336' title='bbox 1386 1812 1614 1856; x_wconf 86' lang='lat' dir='ltr'><strong>nostrum</strong></span> <span class='ocrx_word' id='word_1_337' title='bbox 1657 1804 1978 1857; x_wconf 90' lang='lat' dir='ltr'><strong>intellectum</strong></span> <span class='ocrx_word' id='word_1_338' title='bbox 2035 1820 2127 1857; x_wconf 91' lang='lat' dir='ltr'><strong>ex·</strong></span> 
     </span>
     <span class='ocr_line' id='line_1_71' title="bbox 1143 1877 2131 1946; baseline 0.002 -17"><span class='ocrx_word' id='word_1_339' title='bbox 1143 1877 1349 1938; x_wconf 65' lang='lat' dir='ltr'><strong>cedem,</strong></span> <span class='ocrx_word' id='word_1_340' title='bbox 1394 1885 1444 1928; x_wconf 86' lang='lat' dir='ltr'><strong>et</strong></span> <span class='ocrx_word' id='word_1_341' title='bbox 1484 1878 2013 1946; x_wconf 84' lang='lat' dir='ltr'><strong>incomprehensibilis</strong></span> <span class='ocrx_word' id='word_1_342' title='bbox 2051 1893 2131 1930; x_wconf 88' lang='lat' dir='ltr'><strong>re-</strong></span> 
     </span>
     <span class='ocr_line' id='line_1_72' title="bbox 1144 1952 2132 2022; baseline 0.001 -18"><span class='ocrx_word' id='word_1_343' title='bbox 1144 1959 1223 2004; x_wconf 88' lang='lat' dir='ltr'><strong>cte</strong></span> <span class='ocrx_word' id='word_1_344' title='bbox 1275 1952 1493 2004; x_wconf 88' lang='lat' dir='ltr'><strong>dicatur.</strong></span> <span class='ocrx_word' id='word_1_345' title='bbox 1550 1952 1681 2004; x_wconf 89' lang='lat' dir='ltr'><strong>Hinc</strong></span> <span class='ocrx_word' id='word_1_346' title='bbox 1730 1953 2132 2022; x_wconf 86' lang='lat' dir='ltr'><strong>quotiescunque</strong></span> 
     </span>
     <span class='ocr_line' id='line_1_73' title="bbox 1146 2025 2134 2093; baseline 0.002 -15"><span class='ocrx_word' id='word_1_347' title='bbox 1146 2026 1429 2093; x_wconf 82' lang='lat' dir='ltr'><strong>intelligere</strong></span> <span class='ocrx_word' id='word_1_348' title='bbox 1457 2043 1556 2079; x_wconf 90' lang='lat' dir='ltr'><strong>nun</strong></span> <span class='ocrx_word' id='word_1_349' title='bbox 1587 2027 1839 2087; x_wconf 78' lang='lat' dir='ltr'><strong>valemus,</strong></span> <span class='ocrx_word' id='word_1_350' title='bbox 1870 2043 1963 2080; x_wconf 86' lang='lat' dir='ltr'><strong>cur</strong></span> <span class='ocrx_word' id='word_1_351' title='bbox 1995 2025 2134 2080; x_wconf 87' lang='lat' dir='ltr'><strong>Deus</strong></span> 
     </span>
     <span class='ocr_line' id='line_1_74' title="bbox 1145 2101 2133 2170; baseline 0.002 -18"><span class='ocrx_word' id='word_1_352' title='bbox 1145 2101 1332 2170; x_wconf 89' lang='lat' dir='ltr'><strong>aliquid</strong></span> <span class='ocrx_word' id='word_1_353' title='bbox 1375 2102 1528 2154; x_wconf 87' lang='lat' dir='ltr'><strong>faciat</strong></span> <span class='ocrx_word' id='word_1_354' title='bbox 1566 2109 1656 2154; x_wconf 86' lang='lat' dir='ltr'><strong>aut</strong></span> <span class='ocrx_word' id='word_1_355' title='bbox 1703 2103 1964 2170; x_wconf 87' lang='lat' dir='ltr'><strong>permittat</strong></span> <span class='ocrx_word' id='word_1_356' title='bbox 2016 2117 2133 2154; x_wconf 88' lang='lat' dir='ltr'><strong>cum</strong></span> 
     </span>
     <span class='ocr_line' id='line_1_75' title="bbox 1147 2170 2139 2243; baseline 0.002 -16"><span class='ocrx_word' id='word_1_357' title='bbox 1147 2174 1387 2243; x_wconf 80' lang='lat' dir='ltr'><strong>Apostolo</strong></span> <span class='ocrx_word' id='word_1_358' title='bbox 1435 2176 1728 2228; x_wconf 84' lang='lat' dir='ltr'><strong>exclamare</strong></span> <span class='ocrx_word' id='word_1_359' title='bbox 1769 2177 2053 2229; x_wconf 91' lang='lat' dir='ltr'><strong>debemus:</strong></span> <span class='ocrx_word' id='word_1_360' title='bbox 2098 2170 2139 2229; x_wconf 87' lang='grc'><em>0</em></span> 
     </span>
     <span class='ocr_line' id='line_1_76' title="bbox 1148 2251 2140 2320; baseline 0.001 -19"><span class='ocrx_word' id='word_1_361' title='bbox 1148 2251 1358 2302; x_wconf 73' lang='lat' dir='ltr'><strong>altitudo</strong></span> <span class='ocrx_word' id='word_1_362' title='bbox 1422 2251 1706 2302; x_wconf 75' lang='lat' dir='ltr'><strong>divitiarum</strong></span> <span class='ocrx_word' id='word_1_363' title='bbox 1748 2252 2014 2320; x_wconf 79' lang='lat' dir='ltr'><strong>sapientiae</strong></span> <span class='ocrx_word' id='word_1_364' title='bbox 2040 2291 2053 2312; x_wconf 90' lang='lat'><strong>,</strong></span> <span class='ocrx_word' id='word_1_365' title='bbox 2096 2257 2140 2302; x_wconf 81' lang='lat' dir='ltr'><strong>et</strong></span> 
     </span>
     <span class='ocr_line' id='line_1_77' title="bbox 1148 2324 2141 2393; baseline -0.001 -17"><span class='ocrx_word' id='word_1_366' title='bbox 1148 2325 1376 2376; x_wconf 72' lang='lat' dir='ltr'><strong>scientiae</strong></span> <span class='ocrx_word' id='word_1_367' title='bbox 1420 2325 1543 2377; x_wconf 82' lang='lat' dir='ltr'><strong>Dei.-</strong></span> <span class='ocrx_word' id='word_1_368' title='bbox 1585 2341 1730 2393; x_wconf 76' lang='lat' dir='ltr'><strong>quam</strong></span> <span class='ocrx_word' id='word_1_369' title='bbox 1780 2324 2141 2392; x_wconf 80' lang='lat' dir='ltr'><strong>incomprehen-</strong></span> 
     </span>
     <span class='ocr_line' id='line_1_78' title="bbox 1150 2398 2143 2462; baseline 0.003 -14"><span class='ocrx_word' id='word_1_370' title='bbox 1150 2398 1310 2450; x_wconf 77' lang='lat' dir='ltr'><strong>sibilia</strong></span> <span class='ocrx_word' id='word_1_371' title='bbox 1334 2407 1448 2450; x_wconf 78' lang='lat' dir='ltr'><strong>sunt</strong></span> <span class='ocrx_word' id='word_1_372' title='bbox 1477 2399 1659 2451; x_wconf 76' lang='lat' dir='ltr'><strong>iudicia</strong></span> <span class='ocrx_word' id='word_1_373' title='bbox 1698 2400 1832 2462; x_wconf 78' lang='lat' dir='ltr'><strong>eius,</strong></span> <span class='ocrx_word' id='word_1_374' title='bbox 1864 2407 1906 2451; x_wconf 85' lang='lat' dir='ltr'><strong>et</strong></span> <span class='ocrx_word' id='word_1_375' title='bbox 1946 2398 2143 2451; x_wconf 77' lang='lat' dir='ltr'><strong>investi-</strong></span> 
     </span>
     <span class='ocr_line' id='line_1_79' title="bbox 1150 2471 1749 2543; baseline 0 -19"><span class='ocrx_word' id='word_1_376' title='bbox 1150 2472 1326 2539; x_wconf 72' lang='lat' dir='ltr'><strong>qabiles</strong></span> <span class='ocrx_word' id='word_1_377' title='bbox 1365 2472 1474 2525; x_wconf 73' lang='lat' dir='ltr'><strong>viae</strong></span> <span class='ocrx_word' id='word_1_378' title='bbox 1512 2472 1651 2525; x_wconf 79' lang='lat' dir='ltr'><strong>eius!</strong></span> <span class='ocrx_word' id='word_1_379' title='bbox 1675 2471 1749 2543; x_wconf 77' lang='lat'><strong>(5)</strong></span> 
     </span>
    </p>
   </div>
   <div class='ocr_carea' id='block_1_11' title="bbox 1529 2596 1755 2655">
    <p class='ocr_par' dir='ltr' id='par_1_11' title="bbox 1529 2596 1755 2655">
     <span class='ocr_line' id='line_1_80' title="bbox 1529 2596 1755 2655; baseline 0 -13"><span class='ocrx_word' id='word_1_380' title='bbox 1529 2596 1567 2655; x_wconf 58' lang='grc' dir='ltr'><strong>ς</strong></span> <span class='ocrx_word' id='word_1_381' title='bbox 1597 2597 1755 2643; x_wconf 70' lang='lat' dir='ltr'><strong>zoa.</strong></span> 
     </span>
    </p>
   </div>
   <div class='ocr_carea' id='block_1_12' title="bbox 1330 2685 1974 2721">
    <p class='ocr_par' dir='ltr' id='par_1_12' title="bbox 1330 2685 1974 2721">
     <span class='ocr_line' id='line_1_81' title="bbox 1330 2685 1974 2721; baseline 0 -2"><span class='ocrx_word' id='word_1_382' title='bbox 1330 2686 1581 2721; x_wconf 84' lang='lat' dir='ltr'><strong>Providentiae</strong></span> <span class='ocrx_word' id='word_1_383' title='bbox 1604 2685 1748 2721; x_wconf 81' lang='lat' dir='ltr'><strong>divinae</strong></span> <span class='ocrx_word' id='word_1_384' title='bbox 1773 2685 1974 2720; x_wconf 74' lang='lat' dir='ltr'><strong>existentia.</strong></span> 
     </span>
    </p>
   </div>
   <div class='ocr_carea' id='block_1_13' title="bbox 1157 2768 2152 3356">
    <p class='ocr_par' dir='ltr' id='par_1_13' title="bbox 1157 2768 2152 3356">
     <span class='ocr_line' id='line_1_82' title="bbox 1231 2768 2149 2822; baseline 0.001 -1"><span class='ocrx_word' id='word_1_385' title='bbox 1231 2769 1610 2822; x_wconf 89' lang='lat' dir='ltr'><strong>Providentiam</strong></span> <span class='ocrx_word' id='word_1_386' title='bbox 1639 2770 1868 2821; x_wconf 80' lang='lat' dir='ltr'><strong>divinam</strong></span> <span class='ocrx_word' id='word_1_387' title='bbox 1893 2784 2015 2822; x_wconf 86' lang='lat' dir='ltr'><strong>vere</strong></span> <span class='ocrx_word' id='word_1_388' title='bbox 2043 2768 2149 2822; x_wconf 82' lang='lat' dir='ltr'><strong>exi·</strong></span> 
     </span>
     <span class='ocr_line' id='line_1_83' title="bbox 1157 2843 2144 2905; baseline 0 -9"><span class='ocrx_word' id='word_1_389' title='bbox 1157 2850 1311 2905; x_wconf 77' lang='lat' dir='ltr'><strong>stare,</strong></span> <span class='ocrx_word' id='word_1_390' title='bbox 1381 2860 1471 2896; x_wconf 90' lang='lat' dir='ltr'><strong>seu</strong></span> <span class='ocrx_word' id='word_1_391' title='bbox 1529 2844 1692 2895; x_wconf 89' lang='lat' dir='ltr'><strong>Deum</strong></span> <span class='ocrx_word' id='word_1_392' title='bbox 1759 2843 1821 2895; x_wconf 91' lang='lat' dir='ltr'><strong>de</strong></span> <span class='ocrx_word' id='word_1_393' title='bbox 1886 2843 2144 2903; x_wconf 87' lang='lat' dir='ltr'><strong>omnibus,</strong></span> 
     </span>
     <span class='ocr_line' id='line_1_84' title="bbox 1158 2916 2152 2987; baseline 0.002 -19"><span class='ocrx_word' id='word_1_394' title='bbox 1158 2935 1288 2987; x_wconf 83' lang='lat' dir='ltr'><strong>quae</strong></span> <span class='ocrx_word' id='word_1_395' title='bbox 1328 2919 1376 2969; x_wconf 88' lang='lat' dir='ltr'><strong>in</strong></span> <span class='ocrx_word' id='word_1_396' title='bbox 1421 2918 1611 2970; x_wconf 87' lang='lat' dir='ltr'><strong>mundo</strong></span> <span class='ocrx_word' id='word_1_397' title='bbox 1651 2916 1900 2985; x_wconf 89' lang='lat' dir='ltr'><strong>spirituali</strong></span> <span class='ocrx_word' id='word_1_398' title='bbox 1942 2924 1993 2970; x_wconf 88' lang='lat' dir='ltr'><strong>et</strong></span> <span class='ocrx_word' id='word_1_399' title='bbox 2042 2933 2152 2970; x_wconf 85' lang='lat' dir='ltr'><strong>ma-</strong></span> 
     </span>
     <span class='ocr_line' id='line_1_85' title="bbox 1162 2993 2151 3059; baseline -0.002 -15"><span class='ocrx_word' id='word_1_400' title='bbox 1162 2993 1325 3044; x_wconf 84' lang='lat' dir='ltr'><strong>teriali</strong></span> <span class='ocrx_word' id='word_1_401' title='bbox 1368 2999 1569 3049; x_wconf 87' lang='lat' dir='ltr'><strong>extant,</strong></span> <span class='ocrx_word' id='word_1_402' title='bbox 1621 2993 1729 3045; x_wconf 91' lang='lat' dir='ltr'><strong>sive</strong></span> <span class='ocrx_word' id='word_1_403' title='bbox 1793 3006 1978 3059; x_wconf 84' lang='lat' dir='ltr'><strong>magna</strong></span> <span class='ocrx_word' id='word_1_404' title='bbox 2043 2995 2151 3044; x_wconf 89' lang='lat' dir='ltr'><strong>sive</strong></span> 
     </span>
     <span class='ocr_line' id='line_1_86' title="bbox 1164 3066 2147 3133; baseline 0.001 -16"><span class='ocrx_word' id='word_1_405' title='bbox 1164 3082 1320 3133; x_wconf 88' lang='lat' dir='ltr'><strong>parva</strong></span> <span class='ocrx_word' id='word_1_406' title='bbox 1359 3066 1444 3117; x_wconf 88' lang='lat' dir='ltr'><strong>illa</strong></span> <span class='ocrx_word' id='word_1_407' title='bbox 1512 3066 1633 3127; x_wconf 84' lang='lat' dir='ltr'><strong>sint,</strong></span> <span class='ocrx_word' id='word_1_408' title='bbox 1702 3081 1880 3118; x_wconf 88' lang='lat' dir='ltr'><strong>curam</strong></span> <span class='ocrx_word' id='word_1_409' title='bbox 1944 3081 2147 3133; x_wconf 86' lang='lat' dir='ltr'><strong>gerere,</strong></span> 
     </span>
     <span class='ocr_line' id='line_1_87' title="bbox 1165 3140 2150 3210; baseline 0.001 -19"><span class='ocrx_word' id='word_1_410' title='bbox 1165 3140 1278 3192; x_wconf 89' lang='lat' dir='ltr'><strong>talis</strong></span> <span class='ocrx_word' id='word_1_411' title='bbox 1319 3142 1508 3192; x_wconf 89' lang='lat' dir='ltr'><strong>veritas</strong></span> <span class='ocrx_word' id='word_1_412' title='bbox 1549 3146 1645 3199; x_wconf 92' lang='lat' dir='ltr'><strong>est,</strong></span> <span class='ocrx_word' id='word_1_413' title='bbox 1690 3155 1819 3210; x_wconf 88' lang='lat' dir='ltr'><strong>quae</strong></span> <span class='ocrx_word' id='word_1_414' title='bbox 1859 3142 2015 3192; x_wconf 90' lang='lat' dir='ltr'><strong>etiam</strong></span> <span class='ocrx_word' id='word_1_415' title='bbox 2064 3153 2150 3207; x_wconf 78' lang='lat' dir='ltr'><strong>per</strong></span> 
     </span>
     <span class='ocr_line' id='line_1_88' title="bbox 1164 3214 2152 3282; baseline 0 -16"><span class='ocrx_word' id='word_1_416' title='bbox 1164 3215 1410 3266; x_wconf 87' lang='lat' dir='ltr'><strong>rationem</strong></span> <span class='ocrx_word' id='word_1_417' title='bbox 1454 3215 1689 3280; x_wconf 85' lang='lat' dir='ltr'><strong>cognosci</strong></span> <span class='ocrx_word' id='word_1_418' title='bbox 1730 3220 1782 3266; x_wconf 87' lang='lat' dir='ltr'><strong>et</strong></span> <span class='ocrx_word' id='word_1_419' title='bbox 1822 3214 2022 3282; x_wconf 86' lang='lat' dir='ltr'><strong>probari</strong></span> <span class='ocrx_word' id='word_1_420' title='bbox 2045 3219 2152 3282; x_wconf 88' lang='lat' dir='ltr'><strong>pot-</strong></span> 
     </span>
     <span class='ocr_line' id='line_1_89' title="bbox 1164 3287 2150 3356; baseline 0 -16"><span class='ocrx_word' id='word_1_421' title='bbox 1164 3295 1260 3345; x_wconf 88' lang='lat' dir='ltr'><strong>est,</strong></span> <span class='ocrx_word' id='word_1_422' title='bbox 1318 3287 1407 3340; x_wconf 86' lang='lat' dir='ltr'><strong>sed</strong></span> <span class='ocrx_word' id='word_1_423' title='bbox 1467 3288 1627 3341; x_wconf 89' lang='lat' dir='ltr'><strong>multo</strong></span> <span class='ocrx_word' id='word_1_424' title='bbox 1687 3287 1999 3341; x_wconf 89' lang='lat' dir='ltr'><strong>luculentius</strong></span> <span class='ocrx_word' id='word_1_425' title='bbox 2062 3301 2150 3356; x_wconf 88' lang='lat' dir='ltr'><strong>per</strong></span> 
     </span>
    </p>
   </div>
   <div class='ocr_carea' id='block_1_14' title="bbox 1208 3404 1574 3499">
    <p class='ocr_par' dir='ltr' id='par_1_14' title="bbox 1208 3404 1574 3499">
     <span class='ocr_line' id='line_1_90' title="bbox 1208 3404 1574 3499; baseline 0 -47"><span class='ocrx_word' id='word_1_426' title='bbox 1208 3417 1261 3499; x_wconf 45' lang='lat'><strong>53)</strong></span> <span class='ocrx_word' id='word_1_427' title='bbox 1284 3418 1388 3452; x_wconf 77' lang='lat' dir='ltr'><strong>Rom.</strong></span> <span class='ocrx_word' id='word_1_428' title='bbox 1414 3417 1447 3459; x_wconf 78' lang='grc'><strong>9,</strong></span> <span class='ocrx_word' id='word_1_429' title='bbox 1471 3417 1528 3453; x_wconf 74' lang='lat'><strong>19.</strong></span> <span class='ocrx_word' id='word_1_430' title='bbox 1569 3404 1574 3409; x_wconf 87' lang='lat'>&#39;</span> 
     </span>
    </p>
   </div>
   <div class='ocr_carea' id='block_1_15' title="bbox 1226 3458 2109 3508">
    <p class='ocr_par' dir='ltr' id='par_1_15' title="bbox 1226 3458 2109 3508">
     <span class='ocr_line' id='line_1_91' title="bbox 1226 3458 2109 3508; baseline 0.001 -10"><span class='ocrx_word' id='word_1_431' title='bbox 1226 3463 1261 3498; x_wconf 71' lang='lat'><strong>4)</strong></span> <span class='ocrx_word' id='word_1_432' title='bbox 1287 3463 1387 3497; x_wconf 79' lang='lat' dir='ltr'><strong>Rom.</strong></span> <span class='ocrx_word' id='word_1_433' title='bbox 1415 3461 1449 3504; x_wconf 86' lang='lat'><strong>1,</strong></span> <span class='ocrx_word' id='word_1_434' title='bbox 1473 3462 1527 3498; x_wconf 75' lang='lat'><strong>2⁰.</strong></span> <span class='ocrx_word' id='word_1_435' title='bbox 1767 3460 1821 3508; x_wconf 68' lang='grc' dir='ltr'><strong>(ὅ)</strong></span> <span class='ocrx_word' id='word_1_436' title='bbox 1842 3462 1948 3499; x_wconf 83' lang='lat' dir='ltr'><strong>Rom.</strong></span> <span class='ocrx_word' id='word_1_437' title='bbox 1974 3460 2029 3507; x_wconf 78' lang='lat'><strong>11,</strong></span> <span class='ocrx_word' id='word_1_438' title='bbox 2053 3458 2109 3499; x_wconf 81' lang='grc'><strong>33.</strong></span> 
     </span>
    </p>
   </div>
  </div>
 </body>
</html>
