2332 3860
647 220 649 223 ·
725 218 844 258 rans
882 219 936 257 11.
961 218 1144 258 sscrio
1184 219 1220 257 1.
1263 198 1417 257 caru'r
1454 219 1524 257 iv.

1915 177 1918 180 ’
1962 199 2073 258 525

112 284 392 367 claflissiffie
435 298 745 362 sententiam
797 313 944 354 suam
997 315 1102 353 ma·
1160 298 1366 371 qualem
1403 300 1467 353 de
1504 304 1612 373 tam
1652 297 2024 354 excellentibus
2058 301 2148 355 do-

30 402 58 414 -ὀ
111 367 317 445 ὑίίθὲὶόί
348 370 574 442 quodlib.
602 372 655 435 1,
689 380 788 426 art.
814 373 869 436 8,
900 374 1095 427 dicens:

54 449 59 451 *
113 463 140 500 ἀ
171 446 413 502 Possibile
452 446 548 499 fuit
583 441 712 510 Dec,
755 453 812 499 ut
839 447 1098 501 hominem

110 523 304 593 faceret
370 519 422 572 in
487 535 614 589 pure
680 521 1020 574 naturalibus,
1067 540 1094 571 2)

109 594 216 650 lmo
255 609 319 646 ex
359 593 622 663 principiis
646 590 706 649 S.
749 594 1023 663 Auyustini
1049 603 1099 648 et

44 700 49 702 -
110 667 165 722 S‘.
229 665 471 729 Thomae,
527 667 611 736 qui
665 666 858 719 malum
896 669 1096 721 nonnisi

107 742 160 795 in
200 740 400 793 defectu
427 757 516 793 seu
558 741 842 809 privatione
869 741 987 794 boni
1015 758 1092 795 re·

46 827 54 882 ‘³
97 821 522 943 ’ἒὲἓέἶὲἷὲιὲῑιῗέἒ
551 814 1098 942 {lssssnssffenssffiss‘

1162 374 1241 427 nis
1281 389 1433 427 usum
1472 373 1706 427 fecerint.
1736 402 1812 413 —
1837 372 1973 437 Ast,
2012 374 2150 444 quod

1161 463 1485 517 summopere
1525 447 1806 517 lugendum
1847 453 1945 514 est,
1976 447 2027 500 in
2056 448 2152 501 hac

1159 522 1488 592 inquisitione
1527 522 1842 581 invenimus,
1878 521 2014 593 sicut
2057 529 2150 573 an-

1159 597 1301 662 gelos
1353 597 1534 657 malOS,
1591 597 1661 648 ita
1713 597 1869 649 etiam
1918 595 2152 647 homines

1160 670 1350 737 primos
1389 670 1736 739 ingratissimo
1775 669 1926 722 modo
1964 685 1994 722 a
2046 666 2153 722 Deo

1159 742 1424 797 defecisse.
1494 742 1626 796 Nam
1688 745 1835 796 iuxta
1886 742 2154 796 historiam

1158 817 1305 869 nobis
1345 817 1592 870 divinitus
1631 818 1939 886 patefactam
1988 815 2154 871 Adam

1159 897 1210 942 et
1248 890 1356 944 Eva
1397 897 1789 960 protoparentes
1834 891 1997 944 nostri
2050 906 2155 944 vere

105 961 257 1031 gibus
296 962 525 1023 subesse,
557 978 654 1015 nec
680 963 885 1015 motivis
935 963 1000 1016 ad
1039 979 1094 1016 a·
1151 976 1418 1032 peccarunt
1457 965 1739 1019 comedendo
1779 966 1997 1033 fructum
2042 966 2155 1018 veci-

37 1035 43 1038 ’
106 1035 332 1102 gendum
373 1036 597 1099 incitari,
641 1044 692 1088 et
731 1037 902 1089 omnia
929 1037 1094 1090 solum

28 1132 54 1181 g
105 1109 239 1162 bona
277 1108 420 1172 fieri,
464 1110 580 1179 quia
639 1109 777 1163 Deus
829 1125 889 1163 ea
943 1111 1091 1179 vult,

46 1246 48 1251 λ
107 1198 172 1236 ex
211 1182 311 1245 his,
365 1185 614 1253 inquam,
676 1185 936 1252 principiis
993 1202 1092 1238 non

106 1262 310 1310 tantum
351 1258 619 1326 sequitur,
654 1259 821 1310 *iuxta
860 1266 1094 1311 nostrum

107 1330 423 1399 concipiendi
439 1330 646 1383 modum
670 1331 960 1399 possibilem
983 1349 1093 1385 esse

56 1434 60 1438 ·
109 1403 302 1457 statum
342 1412 558 1458 naturae
598 1421 778 1473 purae,
821 1407 909 1458 scd
939 1408 1093 1459 etiam

106 1476 431 1530 difficultates
470 1485 806 1540 evanescunt,
850 1496 980 1549 quae
1022 1481 1094 1532 di-

103 1558 217 1604 ctae
274 1551 591 1620 possibilitati
655 1554 837 1621 opponi
903 1554 1089 1607 solent.

103 1624 290 1677 Mirum
313 1626 523 1694 proinde
548 1626 771 1688 videtur,
802 1628 933 1696 quod
964 1629 1095 1680 nihi-

47 1755 49 1757 ,
104 1697 326 1752 lominus
365 1699 619 1761 nonnulli,
651 1702 734 1769 qui
763 1717 818 1753 se
839 1699 895 1754 S,
930 1701 1096 1770 Λαρα-

23 1795 29 1798 ·
103 1773 222 1825 stini
284 1779 375 1825 aut
425 1772 477 1825 S.
550 1772 755 1825 Thomae
821 1775 1094 1843 discipulos

103 1845 426 1914 profitentur,
470 1847 566 1899 sub
607 1847 929 1900 distinctione
983 1856 1094 1901 tan-

106 1926 214 1974 tum
254 1920 440 1973 dictam
482 1921 867 1989 possibilitatem
915 1923 1095 1975 admit·

40 1998 74 2031 ‘-
107 1998 249 2047 tant:
279 1994 459 2047 dicunt
485 1996 642 2056 enim,
675 1996 839 2049 Deum
869 1998 1092 2064 potuisse

105 2067 310 2137 quidem
351 2067 608 2121 hominem
648 2070 758 2123 sine
786 2072 950 2138 gratia
978 2087 1094 2123 san-

44 2157 57 2194 t
107 2141 365 2195 ctificante
404 2145 721 2213 caeterisque
779 2145 925 2197 donis
976 2161 1095 2197 con-

39 2259 43 2262 ,
71 2256 76 2259 a
108 2215 231 2268 dere
268 2216 325 2268 de
362 2218 570 2286 potentia
610 2218 844 2280 absoluta,
875 2218 963 2271 sed
993 2236 1091 2272 non

27 2299 42 2311 ··
107 2290 164 2342 de
194 2294 412 2358 potentia
462 2291 724 2345 ordinata.-
783 2293 916 2344 hanc
980 2310 1096 2346 sen-

33 2382 53 2391 ··
111 2364 326 2416 tentiam
364 2373 692 2433 propugnant
747 2367 882 2419 inter
928 2366 1097 2436 Anqu-

114 2436 350 2490 stim‘anos
387 2437 539 2491 Card.
584 2439 841 2499 Norisius,
886 2440 1091 2503 Bell-elli,

68 2522 74 2528 ·
115 2509 254 2563 Berti
291 2518 342 2564 et
361 2511 480 2577 alii;
512 2513 646 2565 inter
677 2513 950 2566 Tkomistas
971 2514 1098 2567 Con-

43 2639 45 2642 ,
115 2586 377 2647 musonius,
419 2585 575 2657 Hyac.
605 2585 774 2657 Serry,
812 2587 1016 2642 Thomas
1043 2590 1098 2643 de

31 2699 38 2725 ;
109 2656 277 2711 Lemos
308 2665 408 2712 etc.

425 2824 705 2863 ARTICULUS
728 2827 787 2864 11.

352 2914 405 2949 De
426 2920 727 2960 protoparentum
751 2917 865 2961 lapsu.

516 3011 556 3069 s
585 3012 710 3058 1¹22.

31 3107 61 3172 ,ζ
138 3092 413 3167 ”Cognitis
451 3100 554 3152 iam
593 3102 739 3155 donis
781 3104 1102 3157 naturalibus

30 3179 69 3242 *rja
114 3177 166 3224 et
189 3174 688 3241 supernaturalibus,
737 3178 922 3245 quibus
952 3180 1099 3246 primi

28 3257 87 3318 223
119 3247 283 3318 nostri
317 3254 558 3315 parentes
599 3250 823 3318 insigniti
870 3253 1097 3315 fuerunt,

119 3323 178 3370 ut
209 3319 583 3388 nobilissimum
624 3322 782 3376 finem
819 3341 969 3377 suum
1021 3343 1102 3379 as-

29 3390 54 3439 ἓ-
118 3388 267 3460 sequi
287 3399 524 3460 possent,
555 3392 972 3465 investigandum
1000 3406 1097 3460 est,

1159 1046 1283 1100 tum,
1328 1041 1500 1093 tentati
1537 1048 1582 1093 et
1626 1040 1809 1093 seducti
1855 1054 1885 1091 a
1907 1039 2154 1106 damone,

1157 1119 1300 1180 acque
1347 1113 1432 1167 hoc
1472 1115 1693 1182 ipsorum
1743 1120 1988 1183 peccatum
2039 1128 2154 1182 qra-

1157 1185 1416 1239 vissimum
1486 1189 1614 1256 fuit,
1670 1203 1725 1241 ac
1791 1187 2156 1254 funestissimos

1157 1259 1210 1310 in
1250 1262 1373 1329 ipsis
1411 1263 1600 1331 effectus
1633 1261 1891 1330 produxit.

1237 1334 1387 1387 Nota.
1433 1335 1792 1390 vetustissima
1833 1335 1962 1388 haec
2002 1334 2156 1388 histo-

1158 1413 1230 1464 ria
1271 1411 1458 1461 summi
1503 1411 1728 1478 profecto
1772 1411 2015 1462 momenti
2052 1416 2152 1471 est,

1157 1488 1275 1554 quia
1302 1483 1582 1552 Religionis
1622 1483 1958 1537 fundamenta
1982 1483 2153 1547 tradit,

1158 1560 1321 1611 Deum
1383 1574 1476 1610 ceu
1528 1558 1876 1625 legislatorem
1928 1564 1980 1610 et
2028 1557 2157 1610 iudi-

1157 1649 1267 1685 cem
1320 1632 2042 1701 repraesentans3hu1nanae
2094 1632 2155 1684 li-

1158 1707 1369 1760 bertatis
1409 1722 1608 1775 quoque
1653 1714 1763 1758 tum
1805 1707 2023 1773 primam
2077 1705 2155 1758 hi·

1156 1783 1386 1841 storiam,
1431 1787 1541 1831 tum
1583 1781 1940 1832 authenticum
2001 1779 2156 1832 docu-

1157 1863 1388 1906 mentum
1418 1853 1664 1918 exliibet3
1709 1853 1770 1905 ad
1801 1853 2155 1922 quaestionem

1156 1930 1218 1981 de
1259 1928 1456 1994 origine
1498 1926 1622 1979 mali
1662 1927 1965 1980 solvendam
1999 1928 2157 1996 pluri-

1159 2019 1297 2054 mum
1340 2003 1518 2062 refert,
1562 2007 1615 2054 et
1680 2018 1799 2055 cum
1866 2002 2157 2070 praecipuis

1157 2077 1434 2144 Religionis
1477 2076 1789 2131 christiniae
1830 2076 2157 2147 dogmatibus

1158 2152 1334 2204 intime
1380 2149 1638 2203 cohaeret.

1564 2303 1603 2362 ς
1635 2302 1757 2350 na.

1235 2399 1344 2433 Adam
1368 2403 1404 2433 et
1428 2399 1501 2434 Eva
1526 2407 1611 2434 vere
1633 2403 1835 2443 peccarunt
1857 2398 2082 2435 comedendo

1476 2472 1640 2508 fructum
1664 2473 1831 2508 vetitum.

1233 2589 1507 2644 Peccatum
1574 2590 1778 2644 actuale
1841 2598 1920 2644 est
1992 2591 2152 2650 libera

1161 2667 1500 2734 transgressio
1541 2666 1745 2719 divinae
1786 2665 1933 2733 legiS.
1995 2663 2153 2718 Dubi-

1162 2740 1258 2791 tari
1299 2743 1420 2807 e'rgo
1449 2742 1655 2808 nequit,
1688 2747 1926 2808 parentes
1953 2745 2154 2792 nostros

1161 2829 1284 2866 vere
1323 2829 1584 2883 peccasse,
1628 2815 1669 2866 si
1723 2814 2007 2866 iniunctam
2057 2813 2153 2866 sibi

1162 2887 1330 2953 legem
1372 2888 1599 2940 divinam
1641 2888 1798 2940 libere
1845 2888 2152 2955 transgressi

1162 2968 1302 3013 sunt.
1359 2961 1415 3013 ld
1467 2969 1639 3013 autem
1694 2962 1758 3014 ab
1797 2962 1919 3029 ipsis
1960 2962 2154 3014 factum

1163 3049 1294 3095 esse,
1338 3034 1393 3087 S.
1437 3034 1704 3103 Scriptura
1745 3042 1982 3088 testatur.
2015 3035 2153 3088 Deus

1163 3108 1300 3160 enim
1342 3108 1509 3175 legem
1565 3108 1683 3161 tulit
1733 3108 1878 3162 Adae
1935 3110 2149 3162 dicens:

1162 3181 1246 3232 Em
1283 3183 1421 3233 omni
1461 3182 1861 3252 liyno‘paradisi
1922 3182 2148 3236 comede:

1162 3255 1218 3306 de
1258 3255 1386 3323 liyno
1425 3263 1587 3308 autem
1649 3257 1874 3310 scientiae
1939 3256 2049 3309 boni
2110 3263 2154 3306 et

1163 3328 1282 3379 mali
1318 3344 1378 3380 ne
1405 3330 1624 3383 comedas
1645 3347 1665 3381 .·
1693 3345 1998 3399 quacumque
2025 3329 2152 3381 enim

1162 3402 1238 3453 die
1276 3403 1555 3466 remerteria,
1591 3415 1745 3456 morte
1782 3404 2012 3456 morieris
2051 3399 2148 3471 (l).

20 3465 450 3543 {scquomodose
477 3482 599 3544 erga
626 3469 811 3532 Deum,
841 3487 1099 3525 summum
1163 3502 1235 3515 —--
1258 3474 1359 3528 Lex
1386 3476 1479 3528 ista
1505 3477 1795 3531 hominibus
1815 3474 2150 3537 conveniens,

66 3532 491 3618 ,ybenefactorem
529 3547 682 3596 suum
732 3546 1008 3612 gesse-rint,
1051 3553 1102 3600 et

1206 3572 1260 3620 (ι)
1284 3574 1373 3611 Gen.
1401 3574 1434 3617 2,
1460 3574 1512 3611 ω.
