2332 3860
38 183 45 190 .,
746 128 864 168 psas
899 129 971 167 ιιι.
1013 129 1176 168 saci-io
1213 128 1269 167 ιι.
1299 127 1448 166 cunr
1483 127 1541 165 ιι.

24 197 38 266 -r'
82 207 94 282 ἦ
163 211 329 266 minus
366 209 535 278 legem
556 217 876 265 mortuorum
896 210 1142 278 servavit,
1203 217 1375 263 autem
1417 214 1586 262 terrae
1626 207 1858 261 infernus
1908 210 2223 278 accipitur„

146 293 218 345 ,ut
258 285 403 338 fieret
434 286 802 355 primogenitus
840 301 870 339 a
904 286 1138 346 mortuis,

162 366 213 412 et
257 366 600 413 commoratus
639 374 800 428 usque
835 360 899 412 ad
939 360 1142 412 tertiam

161 433 295 486 diem
343 435 395 486 in
460 433 782 487 inferioribus
845 441 1033 493 terrae,
1094 441 1145 486 et

161 507 277 559 dein
317 508 543 561 surrexit
578 508 634 559 in
674 523 850 570 carne,
894 507 1146 577 quomodo

162 597 262 634 non
327 581 728 644 confunduntur,
795 582 879 651 qui
946 582 1142 642 dicunt,

162 656 350 709 inferos
388 671 500 709 csse
527 656 663 708 bunc
691 656 939 708 mundum
953 654 1018 708 ?..
1050 654 1147 707 Do-

163 731 333 782 minus
371 730 422 782 in
479 731 644 783 medio
705 730 916 782 umbrae
974 731 1149 781 mortis

163 804 307 866 abiit,
350 805 435 856 ubi
475 806 678 859 animae
726 811 1044 856 mortuorum
1103 819 1151 854 e-

163 885 311 942 rant3
356 885 530 946 postea
594 878 926 946 corporaliter
983 894 1150 930 resur-

163 954 316 1013 rexit,
361 959 412 1005 et
451 960 562 1021 post
602 954 1028 1006 resurrectionem
1073 968 1151 1002 as-

93 1070 99 1076 .
164 1033 399 1095 sumptus
421 1035 515 1080 est.
543 1047 566 1075 »
599 1058 670 1065 —
697 1025 916 1078 Clemens
941 1026 1152 1078 Alexan-

162 1100 296 1153 dria.
330 1100 429 1171 (l):
463 1121 489 1150 «
526 1101 844 1154 Praedicavit
908 1101 1154 1152 Dominus

163 1175 223 1227 iis
263 1190 484 1244 quoque,
528 1176 611 1244 qui
651 1183 799 1228 erant
846 1175 980 1243 apud
1035 1175 1156 1226 infe-

164 1264 265 1301 rOS.
306 1269 328 1298 ι»
360 1279 430 1287 -
480 1250 817 1303 Tertullianus
857 1249 933 1319 (ἓ)
975 1250 1043 1301 ita
1083 1249 1153 1300 lo-

165 1325 370 1391 quitur:
415 1342 439 1373 «
498 1323 729 1376 Christus
738 1364 847 1377 .....
893 1324 1154 1375 descendit

166 1398 217 1448 in
285 1397 524 1449 inferiora
588 1407 864 1460 terrarum,
935 1404 989 1449 ut
1052 1397 1155 1449 illic

166 1470 491 1523 Patriarchas
532 1479 582 1524 et
622 1472 901 1542 Prophetas
953 1488 1157 1539 compo-

165 1552 243 1596 tes
282 1547 357 1596 sui
401 1546 665 1599 faceret.»
716 1579 788 1588 —
838 1546 890 1599 8.
941 1545 1155 1616 Cyrillzts

166 1619 406 1671 Hierosol.
441 1619 516 1690 (5)
558 1621 627 1672 ita
668 1621 900 1673 disserit:
936 1641 961 1669 «
1008 1621 1156 1673 Solus

165 1693 248 1745 hic
288 1694 492 1762 quidem
534 1695 795 1747 descendit
834 1695 897 1747 ad
946 1696 1152 1754 inferos,

167 1783 283 1819 cum
327 1768 500 1820 multis
539 1777 710 1821 autem
751 1770 869 1821 inde
904 1771 1150 1822 ascendit.

168 1842 442 1894 Descendit
495 1844 545 1894 in
611 1850 826 1896 mortem
888 1845 1046 1906 solus,
1108 1851 1158 1896 et

168 1916 330 1968 multa
370 1932 584 1984 corpora
623 1919 996 1986 quiescentium
1043 1935 1158 1970 san-

169 1998 369 2042 ctorum
433 1992 694 2043 excitavit.
759 1993 1017 2045 Exterrita
1082 2001 1158 2044 est

168 2080 307 2117 mors
371 2065 550 2116 videns
623 2082 811 2118 novum
887 2067 1157 2135 quemdam

172 2139 566 2191 descendentem
614 2141 665 2192 in
732 2142 986 2192 infernum
1055 2143 1161 2192 vin-

173 2213 322 2275 culis,
366 2230 495 2282 quae
535 2214 640 2265 illic
679 2223 815 2282 sunt,
873 2231 973 2267 non
1035 2215 1160 2283 liga-

172 2294 302 2339 tum.
338 2307 365 2336 ι)
395 2287 544 2340 -8.
593 2288 807 2340 Basilius
861 2288 936 2359 (lt)
983 2291 1032 2341 in
1075 2291 1156 2341 illa

173 2362 359 2413 verba:
392 2361 520 2414 Deus
539 2363 742 2415 redimet
764 2365 979 2415 animam
1004 2379 1162 2415 meam

173 2435 229 2487 de
291 2451 441 2487 manu
498 2437 690 2503 inferi,
758 2437 885 2489 baec
950 2437 1158 2490 babet:

177 2529 204 2557 «
237 2509 408 2562 Palam
451 2511 695 2578 praedicit
732 2510 932 2564 Domini
974 2512 1038 2564 ad
1088 2513 1162 2563 in-

174 2583 306 2645 feros
346 2584 667 2646 descensum,
736 2587 819 2654 qui
881 2602 983 2638 una
1047 2602 1161 2638 cum

175 2657 288 2709 aliis
330 2658 486 2725 ipsius
524 2661 679 2711 etiam
718 2660 995 2728 prophetae
1058 2662 1165 2713 ani·

178 2747 312 2783 mam
355 2733 608 2785 liberabit.
646 2754 672 2782 ι)
706 2764 773 2773 -—
805 2733 853 2787 8.
875 2734 1165 2787 Ambrosius

178 2803 255 2876 (ὃ)
285 2805 454 2859 addit:
503 2826 528 2855 ι(
560 2807 808 2860 Dominus
835 2811 1165 2862 resurrectio-

179 2879 259 2931 nis
298 2896 421 2932 suae
472 2881 683 2948 pignore
743 2882 951 2935 vincula
1015 2883 1166 2935 solvit

179 2953 381 3019 inferni,
398 2961 449 3006 et
476 2956 676 3022 piorum
702 2957 900 3008 animas
926 2957 1166 3010 elevavit.

179 3026 471 3094 Resurgens
511 3045 576 3081 ex
617 3029 787 3082 inieris
826 3029 1058 3083 Christus
1088 3047 1166 3083 ve-

182 3103 258 3154 nit
305 3104 449 3155 novis
507 3103 772 3156 redimitus
830 3106 1050 3166 exuviis,
1119 3113 1168 3157 et

181 3175 342 3243 spolio
382 3193 447 3229 ex
476 3185 637 3230 morte
670 3178 919 3247 quaesito,
957 3199 983 3227 n
1014 3210 1087 3218 —
1112 3179 1163 3231 S.

182 3246 512 3320 Hieronymus
552 3249 629 3322 (6)
670 3252 822 3306 dicit:
870 3273 898 3302 «
927 3252 1168 3307 Interiora

230 3364 283 3409 (1)
305 3366 381 3401 Lib.
410 3367 444 3409 6,
467 3368 597 3402 Strom.
610 3377 687 3411 cap.
714 3368 747 3404 6.

230 3410 282 3453 (2)
306 3411 381 3444 Lib.
395 3413 438 3445 de
459 3413 579 3447 anima
598 3422 672 3456 cap.
686 3411 742 3447 55.

249 3454 283 3495 3)
307 3456 450 3490 catech.
474 3456 529 3498 14,
555 3466 656 3490 num.
683 3456 734 3490 17.

248 3499 283 3541 tt)
310 3499 352 3533 tn
371 3499 501 3536 psalm.
525 3500 581 3544 48,
606 3509 708 3536 num.
733 3499 766 3536 0.

2013 111 2121 165 555

1205 284 1268 336 ad
1306 299 1457 354 quem
1495 282 1958 337 Dominusnoster
1989 284 2192 337 descen·

1207 359 1298 421 dit,
1341 365 1397 411 ut
1435 363 1732 410 sanctorum
1770 358 1996 420 animaS,
2064 375 2196 428 quae

1206 433 1273 485 ibi
1313 432 1621 495 tenebantur·
1684 430 1951 492 inclusae,
2019 447 2196 485 secum

1207 506 1270 558 ad
1311 505 1478 559 coelos
1517 505 1681 558 victor
1720 505 2016 558 abduceret.
2050 525 2077 555 n
2130 535 2196 546 —

1208 579 1259 632 8.
1293 579 1598 649 Any-ustinus
1612 577 1686 649 (7)
1714 578 1777 630 ad
1800 578 1960 631 Evod.
1987 581 2194 632 scribit:

1214 674 1239 703 «
1299 654 1572 706 Dominum
1637 667 1794 705 carne
1834 652 2198 707 mortificatum

1214 729 1411 780 venisse
1450 730 1501 779 in
1556 727 1832 794 infernum,
1897 728 2020 779 satis
2085 743 2201 780 con·

1213 809 1330 854 stat.
1387 801 1508 864 Quis
1547 817 1669 871 ergo
1710 802 1804 853 nisi
1845 800 2066 853 infidelis
2120 817 2203 854 ne·

1213 878 1430 942 gavera,
1475 876 1630 928 fuisse
1670 874 1805 944 apud
1846 873 2036 927 inferos
2060 874 2202 928 Chri-

1214 958 1347 1006 stum
1359 991 1467 1003 .....
1530 949 1870 1014 Quamobrem
1936 957 2203 1004 teneamus

1217 1025 1523 1093 firmissime‚
1562 1025 1695 1094 quod
1736 1024 1863 1076 fides
1904 1023 2057 1077 babet
2097 1025 2204 1077 fun-

1217 1101 1475 1152 datissima
1516 1100 1820 1152 auctoritate
1861 1098 2084 1151 firmata.
2148 1098 2204 1151 ln

1217 1175 1400 1243 quibus
1440 1181 1491 1226 et
1530 1174 1625 1226 hoc
1666 1181 1763 1236 est,
1807 1173 1941 1243 quod
1969 1173 2105 1241 apud
2132 1173 2208 1225 in-

1219 1251 1349 1300 feros
1388 1249 1500 1310 fuit,
1551 1248 1732 1301 solutis
1789 1263 1966 1301 eorum
2025 1247 2207 1300 dolori-

1220 1325 1332 1385 buS‚
1376 1324 1560 1391 quibus
1600 1339 1716 1374 oum
1758 1330 1868 1375 erat
1894 1321 2207 1386 impossibile

1221 1398 1401 1458 teneri,
1445 1414 1476 1449 a
1515 1398 1699 1466 quibus
1737 1398 1892 1450 etiam
1940 1402 2077 1449 recte
2134 1396 2209 1448 in-

1220 1472 1467 1538 telligitur
1507 1472 1738 1533 solvisse,
1807 1479 1859 1525 et
1924 1471 2202 1534 liberasse,

1219 1563 1345 1615 quos
1387 1546 1568 1606 voluit,
1611 1554 1711 1598 etc.
1760 1566 1786 1595 υ

1294 1621 1344 1672 5.
1380 1620 1592 1673 Ecclesia
1620 1620 1772 1672 fidem
1806 1636 1952 1673 suam
1982 1619 2044 1671 de
2071 1618 2211 1672 Chri·

1220 1696 1279 1746 sti
1323 1696 1570 1746 descensu
1611 1694 1674 1747 ad
1718 1696 1904 1747 inferos
1944 1694 2211 1763 profitetur

1221 1771 1267 1820 in
1311 1769 1543 1838 symbolo
1582 1767 1869 1836 ApostolicO,
1898 1769 1948 1820 in
1989 1783 2090 1837 quo
2135 1783 2213 1820 ar-

1221 1844 1407 1895 ticulus
1455 1843 1569 1894 fidei
1634 1844 1917 1896 credendus
1982 1844 2214 1912 proponi·

1224 1926 1337 1969 tur:
1382 1918 1618 1969 descendit
1659 1919 1720 1969 ad
1773 1919 1974 1985 inferos.
2045 1916 2213 1969 Etiam

1224 1995 1271 2044 in
1338 1993 1571 2061 symbolo
1633 1990 1975 2043 Athanasiano
2028 1990 2215 2042 dicitur

1223 2068 1283 2119 de
1343 2068 1580 2118 Christo:
1643 2067 1941 2135 altipassus
2011 2074 2081 2117 est
2121 2081 2215 2133 pro

1222 2142 1375 2193 salute
1426 2150 1619 2199 nostra,
1651 2141 1892 2192 descendit
1923 2140 1985 2192 ad
2006 2140 2208 2206 inferos

1223 2217 1277 2268 ln
1322 2215 1545 2267 Concilio
1571 2215 1795 2266 Toletano
1822 2214 1910 2281 IV,
1932 2212 2215 2279 anno655,

1224 2307 1336 2343 can.
1372 2291 1423 2348 4,
1455 2289 1572 2340 fidei
1614 2290 1857 2356 professio
1894 2288 2212 2356 proponitur,

1225 2367 1273 2416 in
1316 2379 1414 2433 qua
1454 2364 1503 2414 id
1561 2379 1760 2431 quoque
1818 2365 2110 2415 continetur
2167 2367 2219 2413 et

1225 2437 1514 2507 specialiter
1579 2437 1910 2503 explicatur:
1966 2436 2219 2488 Descendit

1225 2515 1287 2564 ad
1328 2512 1528 2579 infero&
1572 2519 1626 2562 ut
1665 2509 1892 2570 Sancto&
1937 2511 2023 2579 qui
2064 2510 2132 2563 ibi
2159 2518 2219 2561 te·

1227 2587 1484 2651 nebantitr,
1524 2594 1731 2637 eru-eret.
1778 2584 1839 2637 Et
1878 2582 2071 2637 Concil.
2128 2583 2220 2636 La-

1228 2671 1477 2714 teranense
1521 2659 1594 2710 IV
1641 2658 1716 2729 (8)
1759 2660 1909 2711 dicit:
1970 2658 2220 2710 Descendit

1226 2737 1288 2788 ad
1327 2736 1527 2802 infero&
1571 2734 1848 2786 resurrexit
1889 2748 1921 2785 a
1981 2734 2211 2794 mortuis,

1227 2819 1270 2862 et
1308 2809 1517 2861 ascendit
1557 2809 1610 2859 in
1648 2808 1848 2860 coelum.
1891 2806 1984 2859 Sed
2033 2807 2219 2859 descen-

1228 2886 1297 2937 dit
1337 2885 1390 2935 in
1430 2884 1621 2942 anima,
1664 2882 1939 2934 resurrexit
1978 2881 2217 2943 incarne,

1229 2958 1531 3025 ascenditque
1563 2958 1755 3025 pariter
1792 2957 1846 3008 in
1885 2963 2112 3023 atroque.
2165 2997 2167 2999 .

1302 3030 1451 3084 Nota.
1479 3030 1761 3082 Calviniani
1785 3030 2071 3082 doctrinam
2110 3045 2220 3097 pro-

1234 3108 1447 3175 positam
1488 3105 1642 3156 variis
1683 3105 1843 3160 modis
1895 3105 2218 3172 impugnant,

1231 3181 1320 3232 sed
1360 3194 1538 3231 eorum
1583 3179 1894 3234 obiectiones
1949 3176 2098 3231 facile
2144 3191 2222 3229 re-

1234 3254 1498 3306 felluntur.

1280 3413 1330 3456 (5)
1354 3412 1430 3447 Lib.
1458 3411 1491 3448 4.
1516 3413 1562 3447 de
1586 3412 1672 3448 Fide
1698 3421 1776 3456 cap.
1807 3411 1840 3447 1.
1900 3432 1904 3438 -

1281 3458 1328 3500 (ὃ)
1356 3459 1553 3491 comment.
1571 3458 1605 3491 in
1632 3458 1692 3499 Ep.
1718 3458 1762 3491 ad
1787 3452 1962 3500 Epami.

1282 3500 1330 3547 (Ἰ)
1356 3502 1466 3546 Epist.
1493 3500 1569 3545 164,
1594 3510 1631 3536 n.
1657 3501 1689 3536 ὅ.
1827 3500 1878 3544 {8}
1901 3499 1975 3541 Cap
2012 3496 2046 3540 1,
2069 3496 2115 3532 de
2138 3494 2222 3530 fido.
