2332 3860
303 149 328 199 i
341 146 367 200 h
377 147 410 201 6

225 242 622 316 comprehendi,

222 394 527 447 infirmitati
573 398 778 444 nostrae
835 388 1090 442 succurrit
1139 386 1211 440 di-

222 469 345 521 vina
383 466 643 520 Revelatio
670 506 682 527 ‚
740 471 1072 532 mentemque
1122 477 1212 514 no-

219 547 379 595 stram
408 541 562 594 altius
589 538 811 598 extollit,
842 553 994 607 quam
1025 551 1114 604 per
1140 536 1213 588 vi-

220 631 303 669 res
329 631 449 668 suas
487 612 750 666 naturales
778 613 1070 680 pertingere
1098 626 1211 678 pos·

155 682 158 695 ²
219 696 318 742 set.
361 688 626 741 Revelatio
654 688 790 738 enim
831 686 998 747 docet,
1029 686 1080 735 in
1110 700 1210 735 una

217 761 310 815 Dei
329 763 549 815 essentia
567 769 671 813 tres
692 775 803 812 esse
825 759 1025 811 divinas
1040 774 1210 826 perso-

219 852 312 889 nas
339 837 625 899 distinctas;
651 842 702 886 et
729 835 803 885 sic
824 839 1208 886 sacrosanctum

216 909 477 963 Trinitatis
506 909 811 979 mysterium
830 908 974 959 nobis
1001 907 1211 959 creden-

217 984 342 1036 dum
380 986 634 1053 proponit.
690 982 991 1050 Priusquam
1033 987 1207 1033 autem

215 1058 368 1111 huius
397 1058 623 1127 mysterii
653 1057 845 1109 veritas
872 1056 1002 1107 duce
1040 1054 1206 1107 Reve-

214 1131 406 1185 latione
446 1132 690 1200 probatur
716 1172 727 1191 ,
770 1129 923 1182 valde
963 1129 1203 1196 expedit,

216 1213 273 1258 ut
301 1207 561 1259 doctrinae
588 1201 849 1257 revelatae
877 1204 939 1254 de
961 1203 1207 1254 Trinitate

216 1278 368 1333 brevis
406 1280 645 1349 expositio
687 1278 1082 1348 praemittatur,
1135 1276 1208 1328 lii-

214 1356 375 1407 storia
415 1355 668 1407 referatur
687 1393 700 1415 ‚
732 1359 783 1406 et
815 1358 1111 1405 momentum
1150 1366 1205 1402 o-

215 1428 504 1481 stendatur.

623 1549 661 1608 §-
695 1548 795 1595 sa.

205 1638 406 1683 ¹Doctrinae
421 1637 602 1674 revelatae
617 1638 662 1672 de
681 1637 863 1672 Trinitate
877 1635 1000 1671 brevis
1011 1633 1201 1677 expositio.

285 1724 337 1776 t.
380 1721 772 1775 Sacrosanctum
800 1719 1060 1772 Trinitatis
1093 1733 1207 1786 my-

215 1797 429 1850 sterium
445 1796 786 1864 propositione
799 1793 1032 1861 sequenti
1047 1808 1206 1844 enun-

206 1872 390 1930 jtiatur:
429 1869 544 1920 Tres
583 1876 696 1920 sant
735 1869 788 1919 in
815 1883 914 1919 una
935 1867 1106 1918 divina
1132 1881 1202 1917 es-

212 1945 371 1996 sentia
398 1959 634 2012 personae
671 1941 871 1994 realiter
909 1941 1204 1999 distinctae,-

214 2024 305 2069 aut
333 2018 432 2068 alia
448 2015 830 2085 aequivalente:
850 2015 980 2066 Deus
1007 2030 1135 2067 unus
1153 2015 1205 2064 in

211 2092 435 2148 essentia,
466 2098 532 2152 est
574 2090 738 2141 trinus
777 2090 829 2140 in
849 2090 1093 2158 personis,
1138 2086 1206 2139 Ut

210 2163 364 2216 huius
423 2164 780 2231 propositionis
831 2178 1014 2214 sensus
1066 2168 1205 2213 recte

210 2238 564 2306 concipiatur,
609 2239 846 2304 cognosci
896 2237 1047 2288 debet
1085 2236 1203 2303 quid

209 2315 304 2379 per
342 2312 616 2373 essentiam,
661 2318 711 2363 et
753 2310 874 2379 quid
915 2326 1003 2379 per
1034 2325 1200 2378 perso-

212 2400 328 2437 nam
379 2385 719 2451 intelligatur.
785 2384 880 2436 Per
929 2384 1204 2436 essentiam

211 2458 518 2525 intelligitur
567 2458 615 2509 id
643 2500 655 2520 ‚
700 2457 833 2527 quod
893 2460 1055 2525 ipsam
1097 2473 1204 2509 rem

213 2533 504 2593 constituit,
548 2538 599 2584 et
637 2533 687 2584 in
730 2547 829 2600 quo
870 2532 1206 2599 proprietates

214 2608 284 2658 rei
314 2607 616 2658 subsistunt.
649 2606 870 2657 Persona
894 2621 1017 2657 vero
1038 2622 1066 2657 a
1095 2604 1205 2656 Plii-

210 2677 437 2746 [osophis
465 2679 708 2731 definitur
730 2686 914 2730 natura
943 2678 1208 2730 rationalis

209 2750 266 2806 in
309 2753 570 2804 individuo
609 2753 913 2805 subsistens,
943 2752 1043 2804 Sed
1085 2752 1207 2803 defi·

221 2826 363 2885 nitio,
387 2842 516 2894 quae
540 2842 786 2894 personae
814 2826 1069 2878 humanae
1093 2841 1209 2876 con-

219 2900 360 2950 venit
386 2939 397 2958 ‚
467 2902 696 2967 personis
736 2901 923 2954 divinis
962 2898 1206 2967 applicati

218 2987 319 3023 non
349 2978 530 3038 potest.
562 2973 688 3026 Nam
726 2975 766 3026 si
796 2975 1073 3033 diceretur,
1104 2980 1209 3025 tres

211 3045 331 3099 ,dari
372 3052 581 3098 naturas
622 3048 896 3100 rationales
935 3048 987 3099 in
1026 3047 1208 3098 indivi-

209 3116 335 3171 ‚duis
361 3119 716 3181 subsistenteS,
747 3129 853 3174 tres
880 3122 1211 3173 admitteren-

223 3197 310 3243 tur
337 3190 434 3243 Dii.
479 3192 636 3246 Recte
676 3195 863 3248 idcireo
901 3193 958 3250 S.
1007 3195 1211 3247 Thomas

222 3262 300 3335 (t)
341 3265 599 3328 observat,
642 3270 808 3336 quod,
852 3285 969 3322 cum
1011 3269 1210 3322 infinita

221 3338 289 3390 sit
327 3337 570 3391 distantia
609 3340 745 3394 inter
783 3343 946 3396 Deum
987 3351 1039 3396 et
1065 3359 1211 3396 crea·
1272 3342 1443 3395 cunda
1485 3359 1704 3412 persona
1745 3341 1976 3413 procedit
2024 3357 2056 3394 a
2100 3330 2238 3419 prin
2285 3388 2290 3418 3

266 3463 318 3509 (1)
341 3465 370 3508 1,
394 3473 428 3509 q.
453 3463 509 3509 29,
533 3471 599 3502 art.
626 3465 657 3502 ί.

266 3488 374 3552 (221,
395 3518 430 3554 q.
457 3510 512 3553 w,
537 3518 603 3546 art
629 3510 741 3552 ⁰..ad
775 3511 807 3549 1.

910 161 975 198 nr:
1011 162 1104 198 niso
1142 160 1194 196 nv
1230 144 1290 198 se
1320 127 1582 215 ‘senc-raro.

665 241 995 296 determinari
1035 248 1086 293 et
1124 257 1214 293 ex·
1277 247 1440 303 taras,
1462 259 1490 290 «
1520 238 1645 292 nihil
1689 237 1909 292 univoce
1945 236 2008 290 de
2034 218 2156 290 Deo
2168 206 2332 296 'iffi

223 320 403 389 plicari
430 330 533 372 non
547 323 747 386 potest.
790 315 891 369 Sed
929 316 980 367 in
1021 314 1119 366 hac
1157 330 1215 367 re
1254 315 1465 383 possit,
1491 313 1626 366 etde
1646 315 1919 367 creaturis.
1948 331 1975 362 »
2002 309 2123 364 hinc
2150 307 2273 365 cori-

1274 388 1456 448 eludit,
1487 387 1622 456 quod
1653 403 1870 456 persona
1911 385 2084 438 divina
2113 377 2276 452 signia
2326 411 2332 427 ·

1275 462 1394 514 ficat
1437 460 1740 514 relationem
1783 468 1839 514 ut
1874 457 2287 513 ειιὶ)3ἰ3ῐθῐιῑεῐῑι.Ι

1274 535 1337 587 Et
1363 534 1482 587 alibi
1526 533 1603 606 (9)
1643 536 1735 586 ait:
1785 553 1808 584 «
1822 532 2110 586 ‘Personae
2149 539 2271 586 sunt

1273 609 1412 677 ipsae
1440 608 1717 661 relationes
1738 607 2142 660 subsistentes.»
2173 605 2271 660 No-

1275 683 1486 735 tandum
1515 684 1667 734 etiam
1710 688 1807 742 est,
1845 681 1980 750 quod
2009 682 2139 734 istae
2177 679 2332 751 xro-52³

1272 772 1358 809 ces
1398 758 1602 809 essentia
1629 798 1641 817 ,
1697 763 1880 808 natura
1905 796 1918 818 ,
1972 750 2332 822 substantia,

1271 833 1506 899 quamvis
1546 830 1889 900 etymologice
1937 834 1990 882 et
2041 829 2268 898 philoso-
2294 853 2332 883 ἱ;

1274 905 1419 972 phice
1455 904 1712 965 differant,
1757 912 1929 958 tamen
1971 903 2118 956 iuxta
2150 915 2332 973 sen-¹4„

1271 995 1384 1031 sum
1425 980 1489 1031 ab
1530 979 1759 1031 Ecclesia
1799 983 2064 1046 receptum
2112 992 2267 1045 synoa
2327 1000 2332 1047 j

1274 1053 1441 1105 nimae
1481 1054 1620 1115 sint,
1664 1060 1716 1105 et
1766 1052 1899 1104 idem
1949 1050 2262 1119 significent.

1271 1126 1388 1179 ldeo
1428 1125 1577 1179 Cone.
1622 1127 1855 1179 Lateran.
1900 1125 2003 1187 IV,
2046 1140 2162 1194 cap.
2206 1125 2261 1186 2,

1270 1202 1359 1253 ait:
1393 1200 1635 1264 Quaelibet
1665 1202 1818 1253 triam
1843 1214 2171 1269 personarum
2197 1204 2267 1250 est
2292 1201 2302 1234 s

1271 1274 1355 1326 itia
1393 1291 1490 1337 reS,
1535 1275 1748 1329 videlieet
1774 1274 2062 1331 substantia,
2107 1288 2264 1325 essen·
2326 1271 2332 1273 ’

1270 1349 1358 1407 tia,
1401 1349 1496 1402 sive
1534 1356 1718 1401 natura
1745 1349 1928 1403 divina.
1970 1347 2046 1400 Ita
2075 1347 2267 1415 pariter

1268 1422 1332 1475 ab
1358 1421 1588 1476 Ecclesia
1628 1424 1680 1475 in
1711 1423 1857 1476 Cone.
1901 1420 2107 1474 CPtano
2133 1421 2165 1474 Ι
2185 1418 2286 1492 (5)
2320 1460 2322 1463 ,

1268 1498 1524 1549 sancitum
1565 1504 1663 1559 est,
1707 1503 1765 1549 ut
1803 1512 1991 1549 voces:
2033 1510 2262 1564 persona,
2302 1524 2332 1538 ν»

1269 1570 1535 1638 hypostasis
1563 1579 1614 1623 et
1652 1570 1994 1631 subsistentia,
2039 1569 2160 1622 dum
2201 1568 2266 1637 de

1267 1643 1513 1697 Tiinitate
1564 1645 1766 1712 agitur,
1810 1644 2114 1714 synonimae
2161 1643 2270 1696 sint·
2327 1644 2332 1645 ⁷

1268 1725 1318 1770 et
1346 1719 1483 1770 idem
1510 1718 1822 1786 sionificent.
2319 1714 2321 1717 ’

1342 1793 1394 1843 2.
1439 1792 1590 1844 quta
1631 1793 1916 1844 doctrinam
1957 1782 2238 1844 re'velatam
2246 1801 2332 1861 ,J-

1268 1882 1397 1934 quae
1425 1866 1476 1917 in
1504 1866 1747 1934 Symbolo
1778 1866 2130 1919 Athanasiano
2156 1864 2282 1917 cla-.-

1269 1941 1468 1992 rissime
1509 1941 1824 2008 exponitur,
1879 1946 1986 1992 tres
2036 1945 2157 1993 sunt
2206 1928 2292 1990 in?

1268 2030 1368 2066 una
1404 2014 1577 2079 divina
1605 2015 1827 2066 essentia
1860 2029 2128 2081 personae,
2159 2012 2282 2076 Ρα-ι

1268 2097 1359 2148 ter,
1403 2088 1565 2139 Filias
1605 2096 1648 2140 et
1685 2088 1902 2157 Spiritus
1939 2088 2168 2147 Sanetus,·
2209 2086 2298 2140 et?

1269 2164 1394 2214 istae
1423 2178 1669 2230 personae
1698 2162 1906 2214 realiter
1933 2163 2067 2214 inter
2106 2176 2160 2212 se
2188 2160 2286 2224 dis
2316 2205 2318 2207 ,

1268 2237 1602 2304 stinguuntur
1642 2237 1732 2297 ita,
1765 2243 1820 2288 ut
1848 2242 1985 2288 recte
2013 2235 2112 2288 dici
2149 2250 2264 2302 pos·
2299 2283 2304 2291 .

1267 2312 1333 2362 sit
1360 2318 1411 2362 et
1445 2310 1647 2362 debeat:
1691 2310 1791 2362 atta
1830 2318 1897 2362 est
1931 2323 2141 2379 persona
2165 2305 2264 2360 Pa·
2281 2299 2289 2378 '-

1270 2386 1382 2443 tris,
1425 2384 1526 2435 alia
1553 2384 1697 2443 Filii,
1740 2383 1841 2436 alia
1878 2383 2095 2452 Spiritus
2131 2381 2276 2434 San-·

1267 2459 1348 2510 cti.
1395 2458 1650 2510 Personae
1690 2470 1864 2511 autem
1911 2458 2118 2509 divinae
2158 2455 2289 2508 noni.

1268 2533 1433 2599 quoad
1474 2533 1750 2584 essentiam
1790 2531 1901 2592 sed,
1938 2537 1997 2581 ut
2036 2527 2287 2613 loquiturg

1270 2604 1602 2657 Cateekismits
1640 2620 1766 2657 roni.
1812 2603 1907 2674 (li),
1944 2622 1983 2656 «.
2002 2604 2109 2655 suis
2149 2607 2286 2669 tan-1·

1270 2679 1533 2731 tummodo
1563 2679 1960 2747 proprietatibus
1988 2677 2316 2760 distinctacg

1270 2753 1702 2819 intelliguntur.»
1733 2752 1862 2805 Nam
1903 2752 2107 2804 Patera
2129 2749 2318 2845 numi?

1269 2834 1335 2877 est
1361 2827 1537 2894 factus,
1580 2843 1664 2879 nee
1702 2834 1913 2887 ereatttS,
1939 2841 2024 2877 nec
2050 2823 2332 2910 penitusqss

1269 2900 1429 2952 Fttius
1455 2918 1486 2953 a
1515 2901 1657 2953 Patre
1692 2900 1789 2952 solo
1827 2907 1915 2961 est,
1958 2915 2056 2951 non
2083 2899 2267 2966 factas
2316 2914 2319 2915 ⁷

2228 2950 2300 2982 lv!

1269 2990 1352 3026 nee
1393 2983 1621 3034 creatus,
1664 2975 1745 3026 sed
1783 2973 1991 3042 penitus.
2043 2969 2244 3052 ι’ὁᾮῡὶντίιΙ
2265 2976 2331 3049 ἲς

1270 3129 1392 3182 ctus,
1435 3138 1520 3174 nee
1558 3130 1766 3182 creatus,
1811 3137 1896 3173 nec
1933 3118 2146 3189 qenitus,
2216 3100 2329 3187 ’“ ’

1266 3195 1544 3278 procedens.
1571 3195 1716 3248 Duae
1737 3212 1859 3264 ergo
1887 3195 2076 3247 dantur
2103 3192 2155 3244 in
2183 3189 2227 3260 D
2245 3190 2255 3216 ⁵
2283 3187 2293 3243 ,ἴ

1273 3269 1489 3321 vinitate
1554 3272 1934 3338 processioneS,
2001 3266 2167 3338 quia
2185 3274 2248 3318 sa}
2279 3269 2326 3323 ¹

1334 3469 1373 3550 a
1397 3470 1570 3551 333
1571 3472 1652 3551 a
1664 3472 1769 3552 aa
1791 3470 1832 3509 ⁹

1479 3537 1491 3558 5
