2332 3860
103 189 106 194 ’
123 196 228 285 ‚ip
264 209 472 264 suarum
509 194 812 268 facultatum
865 213 1012 251 exer-

14 238 187 347 ηοίιὶρ
195 269 293 341 :ab
344 270 698 330 instrumentis
761 273 1016 342 corporeis

15 325 334 430 ωςρὲιιᾶᾲιιι,
375 342 738 398 Materialistae
777 353 1015 401 naturam

15 419 236 485 mimae
271 432 566 486 corpoream
595 434 707 471 esse
733 435 799 474 se
807 419 1015 473 demon-

13 498 198 563 ›tstrare
224 506 369 561 posse
390 492 673 552 confidunt,
703 509 821 548 cum
849 495 1015 563 potius

14 568 88 627 uin
121 566 229 636 ipsa
258 563 486 619 hominis
525 570 904 620 constructione
931 584 1011 620 sa·

18 639 276 711 'pientiam
315 646 366 692 et
413 642 832 709 omnipotentiam
885 641 1013 693 divi-

17 729 150 772 mam
185 712 428 766 admirari
467 714 730 769 deberent.
782 715 1013 783 Proposi-

13 795 140 843 ttum
176 787 381 843 axioma
420 789 779 842 universaliter
831 805 1010 841 verum

14 877 130 922 mon
169 869 264 915 est.
333 862 575 926 Quamvis
643 864 779 915 enim
842 864 1010 921 anima

12 936 227 992 (obiecta
305 952 547 1006 corporea
625 945 675 989 et
750 938 1009 990 sensibilia

12 1020 120 1085 uter
179 1026 361 1064 sensus
425 1028 692 1080 corporeos
739 1012 1004 1080 percipiat,

11 1084 190 1149 tmulta
228 1091 402 1138 tamen
442 1094 584 1149 sunt,
613 1102 743 1155 quae
770 1086 1010 1154 indepen-

11 1159 208 1214 ‹denter
245 1176 274 1211 a
305 1160 538 1213 sensibus
575 1161 803 1213 externis
828 1177 1010 1229 cogno-

10 1240 259 1296 iscuntur3
284 1234 356 1286 sic
377 1250 424 1286 e.
454 1250 507 1302 g.
529 1251 777 1303 cognosco
805 1250 1003 1298 verum,

11 1315 315 1371 taeternum,
357 1308 611 1361 infinitum
650 1316 775 1371 etc.,
837 1310 1009 1362 distin·

8 1397 126 1452 iguo
165 1383 299 1435 inter
336 1382 525 1435 bonum
565 1389 616 1435 et
655 1383 849 1436 malum
900 1401 1006 1437 mo·

11 1457 156 1518 1rale,
199 1458 302 1509 seio
342 1473 423 1510 me
462 1458 707 1526 cogitare,
740 1474 820 1510 me
850 1459 1001 1521 velle,

10 1546 108 1585 ime
146 1547 341 1592 amare,
383 1547 465 1583 me
504 1532 667 1584 odisse
707 1539 831 1598 etc.;
875 1549 1005 1601 quae

6 1606 193 1657 ·omnia
231 1604 528 1657 nullatenus
568 1622 655 1674 per
694 1622 874 1658 sensus
901 1624 1007 1659 cor·

5 1693 199 1747 lporeos
238 1681 472 1745 cognosci
514 1687 743 1747 possunt.
774 1681 1004 1750 Denique

3 1752 234 1805 lfacultas
256 1752 900 1820 intelligendisecernenda
928 1763 1004 1808 est

0 1826 82 1879 nab
122 1827 408 1880 actualibus
448 1828 841 1894 cognitionibus,
873 1845 1002 1897 quae

3 1900 96 1954 *vel
140 1917 228 1969 per
267 1902 572 1970 empyriam,
608 1902 687 1954 vel
718 1918 806 1970 per
832 1911 1003 1956 aucto·

0 1974 219 2028 ·ritatem
245 2015 259 2037 ‚
319 1976 401 2027 vel
462 1992 551 2044 per
603 1977 874 2038 rationem,
918 1980 998 2030 cui

0 2045 152 2105 lDeus
172 2065 372 2102 summa
392 2048 593 2104 Veritas
623 2050 781 2110 lucet,
805 2054 998 2120 acquiri

0 2119 222 2176 debent.
267 2123 384 2176 Ideo
412 2124 651 2187 infanteS‚
677 2142 894 2193 quorum
921 2143 999 2179 or-

11 2211 147 2266 gana
186 2213 428 2250 sensuum
458 2199 625 2250 adhuc
646 2199 867 2267 perfecta
897 2218 996 2254 non

13 2278 154 2330 sunt,
172 2273 999 2341 cognitionibusintellectualibus

15 2353 212 2405 carent,
257 2353 309 2399 et
350 2346 486 2398 Deus
512 2349 656 2399 iuxta
686 2346 851 2415 legem
879 2365 997 2402 con·

12 2419 266 2474 tinuitatis
294 2421 605 2488 pedetentim
621 2421 783 2473 solum
804 2422 997 2476 lumina

13 2493 243 2559 veritatis
282 2496 506 2563 ipsorum
547 2496 731 2547 animis
757 2496 991 2550 affundit.

12 2565 228 2629 Tantum
268 2577 443 2621 autem
480 2569 626 2622 abest
665 2570 777 2622 ideo
834 2572 995 2624 infan-

13 2641 147 2696 tibus
196 2642 422 2696 animam
484 2643 738 2710 denegare
804 2661 991 2713 posse,

14 2723 266 2784 quantum
306 2733 406 2770 non
446 2718 565 2771 licet
603 2718 794 2771 homini
821 2721 995 2774 oculos

12 2789 285 2859 denegare,
329 2792 445 2859 quia
495 2792 547 2843 in
600 2793 824 2847 tenebris
879 2810 995 2848 con-

10 2864 220 2925 stitutus
259 2864 386 2918 nihil
427 2865 585 2918 videt.

7 2976 33 3056 ζ
405 2986 444 3045 ς
480 2986 607 3035 ιω.

195 3077 247 3113 De
269 3076 411 3113 animae
433 3077 614 3113 humanae
637 3076 814 3112 libertate.

79 3157 272 3223 Natura
298 3160 595 3229 spiritualis,
625 3161 757 3214 sicut
779 3161 991 3229 neqative

12 3247 215 3287 omnem
277 3236 577 3295 materiam,
620 3251 713 3288 seu
760 3235 989 3303 partium

12 3308 421 3376 compositionem
461 3309 710 3371 excludit.
761 3315 812 3362 et
870 3311 989 3361 sim-

10 3379 291 3465 plicitatem
352 3384 597 3453 requirit,
666 3384 736 3436 ita
788 3383 989 3450 positive

9 3460 250 3526 importat
304 3455 619 3528 intelligendi
685 3453 988 3528 volendique

567 158 570 171 .
636 114 754 157 PARS
789 115 846 154 11.
886 115 1050 155 sueno
1086 117 1124 155 1.
1168 116 1319 157 meum·
1355 116 1424 155 IV·

1873 101 1991 159 305

1081 198 1393 257 facultatem,
1435 211 1545 269 seu
1563 195 1918 251 intellectum
1941 197 2064 273 libe!

1078 288 1288 357 remque
1326 270 1667 341 voluntatem.
1711 268 1839 342 Quia
1901 281 2087 339 erg0,'

1078 347 1151 400 uti
1216 362 1322 400 ex
1336 336 1591 422 probatis
1605 349 1848 407 ·constat,
1890 345 2062 399 anima

1078 420 1301 474 humana
1336 426 1579 480 naturae.
1621 413 1898 489 spiritualis
1961 426 2060 482 est,

1078 502 1215 549 recte
1253 492 1494 554 infertur,
1539 507 1654 546 eam
1693 486 1980 560 intellectu,
2011 500 2062 545 et

1077 567 1236 622 libera
1277 567 1541 621 voluntate
1581 562 1865 635 praeditam
1925 564 2058 619 esse

1075 641 1262 694 Omnes
1293 657 1490 710 quoque
1510 638 1800 693 concedunt
1836 638 2059 691 animam

1074 715 1352 768 humanam
1391 713 1694 769 rationalem
1747 729 1901 776 esse,
1970 730 2060 766 seu

1074 789 1317 842 facultate
1380 787 1698 856 intelligendi
1762 794 1817 840 et
1874 802 2061 859 cogno-

1073 864 1244 916 scendi
1287 862 1509 933 pollere3
1541 862 1690 917 multi
1714 867 1887 916 autem
1914 868 2055 923 sunt,

1073 940 1157 1006 qui
1198 938 1408 989 liberam
1454 936 1674 989 hominis
1740 935 2059 992 voluntatem

1072 1012 1383 1065 inficiantur.
1448 1010 1522 1064 De
1579 1010 1676 1064 hac
1738 1025 1873 1079 ergo⁴
1901 1009 2060 1062 fusior

1073 1087 1306 1139 tractatio
1346 1093 1423 1138 est
1460 1083 1817 1153 suscipienda3
1859 1099 1921 1135 ac
1970 1084 2060 1136 im-

1073 1162 1246 1228 primis
1285 1161 1447 1228 ipsam
1487 1159 1735 1212 libertatis
1801 1158 2060 1210 notionem

1071 1235 1309 1287 evolvere
1347 1240 1564 1303 oportet.
1606 1262 1680 1273 -
1711 1229 1947 1286 'Libertas
1971 1248 2067 1306 nef

1068 1310 1223 1377 yative
1262 1325 1362 1362 non
1402 1308 1568 1360 solum
1607 1307 1849 1376 importat
1872 1306 2057 1371 immu—

1072 1385 1281 1436 nitatem
1321 1400 1351 1436 a
1390 1383 1651 1435 coactione
1691 1379 2058 1442 externa‚*sed

1069 1459 1222 1510 etiam
1263 1458 1638 1512 immunitatem
1665 1472 1696 1508 a
1722 1454 1941 1524 simplici
1969 1471 2067 1529 ne·-

1069 1533 1325 1594 cessitate,
1370 1548 1461 1584 seu
1488 1532 1552 1584 ab
1580 1532 1782 1583 interno
1809 1529 2055 1598 principio

1068 1608 1429 1668 necessitante,
1485 1612 1536 1658 et
1583 1605 1709 1657 baec
1754 1604 2054 1660 immunitas

1069 1682 1267 1750 proprie
1307 1681 1510 1734 libertas
1538 1678 1892 1748 indifferentiae
1920 1694 2054 1731 nun-

1067 1762 1319 1822 cupatur,
1382 1771 1511 1823 quae
1570 1753 1783 1822 positive
1822 1753 2056 1808 consistit

1066 1829 1115 1880 in
1149 1829 1392 1881 facultate
1432 1826 1685 1895 eligendi,
1739 1842 1831 1878 seu
1871 1826 1922 1878 in
1982 1826 2053 1878 sa-

1065 1902 1256 1955 cultate
1321 1903 1545 1970 seipsum
1606 1900 1923 1954 rationaliter
1962 1899 2050 1952 de·

1066 1977 1371 2030 terminandi
1413 1977 1476 2029 ad
1515 1983 1719 2029 actum:
1767 1990 1854 2043 per
1919 1974 2054 2027 hanc

1063 2050 1214 2104 homo
1256 2053 1478 2104 maxime
1519 2050 1850 2122 distinguitur
1875 2064 1905 2101 a
1933 2045 2053 2103 bru-

1064 2126 1146 2184 tis,
1190 2142 1320 2194 quae
1360 2142 1450 2195 per
1490 2125 1764 2176 instinctus
1815 2123 2053 2176 determi-

1061 2206 1250 2252 nantur
1288 2200 1352 2252 ad
1393 2206 1562 2261 actuS,
1621 2214 1739 2251 cum
1778 2197 1932 2250 homo
1971 2214 2053 2250 ra-

1062 2276 1252 2326 tionem
1293 2281 1554 2343 tamquam
1594 2272 1777 2328 ducem
1807 2278 1860 2324 et
1886 2273 2048 2324 consi·

1062 2347 1263 2400 liarium
1311 2348 1530 2409 habeat,
1598 2346 1834 2416 quamvis
1898 2345 2050 2398 huius

1060 2421 1335 2474 dictamina
1374 2429 1426 2474 et
1463 2421 1607 2489 sequi
1646 2420 1822 2488 possit,
1865 2426 1917 2472 et
1948 2436 2049 2472 non

1058 2497 1220 2565 sequi.
1266 2496 1507 2549 Animam
1545 2492 1864 2547 humanam
1853 2509 1904 2545 in
1951 2493 2048 2547 hoc

1058 2586 1212 2622 sensu
1252 2587 1374 2623 vere
1415 2563 1628 2622 liberam
1674 2585 1823 2629 esse,
1891 2583 2045 2638 argu-

1057 2646 1243 2696 mentis
1283 2643 1483 2705 biblicae,
1526 2609 1855 2696 ecclesiasticis
1878 2650 1923 2693 et
1935 2641 2046 2711 pln-

1058 2718 1312 2785 Iosophicis
1352 2719 1613 2787 probatur

1131 2794 1182 2845 l.
1227 2792 1282 2844 ln
1320 2791 1397 2846 Ss.
1442 2791 1618 2846 Bibliis
1646 2789 1912 2859 utriusque
1944 2767 2044 2845 foe·

1056 2866 1190 2919 deris
1231 2866 1492 2919 luculenta
1524 2882 1612 2935 pro
1640 2864 1798 2918 libero
1826 2865 2042 2919 hominis

1055 2940 1263 2993 arbitrio
1327 2941 1618 2992 testimonia
1680 2938 2037 2994 inveniuntur.

1053 3012 1181 3065 Gen
1225 3013 1312 3075 lv,
1356 3014 1410 3076 7,
1452 3014 1588 3067 Deus
1626 3013 1701 3066 sic
1737 3010 1860 3069 Cain
1895 3013 2041 3068 allo·

1053 3088 1258 3156 quitur.
1301 3087 1474 3140 Nonne
1511 3090 1554 3140 si
1593 3086 1704 3145 bene
1740 3088 1921 3161 egeris,
1962 3104 2040 3143 re-

1052 3161 1218 3229 cipiez
1260 3162 1341 3214 sin
1379 3169 1540 3215 autem
1571 3160 1719 3221 male,
1769 3163 1934 3216 statim
1983 3179 2037 3214 m

1050 3234 1238 3302 foribus
1274 3242 1523 3301 peccatum
1561 3234 1767 3289 aderit?
1802 3235 1895 3289 Sed
1950 3236 2036 3288 sub

1052 3317 1093 3360 te
1130 3310 1224 3361 erit
1260 3310 1499 3378 appetitus
1538 3309 1662 3384 eiua,
1703 3317 1746 3362 et
1785 3317 1851 3365 tu
1882 3291 2035 3362 domi-

1050 3381 1241 3434 naberis
1278 3380 1452 3436 illius:
1491 3383 1541 3435 in
1582 3377 1713 3452 quae
1771 3383 1926 3435 verba
1976 3382 2028 3434 S.

1048 3454 1379 3525 Ηίθιοηψηιιε
1416 3458 1624 3511 scribit:
1672 3476 1695 3507 «
1754 3454 1826 3508 Tu
1881 3456 2033 3508 domi·
