2332 3860
288 130 401 184 262

213 225 655 283 denominationes
712 230 850 299 apud
906 229 1091 283 Persas
1150 230 1205 283 in

215 311 316 354 usu
354 301 532 366 fuisse,
574 302 872 357 nullatenus
912 311 1083 357 tamen
1125 319 1206 356 se-

214 381 480 445 queretur,
520 377 618 431 sub
654 378 834 430 iisdem
879 377 1062 431 choros
1099 376 1207 431 An-

214 448 448 517 gelorum
488 451 703 519 intelligi
747 468 847 504 non
889 468 1055 520 posse.
1099 451 1204 504 lmo

216 523 284 577 de>
318 523 398 577 his
423 523 641 578 Paulum
668 525 806 595 loqui
833 533 971 594 patet
1001 533 1110 579 tum
1139 541 1201 578 ex

215 604 484 661 contextu,
527 605 638 652 tum
677 616 743 652 ex
771 601 880 652 eius
919 600 1042 665 fine,
1085 616 1204 652 cum

217 671 444 726 divinam
483 672 669 726 Christi
707 674 1007 742 dignitatem
1049 691 1112 726 ex
1147 691 1205 727 eo

216 747 488 800 ostendere
529 748 712 810 voluit,
755 749 889 817 quod
947 765 1102 817 super
1153 766 1205 800 o-

214 836 363 874 mnes
403 821 630 889 Angelos
669 823 909 875 excelsus
947 823 1034 884 sit,
1079 839 1205 891 quos

216 896 372 948 etiam
400 912 579 949 omnes
606 899 820 948 creavit.
855 896 991 948 idem
1023 896 1205 948 confir-

214 976 326 1023 mat
365 970 508 1023 locus
550 970 828 1039 paralellus
879 970 1026 1023 Rom.
1071 970 1205 1037 Vnt,

215 1043 309 1105 58,
352 1045 402 1096 in
443 1061 543 1114 quo
582 1044 772 1114 Αηῃθίἱ,
818 1044 1127 1113 Principatus
1155 1052 1206 1097 et

215 1116 483 1172 Potestates
502 1120 724 1171 invicem
747 1120 1050 1188 iunguntur.
1078 1119 1203 1171 Rem

217 1192 425 1245 conficit
464 1194 691 1255 traditio,
735 1210 800 1245 ex
851 1210 951 1262 qua
991 1194 1206 1245 authen-

215 1267 319 1319 tica
374 1266 671 1336 Scripturae
727 1268 1080 1337 interpretatio
1122 1285 1205 1337 pe·

216 1340 374 1392 tenda
413 1348 511 1400 est.
544 1349 595 1394 et
620 1358 751 1411 quae
779 1343 828 1394 in
866 1343 1034 1394 citatis
1061 1341 1205 1394 Pauli

218 1415 393 1467 verbis
431 1415 699 1468 distinctos
738 1416 1054 1483 Angelorum
1092 1416 1208 1468 cho-

219 1505 303 1541 ros
319 1491 548 1556 agnovit.
570 1489 650 1543 Ss,
671 1490 849 1543 Patres
868 1491 1055 1560 passim
1074 1507 1209 1543 com·

218 1571 508 1616 memorant
571 1565 839 1616 distinctos
892 1565 1207 1632 Angelorum

218 1637 419 1698 chorOS‚
441 1641 695 1707 quamvis,
711 1639 962 1708 quomodo
980 1641 1058 1691 isti
1079 1640 1210 1691 inter

218 1728 273 1764 se
313 1711 572 1773 differant,
617 1730 671 1766 se
702 1715 898 1766 nescire
927 1714 1203 1766 fateantur.

217 1784 272 1838 S.
315 1784 616 1839 Athanasius
666 1789 758 1856 Ep.
803 1788 868 1839 ad
921 1787 1100 1856 Serap.
1158 1804 1210 1839 ο-

220 1875 367 1911 mnes
407 1877 594 1914 novem
651 1859 967 1928 Angelorum
1007 1862 1210 1914 ordines

222 1934 398 1995 refert,
444 1943 496 1987 et
534 1934 677 1988 Orat.
724 1936 756 1987 5
796 1951 843 1987 c.
876 1934 1053 1988 Arian.
1099 1935 1211 1987 illos

222 2009 391 2077 specie
448 2018 500 2062 et
542 2010 670 2059 ου’σῖοι
726 2010 949 2062 invicem
1009 2009 1211 2062 differre

223 2082 392 2135 docet.
423 2082 476 2135 S.
509 2081 876 2154 Chrysostomus
904 2083 1053 2136 Hom.
1100 2085 1131 2135 lt
1161 2085 1209 2135 in

222 2155 353 2210 Gen.
398 2173 582 2210 novem
620 2159 756 2227 ipsos
808 2160 1012 2211 ordines
1052 2158 1213 2210 nomi-

225 2232 386 2283 natim
425 2232 668 2301 appellat.
712 2232 764 2285 S.
804 2232 1108 2301 Aayuscinus
1136 2230 1211 2302 (l)

223 2304 420 2359 scribit:
466 2326 490 2355 «
524 2306 646 2359 Esse
686 2307 845 2359 Sedes
884 2314 935 2360 et
975 2307 1214 2358 Domina-

225 2380 390 2432 tiones
415 2422 426 2443 ‚
471 2381 795 2449 Principatus
835 2388 886 2433 et
932 2381 1214 2433 Potestates

225 2453 409 2514 credo,
453 2462 505 2507 et
544 2455 747 2508 differre
786 2455 974 2524 aliquid
1016 2455 1214 2507 indubi-

229 2535 337 2580 tata
376 2527 477 2581 fide
506 2536 674 2582 teneo,
700 2529 799 2582 Sed
829 2545 1082 2598 quaenam
1124 2530 1215 2580 ista

228 2603 368 2661 sint,
413 2611 465 2656 et
503 2604 621 2672 quid
675 2607 809 2656 inter
848 2619 902 2655 se
942 2604 1212 2663 differant,

228 2677 421 2729 nescio.
459 2676 706 2731 »Ultimo
745 2676 800 2731 S.
837 2676 1101 2746 Greqorius
1134 2678 1211 2730 M.

224 2748 376 2801 Hom.
423 2752 491 2803 512
531 2753 583 2804 in
617 2752 713 2804 Ev.
761 2767 948 2804 novem
976 2767 1087 2803 esse
1115 2752 1217 2802 An-

225 2823 458 2887 gelorum
490 2825 674 2880 choros
696 2826 962 2879 distinctos
991 2825 1220 2878 luculen-

230 2902 315 2948 ter·
348 2899 549 2966 probat.

614 3037 653 3095 ς
694 3037 836 3083 15⁰.

340 3121 392 3157 De
415 3121 625 3158 ministeriis
647 3133 713 3159 seu
735 3125 866 3160 officiis
888 3125 1109 3167 Angelorum

625 3183 819 3219 bonorum.

302 3262 371 3318 Ut
408 3263 524 3317 finis
562 3272 921 3334 cognoscatur,
964 3267 1029 3319 ad
1069 3281 1221 3336 quem

230 3336 417 3407 Angeli
462 3340 623 3391 creati
675 3346 728 3392 et
775 3341 1221 3394 excellentissimis

277 3469 330 3558 (13
352 3470 433 3506 Lib.
458 3470 501 3505 ad
524 3471 628 3507 Oros.
653 3480 720 3508 seu
742 3480 775 3509 c.
799 3472 951 3509 priscill.
978 3482 1012 3508 c.
1038 3471 1091 3508 10.

277 3514 316 3557 (8
352 3515 457 3552 Prov.
485 3515 541 3559 16,
563 3515 598 3550 4.
872 3516 921 3560 (3)
943 3517 1001 3551 Ps.
1027 3515 1082 3559 96,
1103 3514 1135 3551 8.

2130 82 2139 93 .
2220 74 2332 160 ,ἐξ

2288 182 2328 225 ξῖ.

616 148 679 185 nn
714 148 810 186 nno
846 149 900 187 nv
934 133 1202 186 nuni-riona
1239 150 1306 187 ,tn
1338 120 1547 188 munuum
1581 148 1842 189 murno.

1265 230 1469 285 dotibus
1488 232 1901 294 ornatifuerunt,
1924 228 2267 284 considerare-

1265 312 1465 374 oportet
1492 306 1772 359 ministeria
1797 316 1899 359 seu
1917 303 2100 366 officia,
2118 305 2251 373 quac

2296 347 2322 381 31

1265 378 1366 431 illis
1422 395 1536 448 erqo
1592 379 1768 443 Deum,
1816 394 1932 449 erqo
1971 377 2247 439 Christum
2293 422 2314 452 ᾖ.

1265 468 1378 521 erqa
1416 469 1467 506 se
1504 453 1729 517 invicem,
1771 460 1823 507 et
1859 469 1983 521 erm
2030 452 2250 505 homines
2298 458 2325 518 ᾗ,

1266 527 1585 582 incumbunt.
2236 570 2239 572 ,

1340 601 1390 653 1.
1436 601 1564 664 Quia
1603 600 1829 654 universa
1860 606 2059 669 propter
2085 607 2251 651 semet-

1266 676 1426 744 ipsum
1464 682 1689 744 operatus
1737 682 1803 726 est
1855 674 2094 726 Dominus
2148 671 2244 744 (⁶2),

1266 749 1458 818 absque
1509 750 1662 802 dubio
1727 749 1879 801 etiam
1945 746 2128 816 Angeli
2186 746 2251 798 ad
2308 743 2314 756 ”

1267 822 1404 875 hunc
1431 824 1803 876 nobilissimum
1828 822 1985 874 finem
2013 821 2251 873 destinati
2320 863 2324 867 .

1267 905 1405 950 sunt.
1450 897 1753 950 Primarium
1794 912 1918 963 ergo
1955 903 2007 948 et
2054 895 2251 963 praeci·

1270 988 1426 1038 puum
1467 973 1693 1040 ipsorum
1733 968 1955 1023 officium
2012 975 2127 1030 est,
2197 975 2252 1022 ut

1268 1046 1430 1098 Deum
1444 1052 1748 1115 agnoscant,
1765 1045 2006 1104 adorent,v
2019 1043 2249 1104 laudent,

1268 1127 1473 1183 ament,
1536 1122 1745 1189 eiusque
1809 1119 2060 1171 voluntati
2113 1117 2254 1170 obse·

1268 1202 1510 1263 quantur.
1549 1194 1742 1247 Idcirco
1771 1195 1819 1245 in
1843 1193 1923 1245 Ss.
1956 1192 2132 1245 Bibliis
2158 1191 2257 1243 fre-

1268 1277 1485 1338 quenter
1518 1268 1702 1337 Angeli
1736 1269 1798 1320 ad
1840 1268 2003 1319 Deum
2042 1266 2255 1318 adoran·

1270 1345 1389 1395 dum
1443 1351 1495 1396 et
1531 1343 1845 1396 laudandum
1892 1346 2254 1409 provocantur.

1267 1417 1486 1471 Adorate
1528 1417 1706 1476 Deum,
1750 1416 1916 1485 inquit
1954 1414 2215 1466 Psalmista
2240 1454 2252 1474 ‚

1270 1509 1432 1544 omnes
1475 1490 1648 1558 Anqeli
1692 1491 1796 1543 eius
1849 1488 1959 1559 (5);
1989 1488 2258 1540 Benediciee

1272 1566 1478 1618 Domino
1526 1581 1687 1617 omnes
1738 1563 1914 1631 Anqeli
1960 1563 2132 1622 eius„
2184 1561 2258 1613 be·

1271 1641 1471 1692 nedicile
1510 1639 1716 1691 Domino
1744 1654 1904 1690 omnes
1932 1639 2130 1689 virtutes
2155 1635 2259 1687 eius

1274 1713 1384 1785 (li);
1459 1714 1676 1765 Laudate
1721 1729 1829 1764 eum
1878 1727 2037 1763 omnes
2087 1708 2261 1777 Anqeli

1271 1790 1409 1853 eiu33
1465 1788 1656 1839 laudate
1702 1802 1810 1838 eum
1844 1801 2007 1837 omnes
2058 1785 2261 1835 virtutes

1272 1865 1373 1914 eius
1426 1860 1523 1932 (5):
1578 1861 1754 1912 Daniel
1791 1875 2026 1928 quoque:
2057 1857 2261 1909 Benedi-

1273 1937 1361 1988 cite
1382 1934 1554 2003 Anyeli
1581 1935 1780 1987 Domini
1807 1934 2034 1991 Domino,
2067 1932 2258 1983 laudate

1273 2018 1315 2061 et
1342 2009 1698 2079 sapereoealtate
1724 2025 1834 2061 eam
1873 2008 1926 2059 in
1952 2006 2142 2059 saecula
2165 2004 2260 2075 (6).

1274 2084 1381 2135 Hoc
1437 2084 1662 2136 officium
1713 2082 1935 2149 Angeli,
1980 2081 2143 2132 Deum
2186 2080 2259 2130 vi-

1275 2158 1454 2211 dentes
1510 2165 1561 2210 ct
1599 2160 1708 2209 eius
1747 2172 1920 2209 amore
1961 2155 2258 2223 flagranteS,

1277 2233 1616 2300 promtissime
1656 2237 2018 2299 exequuntur:
2051 2228 2183 2280 unde
2211 2228 2261 2278 in

1278 2307 1566 2375 ApocalipS.
1613 2307 1827 2373 legitur:
1876 2303 2048 2357 Omnes
2092 2300 2263 2370 Anydi

1276 2381 1463 2433 stabam
1490 2381 1543 2432 in
1581 2380 1792 2432 circuitu
1840 2378 2070 2430 throni...
2107 2383 2150 2427 et
2187 2391 2260 2427 ce-

1277 2455 1499 2507 ciderunt
1553 2455 1603 2506 in
1648 2460 1894 2521 conspectu
1922 2449 2084 2502 throni
2110 2451 2163 2500 in
2188 2450 2260 2516 fa-

1277 2530 1370 2580 cie.»-
1396 2545 1529 2587 suas,
1554 2536 1596 2580 et
1617 2529 1938 2580 adoraverunt
1966 2523 2138 2584 Deum,
2159 2528 2258 2575 etc.

1280 2600 1375 2673 (7).
1392 2632 1458 2641 -—
1483 2601 1915 2653 perfectissimum
1938 2599 2091 2650 etiam
2114 2612 2264 2649 suum

1279 2692 1400 2743 erga
1442 2676 1604 2727 Deum
1645 2689 1874 2726 amorem
1914 2688 1972 2724 eo
1993 2673 2266 2740 praecipue
2314 2701 2317 2703 >

1280 2755 1704 2809 commonstrant,
1723 2747 1856 2816 quod
1877 2747 1983 2799 Deo
2005 2752 2265 2814 tamquam

1281 2823 1562 2876 fidelissimi
1606 2823 1823 2875 ministri
1865 2821 2113 2880 servia-nt,
2157 2819 2266 2871 eius
2329 2881 2332 2886 .

1282 2898 1532 2950 voluntati
1562 2898 1766 2966 penitus
1788 2895 2025 2956 subiecti,
2057 2894 2268 2961 eiusque

1283 2974 1525 3025 mandata
1566 2971 1906 3040 promtissime
1928 2972 2259 3036 exequentes,

1282 3047 1364 3099 Sic
1403 3049 1454 3099 in
1495 3046 1628 3098 Dan.
1662 3043 1739 3115 (8)
1790 3044 1853 3096 de
1894 3042 2104 3109 Angelis
2142 3039 2266 3091 dici-

1283 3129 1394 3173 tur:
1438 3119 1609 3174 Miltia
1652 3118 1864 3170 millium
1912 3114 2301 3170 ministrabant-

1282 3196 1344 3247 εἰ.
1378 3193 1459 3246 Ps.
1492 3191 1596 3254 Cn,
1626 3193 1698 3244 90
1723 3198 1849 3253 etc.‚
1879 3187 2061 3257 Angeli
2108 3186 2310 3252 nomi-‘3'

1284 3273 1474 3320 uantur
1529 3272 1737 3336 potentes
1789 3264 1994 3325 virtute,
2041 3262 2300 3339 facientes.

1326 3425 1375 3513 54)
1402 3426 1458 3460 ps.
1484 3423 1561 3467 102,
1587 3424 1641 3468 20,
1667 3429 1704 3458 et
1726 3423 1779 3459 24.

1343 3470 1363 3504 is
1404 3471 1458 3503 ps.
1485 3469 1565 3509 148,
1590 3469 1620 3503 2.
1913 3465 1951 3509 (o

1327 3470 1380 3559 (ἦ
1400 3515 1509 3558 apoc.
1532 3515 1572 3549 c.
1597 3513 1632 3556 7,
1659 3511 1714 3556 11,
1741 3511 1794 3546 12.
1911 3463 1966 3555 1⁸}

1989 3466 2081 3502 Dan.
2104 3463 2138 3507 3,
2161 3464 2210 3500 5..

1985 3509 2067 3554 Cap.
2100 3506 2136 3551 ’1,
2160 3504 2216 3547 ΙΙ)
2293 3527 2297 3531 -
