2332 3860
955 161 1108 200 cnm·
1142 162 1214 201 V..

1950 156 2050 209 47,

60 245 218 305 otone,
254 249 307 296 et.
341 241 538 296 Monate
575 239 852 295 Persarum
892 241 1054 310 philo·
1119 243 1452 299 Tertullianus
1501 246 1796 300 confutavit·
1848 249 2104 320 Patripas·

60 317 297 386 sophiae-·
328 315 674 368 adhaerentes
740 315 1053 370 dualismum

60 389 466 459 profitebantur,
511 390 819 458 principium
859 391 1052 443 honum

60 473 112 518 et
162 463 357 516 malum
407 463 761 517 admittentes.
817 464 1053 534 Plerique

59 554 123 592 ex
163 538 275 590 istis
301 538 574 591 haereticis
601 538 664 590 de
697 537 886 591 Christi
924 539 1053 591 divi·

58 612 239 674 nitate,
268 618 322 664 et
345 611 667 664 humanitate
705 611 842 664 male
877 628 1053 665 sense-

57 693 198 748 runt,
230 701 451 756 eumque
480 686 543 739 ad
584 687 809 755 speciem
849 693 1049 739 tantum

56 769 297 814 naturam
341 761 619 812 humanam
673 761 1046 828 assumpsisse,

56 851 263 903 passum
304 841 356 887 et
383 841 645 887 mortuum
679 850 792 886 esse
820 850 1052 887 asserue-

55 917 194 961 runt.
228 908 587 961 Gnosticorum
623 915 915 961 commenta
955 909 1044 961 SS.

54 982 232 1035 Patres
270 984 473 1052 scriptis
507 984 614 1036 suis
654 984 1045 1050 impugnarunt,
1076 985 1083 1063 Ι

55 1064 112 1109 ut
138 1056 190 1109 S.
235 1057 468 1110 Irenaeus
507 1057 597 1110 lib.
645 1058 674 1108 ὅ
704 1057 824 1109 adv,
870 1057 1050 1109 haere-

54 1147 157 1194 seS,
188 1129 406 1183 Clemens
433 1131 573 1184 Aleoe.
616 1131 705 1183 lib.
750 1131 780 1182 7
821 1131 1048 1184 Struma-

55 1213 196 1267 tum‚
256 1205 587 1258 Tertullianus
639 1206 728 1257 lib.
786 1205 815 1254 li
869 1213 1047 1259 eontra

53 1279 396 1340 Marcionem,
452 1280 539 1332 lib.
594 1280 715 1332 adV.
770 1279 1048 1347 Hermoge-

55 1370 193 1413 nem,
225 1353 345 1406 adv,
370 1354 785 1415 Valentinianos,
809 1355 870 1406 de
892 1371 1047 1407 carne

54 1426 274 1488 Christi,
319 1428 381 1480 de
423 1430 795 1481 resurrectione
834 1431 1005 1482 caruis
1031 1470 1043 1491 ‚

54 1500 116 1553 de
172 1503 574 1570 praescriptione
627 1503 1043 1565 haereticorum,

51 1574 485 1647 Scorpiace·(seu
527 1577 826 1630 Antidotum
868 1586 1046 1630 contra

54 1665 314 1701 venenum
350 1650 773 1721 haeretieorum).
820 1650 1049 1719 Orissenes

54 1724 102 1774 in
126 1722 521 1776 Commentariis
550 1727 597 1776 in
627 1726 681 1777 S.
706 1725 1043 1792 Scripturam,

51 1796 105 1848 S.
148 1795 431 1864 Cyprianus
481 1798 566 1850 lib.
613 1799 676 1850 de
717 1801 914 1850 unitate
956 1799 1048 1850 Ee-

52 1871 259 1922 clesiae.
293 1873 385 1924 Hic
426 1871 559 1923 idem
591 1873 639 1923 in
682 1873 768 1923 lib.
803 1872 864 1923 de
896 1873 1049 1939 lapsis

53 1945 339 1999 confutavit
366 1946 688 2006 Novatiuuos,
723 1953 773 1999 et
801 1947 1047 1998 Montani·-

52 2028 174 2080 staS,
214 2022 296 2087 qui
341 2028 544 2088 praeter
570 2021 698 2072 alios
721 2037 924 2073 errores
965 2021 1047 2072 do·

53 2101 300 2155 cuer-ant,
345 2095 596 2162 quaedam
652 2101 862 2163 peccata
920 2096 1050 2146 irre-

55 2168 319 2220 missibilia
349 2184 481 2229 esse,
512 2185 597 2221 ex.
630 2185 708 2237 gr.
735 2170 1045 2237 apostasiam

51 2257 79 2293 a
121 2241 241 2304 fide,
284 2242 596 2295 adulterium
638 2250 737 2295 etc.
782 2274 855 2281 -—
895 2235 1046 2294 Deni-

51 2331 150 2383 que
181 2317 278 2367 iam
310 2316 518 2369 saeculo
557 2318 784 2369 secundo
810 2317 1044 2368 nonnulli

48 2391 250 2442 nonnisi
284 2392 488 2442 unicam
529 2391 579 2442 in
627 2391 733 2443 Deo
776 2407 1043 2459 personam

47 2464 417 2524 admittebant,
461 2472 513 2517 et
551 2466 664 2517 ideo
710 2482 838 2534 opus
879 2467 1047 2516 iucar-

47 2539 270 2590 nationis
292 2547 346 2590 et
367 2537 734 2607 redemptionis
759 2556 856 2591 non
884 2541 1046 2605 magis

47 2610 198 2672 Filio,
241 2628 396 2679 quam
438 2612 575 2664 Patri
616 2614 1040 2681 adscripserunt,

47 2684 235 2737 idcirco
263 2685 626 2756 Putripassiuni
653 2688 794 2752 dieti3
826 2689 886 2739 ad
918 2703 1044 2754 quos

48 2758 301 2811 referendi
330 2769 454 2813 sunt
490 2761 708 2814 Pru-‘reas
746 2767 798 2813 et
834 2761 1038 2813 Noe'tus.

47 2831 184 2884 Idem
214 2833 322 2885 sere
356 2834 530 2886 docuit.
569 2836 722 2886 buius
763 2835 1044 2902 discipulus

25 2901 313 2967 xSabellius,
339 2909 423 2975 qui
454 2909 684 2974 negavit,
711 2916 816 2960 tres
843 2910 1044 2960 divinas

46 2978 295 3033 Personas
318 2982 525 3034 realiter
548 2984 682 3033 inter
701 2998 756 3033 se
779 2982 1042 3049 distingui,

48 3060 101 3105 et
124 3057 367 3117 asseruit,
394 3071 549 3107 tinam
578 3056 899 3125 eandemque
930 3072 1042 3124 per-

46 3143 225 3180 sonam
265 3129 355 3181 Dei
397 3130 541 3181 varia
590 3132 798 3183 nomina
838 3131 1038 3190 sortiri,

47 3201 217 3270 prouti
251 3219 310 3254 se
339 3205 482 3255 vario
512 3205 660 3256 modo
701 3220 791 3272 per
828 3205 1044 3257 creatio-

50 3291 201 3337 nem,
245 3292 335 3344 per
373 3277 811 3345 redemptionem,
854 3284 906 3330 et
953 3294 1043 3346 per

49 3349 509 3404 sanctificat-ionem
562 3352 825 3404 hominum
879 3354 1042 3406 mani-

0 3462 26 3497 .-
54 3422 225 3477 faetet.
268 3424 435 3478 Etiam
465 3425 606 3494 hisce
643 3426 919 3479 haereticis
944 3425 1033 3478 SS.

0 3527 7 3566 .·
48 3493 228 3549 Patres
274 3511 346 3550 se
398 3506 607 3554 strenue
663 3508 1032 3569 opposuerunt.

1114 321 1285 381 sianos
1311 319 1374 387 ‘in
1417 319 1508 372 lib.
1557 320 1680 373 adv,
1723 321 2005 390 Praxeam3
2044 327 2098 380 Si

1112 391 1406 461 Hippolytus
1435 394 1640 463 scripsit
1675 402 1951 449 tractatum
1977 399 2098 454 adv.

1116 465 1354 520 haeresin
1403 463 1570 520 Noeti.
1626 467 1816 522 Contra
1869 470 2103 526 haeresin

1113 538 1323 593 Sabellii
1365 542 1507 594 varia
1558 559 1711 610 opera
1773 545 2101 612 prodierunt,

1116 629 1298 683 nempe
1318 615 1590 669 Norationi
1613 617 1726 672 libri
1750 617 1812 670 de
1834 617 2101 681 Trinitate‚

1111 687 1163 740 S.
1198 688 1426 756 Dionysii
1463 688 1604 742 Alex.
1647 690 1736 744 lib.
1779 691 1899 744 adV.
1931 692 2107 746 Sabel-

1116 761 1268 823 lium,
1310 763 1363 815 S.
1409 764 1636 832 Dionysii
1674 764 1843 832 Papae
1881 765 2108 834 Epistola

1112 836 1374 903 encyclica
1406 839 1526 890 adV.
1559 837 1908 901 Sabellianos,
1950 840 2107 892 Euse-

1112 909 1180 961 bii
1207 909 1345 962 Caes
1379 912 1442 963 ad
1484 911 1785 965 Marcellum
1825 913 1912 966 lib.
1959 915 2013 975 5,
2045 914 2107 966 de

1111 984 1297 1036 eccles.
1331 985 1511 1038 Theol.
1547 986 1580 1037 Ι.
1621 987 1674 1048 5,
1707 993 1758 1039 et
1800 986 1887 1040 lib.
1921 990 1953 1039 2
1981 987 2102 1040 adv,

1110 1057 1281 1110 Sabeh

1185 1133 1236 1184 5.
1270 1132 1487 1185 Saeculo
1510 1133 1579 1187 IV
1601 1135 1839 1188 restituta
1867 1151 1958 1204 per
1979 1135 2108 1192 Con-

1086 1208 1393 1275 stantinum
1435 1207 1503 1260 M.
1549 1208 1812 1262 Ecclesiae
1852 1225 1978 1278 pace
2017 1226 2107 1263 ex-

1114 1288 1278 1343 terna,
1323 1283 1374 1333 in
1417 1283 1524 1349 ipso
1564 1282 1825 1335 Ecclesiae
1865 1285 1980 1336 sinu
2022 1300 2108 1351 pe-

1111 1356 1319 1408 stiferae
1360 1357 1601 1408 haereses
1627 1364 1810 1410 enatae
1833 1367 1969 1410 sunt.
1999 1358 2107 1412 Ma-

1113 1432 1278 1482 ximos
1311 1431 1359 1481 in
1403 1430 1631 1483 Ecclesia
1671 1431 1927 1484 tumultus
1967 1433 2107 1485 exci-

1115 1509 1239 1556 tavit
1265 1502 1440 1563 Arius,
1486 1504 1761 1574 Presbyter
1798 1503 2105 1558 Alexandri-

1113 1593 1236 1636 nus,
1280 1579 1364 1647 qui
1400 1578 1575 1639 Verbi,
1620 1595 1709 1631 seu
1752 1579 1938 1633 Christi
1979 1579 2107 1632 divi-

1110 1654 1323 1704 nitatem
1390 1659 1440 1704 et
1512 1654 2103 1706 consubstantialitatem

1111 1742 1228 1777 cum
1259 1726 1408 1777 Patre
1449 1728 1679 1793 negavit,
1724 1732 1775 1777 et
1801 1726 1912 1779 SS...
1937 1726 2104 1778 Trini-

1114 1802 1230 1850 tatis
1294 1801 1596 1868 mysterium
1659 1800 1887 1852 sustulit.
1947 1800 2103 1852 Paulo

1112 1881 1220 1939 post
1240 1874 1582 1933 Macedonicis,
1609 1873 1748 1925 Patr.
1767 1873 2001 1926 CPtanus
2023 1874 2106 1926 do-

1111 1947 1233 2006 cuit,
1255 1946 1438 1998 Filium
1455 1947 1658 2014 quidem
1679 1947 1813 1999 Patri
1833 1948 2104 2015 peremnia

1110 2021 1364 2082 similem,
1420 2021 1508 2073 sed
1557 2020 1805 2087 Spiritum
1855 2020 2103 2073 Sanctum

1110 2102 1283 2146 creatu
1294 2111 1344 2146 ra
1355 2111 1399 2146 m
1419 2094 1787 2147 esse.Ulterius
1805 2111 2103 2162 progressus

1110 2177 1185 2220 est
1212 2170 1489 2220 Eunomius
1526 2185 1765 2221 asserens
1798 2169 1982 2222 Filium
2012 2169 2102 2221 Dei

1110 2259 1220 2294 esse
1267 2245 1476 2295 omnino
1515 2243 1814 2295 dissimilem
1851 2243 2008 2304 Patri,
2052 2250 2102 2294 et

1108 2317 1352 2384 Spiritum
1383 2317 1630 2369 Sanctum
1659 2333 1770 2369 esse
1811 2325 2100 2368 ereaturam

1110 2391 1241 2442 Filii.
1261 2390 1572 2456 Apollinaris
1590 2433 1601 2453 ,
1629 2391 1904 2459 Presbyter
1926 2390 2076 2442 Laodi

1108 2481 1263 2516 cenae
1306 2465 1595 2526 Ecclesiae,
1639 2464 1837 2516 Christo
1875 2464 2098 2516 animam

1109 2539 1390 2591 humanam
1432 2538 1735 2590 rationalem
1776 2538 2097 2603 abnegavit,

1108 2614 1302 2673 dicens,
1334 2613 1488 2664 huius
1517 2613 1685 2664 locum
1726 2613 1888 2679 ipsam
1920 2611 2080 2662 divini

1110 2694 1262 2739 tatem
1291 2688 1533 2739 tenuisse.
1554 2686 1626 2738 lta
1650 2693 1827 2738 eontra
1851 2685 2099 2754 principa⁴

1110 2762 1172 2812 lia
1212 2761 1493 2827 Religionis
1522 2760 1832 2812 christianae
1860 2760 2099 2826 dogmata

1105 2836 1392 2902 gravissimi
1435 2850 1637 2887 errores
1665 2839 2008 2893 emerserunt,
2049 2839 2100 2884 et

1105 2925 1221 2960 eum
1254 2925 1438 2976 magua
1460 2908 1724 2960 dialectica
1754 2924 1782 2959 a
1813 2906 2099 2959 vaferrimis

1107 2982 1377 3035 haereticis
1434 2989 1753 3050 propugnata
1801 2987 1942 3034 sunt.
2005 2979 2099 3032 Ast

1106 3057 1279 3108 divina
1323 3056 1646 3108 Providentia
1681 3055 1920 3115 favente,
1965 3054 2098 3106 inter

1103 3129 1391 3183 Catholieos
1418 3130 1511 3181 hoc
1531 3130 1740 3197 saeculo
1770 3127 2097 3197 praestantis-

1103 3205 1216 3256 simi
1259 3205 1353 3255 viri
1395 3205 1713 3264 extiterunt,
1755 3203 1841 3272 qui
1883 3202 2096 3254 baereti-

1104 3294 1190 3329 eos
1217 3284 1428 3330 strenue
1456 3283 1842 3345 oppugnarunt,
1874 3283 1926 3328 et
1958 3275 2095 3344 peni-

1106 3359 1187 3404 tus
1226 3351 1602 3403 conniverunt.
1635 3349 1690 3403 lu
1719 3350 1928 3403 Oriente
1954 3364 2094 3401 acer-

1105 3426 1264 3478 rimus
1297 3423 1721 3478 cat-hotieaefidei
1747 3424 2091 3492 propugnator

1102 3498 1197 3552 fuit
1234 3496 1287 3551 S.
1331 3495 1654 3561 Athanasius,
1688 3495 1783 3567 *qui
1823 3494 1975 3550 Verbi
2014 3492 2088 3545 di-
