2332 3860
239 131 343 184 {92

854 150 920 186 nt:
956 149 1050 186 1)Εο
1088 149 1142 186 m·
1177 149 1247 187 SE=
1271 148 1532 188 semna.

166 226 290 282 Naz.
308 223 408 300 (l),
433 225 890 300 &Ambrosias(2)‚
907 228 963 283 S.
980 228 1163 298 Cyrill.
1227 229 1505 298 sapientia,
1556 227 1725 286 sieut.¹
1754 225 1968 280 verbum
2015 223 2212 291 Patrisl.

163 299 299 357 Alam.
347 298 454 372 (5),

229 377 284 427 2.
347 374 431 428 SS.

499 310 550 354 et
589 302 695 354 alii.

1227 311 1279 355 et
1317 304 1487 368 imago
1523 300 1784 357 Patris.»
1825 300 2022 359 Similia
2060 301 2215 358 babet
2279 360 2282 362 ,

500 375 705 437 Patres,
749 382 808 427 ut
857 383 1032 430 monet
1069 376 1165 430 Pe·
1224 376 1278 430 S.
1303 374 1666 429 AmbrosiusL.
1691 374 1754 427 de
1792 375 1992 429 incarn.
2020 371 2173 445 (9).
2142 403 2212 416 -—-

157 449 326 502 tarius.
377 446 453 519 (lt)
524 465 626 501 non
689 465 894 502 omnem
954 453 1163 519 praelati
1226 449 1472 518 Spiritum
1510 449 1758 503 Sanctum
1797 448 1975 501 Patres
2015 464 2082 500 ex
2117 431 2214 503 vo

156 522 390 591 mysterii
420 523 872 589 investigationem
895 525 1166 592 prohibue-
1229 524 1426 577 luntate
1451 524 1726 592 ptocedere
1754 521 1931 584 dicunt
1964 522 2071 591 ,qui
2100 521 2212 574 ideo

158 602 304 657 runt,
347 595 438 648 sed
478 597 644 649 solum
682 606 1015 661 monuerunt,
1049 615 1162 652 eam

160 685 277 728 cum
320 669 501 722 humili
541 672 724 738 spiritu
759 673 1158 740 suscipiendam,

161 750 214 796 et
251 760 283 796 a
341 742 689 797 Revelationis
756 745 952 798 lumine
1018 748 1162 799 nullo

162 817 314 870 modo
344 818 691 870 recedendum
720 835 853 872 esse.
890 820 1028 873 Inter
1070 821 1161 873 Pa-

161 898 267 944 tres
287 892 424 959 ipsos
443 892 675 944 nonnulli
703 893 982 946 solvendae
1005 911 1161 963 quae-

93 972 99 973 ’
161 966 317 1018 tionis
381 967 670 1018 tentamina
722 967 967 1019 inierunt.
1027 969 1158 1020 Dum

160 1046 341 1092 autem
411 1039 691 1093 Ecclesiae.
775 1040 1022 1094 Doctores
1087 1043 1161 1094 di-

161 1114 385 1165 scrimen
466 1116 599 1166 inter
663 1117 1048 1183 generationem
1110 1124 1161 1169 et

164 1187 515 1254 ispirationem
590 1188 827 1240 subtilius
902 1190 1159 1257 explicare

164 1267 452 1327 satagunt,
533 1261 582 1312 in
652 1261 746 1314 hoe
806 1262 911 1314 fere
983 1279 1159 1316 omnes

163 1335 501 1396 conveniunt,
545 1335 678 1403 quod
719 1335 857 1388 Deus
898 1352 953 1388 se
992 1338 1158 1405 ipsum

160 1423 477 1474 cognoscens
504 1409 681 1476 gignet
702 1409 1004 1471 secundam,
1019 1418 1069 1463 et
1082 1428 1158 1462 se-

160 1482 332 1549 ipsum
370 1497 551 1534 amans
592 1483 752 1549 spiret
790 1484 992 1535 tertiam
1043 1501 1156 1552 per-

163 1571 363 1614 sonam,
395 1572 456 1608 ac
481 1556 615 1624 quod
642 1556 755 1607 ideo
784 1558 1008 1609 secunda
1050 1575 1161 1626 per-

167 1641 284 1683 sona
326 1630 392 1681 sit
431 1629 614 1691 Filius,
658 1630 777 1697 quia
799 1646 864 1682 ex
892 1631 1157 1684 intellectu

165 1702 359 1764 ilivino,
403 1719 496 1755 seu
537 1720 603 1755 ex
643 1711 817 1756 mente
844 1704 1019 1757 divina
1047 1722 1156 1774 pro-

164 1775 316 1836 cedit,
361 1778 513 1828 tertia
553 1793 675 1829 vero
697 1794 910 1844 persona
954 1796 1051 1830 non
1094 1781 1159 1831 sit

163 1850 358 1916 genita,
404 1851 524 1918 quia
571 1851 802 1917 procedit
859 1868 925 1903 ex
985 1853 1154 1904 divina

163 1922 450 1975 voluntate.
520 1923 583 1975 Et
647 1940 771 1976 sane
837 1924 918 1978 Ss.
982 1925 1159 1978 Patres

156 1996 438 2049 secundam
479 2013 748 2064 personam
789 2014 856 2051 ex
892 1999 1158 2052 intellectu

157 2070 520 2137 procedentem
588 2070 886 2139 frequenter
965 2075 1160 2141 imam--

154 2159 266 2195 nem
335 2143 519 2205 Patris,
586 2146 879 2213 sapientiam
944 2145 1116 2199 Patris
1142 2190 1154 2210 ,

157 2217 351 2270 verbum
390 2217 564 2270 Patris
604 2234 829 2271 consone
881 2236 998 2272 cum
1052 2223 1157 2288 ipsa

156 2289 214 2344 S.
268 2289 535 2358 Scriptura
577 2294 878 2347 nominant.
940 2294 993 2347 S.
1060 2295 1159 2347 Ba·

157 2363 307 2416 silius
347 2363 446 2434 (ὅ),
490 2366 599 2417 ait:
672 2387 694 2415 α
765 2367 867 2419 Cur
931 2368 1159 2422 Verbum

160 2437 396 2491 dicitur?
437 2446 494 2491 ut
522 2440 847 2502 ostendatur,
891 2457 957 2494 ex
986 2450 1158 2495 mente

163 2514 496 2578 processisse
546 2532 573 2561 »
615 2512 668 2566 S.
714 2513 979 2582 Greqorias
1019 2516 1152 2569 Naz.

164 2582 240 2654 (6)
282 2586 345 2636 de
393 2586 619 2639 secunda
675 2604 890 2654 persona
955 2591 1153 2658 inquit:

165 2675 190 2704 «
237 2657 468 2711 Verbum
509 2661 817 2729 appellatur,
861 2664 979 2730 quia
1009 2665 1082 2716 sic
1103 2681 1157 2716 se

165 2728 321 2783 habet
349 2733 413 2784 ad
441 2734 668 2795 Patrem,
712 2742 770 2787 ut
809 2735 1036 2788 Verbum
1095 2739 1156 2789 ad

165 2811 489 2858 mentem.»
531 2807 584 2860 S.
629 2807 849 2878 Gyrillus
888 2810 1030 2862 Alea).
1076 2808 1155 2881 (7)

162 2895 189 2925 ι(
246 2876 406 2931 Filius
468 2882 759 2949 appellatur
817 2883 1044 2937 Verbum
1096 2901 1157 2937 ac

159 2949 444 3017 Sapientia,
500 2961 742 3022 quoniam
781 2973 847 3009 ex
888 2957 1154 3010 intellectu

123 3022 454 3076 „immediate
495 3035 546 3079 et
573 3030 953 3083 indivisibiliter
991 3039 1087 3084 est.
1126 3053 1151 3080 n

159 3097 211 3148 S.
235 3094 543 3164 Auqustinus
565 3101 639 3172 (8)
668 3123 694 3152 «
729 3103 895 3158 Patris
932 3107 1155 3158 essentia

161 3176 238 3224 est
285 3169 464 3234 Filius,
507 3174 639 3227 sicut
677 3177 842 3231 Patris
903 3180 1065 3232 virtus
1105 3187 1156 3232 et

204 3313 253 3402 (ὲ)
277 3317 338 3351 Or
364 3315 422 3352 29.

203 3359 253 3404 ()
281 3361 320 3394 L.
349 3359 371 3394 2
409 3359 514 3394 Thes.

222 3403 785 3456 4)DeTrin..‚.L'zc¹3n.
821 3408 853 3443 4.

201 3401 260 3516 ξδ)
280 3448 384 3482 Hom.
409 3447 446 3482 in
470 3429 610 3492 Evan’g.
637 3450 689 3486 ιο.
715 3451 878 3486 initium.

217 3490 255 3536 ὃ)
275 3491 338 3526 Or.
364 3490 421 3527 36.
730 3492 782 3538 (Ἰ)
806 3494 849 3530 Ι..
871 3495 904 3537 1
928 3496 965 3532 in
981 3497 1033 3533 lo.
1058 3506 1092 3535 ο.
1117 3497 1151 3535 Β.

674 3319 725 3365 (2)
747 3323 789 3356 In
812 3323 898 3358 Luc.
912 3324 948 3358 Ι..
975 3323 1009 3367 4,
1035 3333 1072 3360 n.
1097 3323 1152 3359 71.

1225 614 1365 651 amor
1397 640 1408 661 ‚
1452 614 1543 650 seu
1583 597 1798 650 charitas
1823 612 1988 665 ⁴saepe
2027 596 2211 648 'nomi-2.

1227 679 1398 724 natur.
1465 671 1518 724 S.
1575 669 1893 724 Hieronimas
1938 667 2051 739 (lo)
2106 670 2207 722 ait:

1228 766 1254 795 (ε
1297 746 1518 814 Spiritus
1545 744 1765 798 Sanctus
1806 759 1900 795 nec
1926 750 2003 796 est
2039 742 2207 804 Pater,

1225 836 1319 872 nec
1360 827 1437 872 est
1476 819 1656 881 Filius,
1702 818 1791 871 sed
1822 817 2026 870 dilectio
2058 833 2211 885 quam

1225 894 1380 946 habet
1421 891 1580 945 Filius
1611 895 1663 945 in
1692 893 1862 951 Patre.
1895 898 1948 944 et
1967 890 2128 955 Pater„
2158 892 2207 943 in

1223 968 1409 1020 Filio.»
1434 966 1486 1019 S.
1501 963 1933 1037 Auqustinusssl)
1951 984 1975 1013 «
1991 964 2210 1032 Spiritus

1221 1041 1442 1094 Sanctus
1482 1049 1629 1093 est...
1675 1041 1782 1102 ille,
1806 1055 1906 1110 quo
1945 1039 2151 1106 genitus
2179 1056 2209 1091 a

1221 1116 1464 1183 gignente
1523 1115 1786 1181 diligatur,
1830 1119 2211 1181 generatorem·

1221 1205 1318 1257 que
1341 1204 1492 1241 suum
1519 1187 1823 1255 diligat.>›S.
1848 1186 2116 1252 Greqorius
2132 1187 2204 1240 M.

1223 1261 1357 1331 (ἱῖ).
1381 1262 1641 1331 «Spiritus
1661 1261 1882 1314 Sanctus
1897 1268 1974 1313 est
1994 1276 2157 1313 amor.
2182 1279 2203 1307 »

1294 1337 1346 1389 5.
1390 1336 1443 1390 S.
1516 1336 1719 1388 Thomas
1758 1335 1841 1388 Ss.
1883 1334 2092 1387 Patrum
2128 1350 2212 1386 vc·

1221 1411 1382 1476 stigiis
1451 1411 1694 1462 insistens
1731 1450 1743 1470 ‚
1810 1415 2062 1477 quantum
2122 1424 2209 1475 pro

1221 1491 1373 1550 captu
1439 1484 1664 1535 humano
1728 1482 1837 1534 fieri
1904 1488 2070 1550 potest
2117 1497 2209 1534 ex·

1222 1558 1412 1624 plicare
1476 1564 1689 1609 conatus
1753 1563 1860 1617 est,
1930 1571 2023 1607 cur
2098 1571 2212 1623 pro-

1221 1632 1383 1683 cessio
1438 1631 1696 1683 secundae
1762 1645 2036 1698 personae,
2107 1645 2208 1682 nou

1221 1713 1394 1757 autem
1435 1705 1688 1772 processio
1711 1705 1914 1766 tertiae,
1945 1704 2208 1770 generatio

1222 1779 1442 1830 dicatur.
1488 1777 1643 1829 Cuius
1695 1778 1766 1829 rei
1826 1778 2077 1829 rationem
2143 1793 2210 1830 ex

1222 1852 1329 1919 ipsa
1389 1851 1735 1918 generationis
1787 1851 1991 1903 notione
2032 1850 2202 1903 infert.

1224 1925 1356 1977 Dicit
1395 1926 1565 1977 enim:
1619 1945 1645 1973 «
1689 1923 1961 1977 Generatio
2009 1925 2208 1993 proprie

1221 2005 1424 2066 sumpta
1463 2006 1540 2051 est
1573 2000 1714 2066 origo
1765 1999 1987 2051 viventis
2049 2014 2081 2050 a
2139 1999 2211 2050 vi-

1223 2080 1374 2125 vente
1415 2073 1662 2141 principio
1702 2073 1975 2124 coniuncto
2028 2087 2209 2124 secun-

1222 2145 1342 2198 dum
1407 2146 1801 2198 similitudinem
1870 2153 2105 2199 naturae.
2177 2166 2202 2195 »

1224 2219 1364 2290 (15):
1396 2220 1473 2272 Ad
1501 2220 1888 2287 generationem
1941 2235 2063 2287 ergo
2110 2220 2208 2272 tria

1224 2295 1589 2362 requiruntur:
1635 2296 1686 2346 1.
1732 2301 1790 2346 ut
1831 2301 1935 2346 tam
1973 2294 2201 2361 genitus,

1222 2384 1375 2435 quam
1416 2384 1670 2436 generans
1709 2369 1776 2420 sit
1816 2370 2030 2431 vivens3
2061 2369 2115 2419 2.
2149 2373 2206 2419 ut

1221 2458 1477 2507 generans
1517 2459 1584 2494 ex
1623 2458 1716 2494 sua
1757 2441 2049 2494 substantia
2090 2456 2205 2508 pro-

1221 2480 1375 2567 ducat
1402 2517 1667 2582 genitu1n3
1700 2515 1752 2566 5.
1781 2521 1838 2566 ut
1862 2516 2069 2582 genitus
2095 2530 2207 2582 pro-

1221 2590 1370 2640 cedat
1396 2591 1447 2641 in
1474 2589 1864 2641 similitudinem
1885 2589 2203 2654 generantis,

1221 2662 1283 2714 Et
1310 2663 1515 2730 quidem
1543 2664 1749 2729 genitus
1791 2679 1891 2714 non
1916 2663 2082 2714 solum
2123 2661 2210 2713 de-

1221 2736 1305 2787 bet
1332 2753 1442 2788 csse
1482 2737 1662 2788 similis
1689 2738 1961 2805 generanti
1992 2737 2042 2788 in
2084 2751 2138 2788 se
2157 2742 2210 2787 et

1220 2809 1582 2872 essentialiter,
1615 2811 1702 2862 sed
1738 2812 1890 2862 etiam
1918 2810 2070 2864 debet
2097 2824 2208 2878 pro-

1219 2884 1400 2936 cedere
1428 2884 1607 2936 similis
1645 2884 1916 2952 generanti
1955 2899 2020 2936 ex
2066 2884 2115 2934 vi
2156 2888 2209 2934 et

1218 2958 1368 3010 modo
1391 2958 1731 3025 processionis
1744 2976 1759 3022 3
1803 2958 1921 3027 quia
1963 2963 2070 3009 tota
2103 2955 2206 3008 for-

1218 3031 1424 3083 malitas
1450 3032 1798 3098 generationis
1862 3030 2095 3083 consistit
2149 3028 2204 3082 in

1218 3106 1548 3172 expressione
1586 3104 1951 3165 similitudinis,
2011 3116 2102 3154 seu
2156 3102 2207 3153 in

1217 3179 1582 3246 propagatione
1615 3186 1832 3231 naturae
1877 3183 1935 3228 ut
1999 3174 2203 3237 similiS‚

1275 3321 1312 3366 8)
1334 3323 1372 3357 L.
1399 3322 1431 3365 7,
1457 3324 1502 3358 de
1524 3324 1624 3359 Trin.
1646 3332 1678 3358 c.
1705 3323 1736 3358 1.
2021 3319 2194 3366 (ms-23«

1275 3366 1333 3409 10)
1359 3368 1400 3400 Iu
1423 3368 1481 3410 Sy.
1512 3366 1570 3407 17,
1597 3376 1631 3400 v.
1658 3367 1689 3401 1.
2146 3366 2149 3374 '

1274 3410 1330 3451 11)
1357 3411 1394 3444 L.
1421 3410 1454 3451 6,
1478 3411 1523 3444 de
1545 3411 1644 3444 Trin.
1668 3419 1699 3443 c.
1733 3409 1767 3444 5.
2054 3451 2073 3455 ,-

1273 3452 1316 3488 12
1356 3454 1450 3488 Hom
1473 3451 1531 3494 30,
1555 3453 1592 3487 in
1615 3453 1716 3488 Pent.
1932 3479 1934 3481 ,
2050 3458 2075 3481 ·.
2111 3454 2150 3481 ’.-

1273 3456 1332 3542 ¹33
1356 3497 1384 3537 Ι,
1409 3505 1445 3537 q·
1471 3494 1529 3537 270
1549 3501 1617 3532 art·
1644 3495 1678 3531 ἰ
2016 3504 2027 3510 “’
2067 3522 2070 3523 .
2103 3494 2150 3526 11!
