<?xml version="1.0" encoding="UTF-8"?>
<!DOCTYPE html PUBLIC "-//W3C//DTD XHTML 1.0 Transitional//EN"
    "http://www.w3.org/TR/xhtml1/DTD/xhtml1-transitional.dtd">
<html xmlns="http://www.w3.org/1999/xhtml" xml:lang="en" lang="en">
 <head>
  <title>
</title>
<meta http-equiv="Content-Type" content="text/html;charset=utf-8" />
  <meta name='ocr-system' content='tesseract 3.04.00' />
  <meta name='ocr-capabilities' content='ocr_page ocr_carea ocr_par ocr_line ocrx_word'/>
</head>
<body>
  <div class='ocr_page' id='page_1' title='image "./theologiae00knoluoft_0281.png"; bbox 0 0 2332 3860; ppageno 0'>
   <div class='ocr_carea' id='block_1_1' title="bbox 0 0 234 125">
    <p class='ocr_par' dir='ltr' id='par_1_1' title="bbox 0 0 234 125">
     <span class='ocr_line' id='line_1_1' title="bbox 0 0 234 67; baseline 0 -1"><span class='ocrx_word' id='word_1_1' title='bbox 0 0 92 67; x_wconf 53' lang='lat' dir='ltr'><strong>aa</strong></span> <span class='ocrx_word' id='word_1_2' title='bbox 159 21 234 36; x_wconf 64' lang='lat'><strong>..„</strong></span> 
     </span>
     <span class='ocr_line' id='line_1_2' title="bbox 59 43 141 59; baseline 0 0"><span class='ocrx_word' id='word_1_3' title='bbox 59 43 141 59; x_wconf 54' lang='lat'><strong>17⁷</strong></span> 
     </span>
     <span class='ocr_line' id='line_1_3' title="bbox 31 62 156 79; baseline -0.016 -3"><span class='ocrx_word' id='word_1_4' title='bbox 31 63 104 79; x_wconf 39' lang='lat'><strong>5⁴6</strong></span> <span class='ocrx_word' id='word_1_5' title='bbox 147 62 156 74; x_wconf 58' lang='grc' dir='ltr'>Ἴ</span> 
     </span>
     <span class='ocr_line' id='line_1_4' title="bbox 47 93 122 125; baseline 0 -19"><span class='ocrx_word' id='word_1_6' title='bbox 47 93 122 125; x_wconf 47' lang='lat' dir='ltr'><strong>xK..</strong></span> 
     </span>
    </p>
   </div>
   <div class='ocr_carea' id='block_1_2' title="bbox 629 139 1513 225">
    <p class='ocr_par' dir='ltr' id='par_1_2' title="bbox 629 139 1513 225">
     <span class='ocr_line' id='line_1_5' title="bbox 629 139 1513 225; baseline -0.002 -15"><span class='ocrx_word' id='word_1_7' title='bbox 629 172 748 210; x_wconf 70' lang='lat' dir='ltr'><strong>mins</strong></span> <span class='ocrx_word' id='word_1_8' title='bbox 783 171 839 211; x_wconf 89' lang='lat' dir='ltr'><strong>n.</strong></span> <span class='ocrx_word' id='word_1_9' title='bbox 883 171 1048 211; x_wconf 76' lang='grc' dir='ltr'><strong>εεοτιο</strong></span> <span class='ocrx_word' id='word_1_10' title='bbox 1086 173 1120 209; x_wconf 85' lang='grc' dir='ltr'><strong>ι.</strong></span> <span class='ocrx_word' id='word_1_11' title='bbox 1164 139 1323 225; x_wconf 64' lang='lat' dir='ltr'><strong>cnm*</strong></span> <span class='ocrx_word' id='word_1_12' title='bbox 1353 166 1459 210; x_wconf 67' lang='lat' dir='ltr'><strong>im:</strong></span> <span class='ocrx_word' id='word_1_13' title='bbox 1511 187 1513 190; x_wconf 94' lang='lat'>-</span> 
     </span>
    </p>
   </div>
   <div class='ocr_carea' id='block_1_3' title="bbox 0 244 1044 3576">
    <p class='ocr_par' dir='ltr' id='par_1_3' title="bbox 0 244 1030 2018">
     <span class='ocr_line' id='line_1_6' title="bbox 33 244 1028 323; baseline -0.003 -15"><span class='ocrx_word' id='word_1_14' title='bbox 33 247 147 314; x_wconf 60' lang='lat'><strong>6⁸57</strong></span> <span class='ocrx_word' id='word_1_15' title='bbox 169 265 282 309; x_wconf 71' lang='lat' dir='ltr'><strong>esse</strong></span> <span class='ocrx_word' id='word_1_16' title='bbox 305 244 590 323; x_wconf 70' lang='lat' dir='ltr'><strong>opiniones,</strong></span> <span class='ocrx_word' id='word_1_17' title='bbox 628 269 758 322; x_wconf 84' lang='lat' dir='ltr'><strong>quas</strong></span> <span class='ocrx_word' id='word_1_18' title='bbox 783 253 1028 306; x_wconf 84' lang='lat' dir='ltr'><strong>hincinde</strong></span> 
     </span>
     <span class='ocr_line' id='line_1_7' title="bbox 37 325 1028 398; baseline -0.003 -16"><span class='ocrx_word' id='word_1_19' title='bbox 37 326 274 398; x_wconf 72' lang='lat' dir='ltr'><strong>homines·</strong></span> <span class='ocrx_word' id='word_1_20' title='bbox 317 325 578 395; x_wconf 71' lang='lat' dir='ltr'><strong>simplices</strong></span> <span class='ocrx_word' id='word_1_21' title='bbox 636 333 689 379; x_wconf 87' lang='lat' dir='ltr'><strong>et</strong></span> <span class='ocrx_word' id='word_1_22' title='bbox 715 327 927 381; x_wconf 63' lang='lat' dir='ltr'><strong>vidiotae</strong></span> <span class='ocrx_word' id='word_1_23' title='bbox 965 326 1028 379; x_wconf 90' lang='lat' dir='ltr'><strong>de</strong></span> 
     </span>
     <span class='ocr_line' id='line_1_8' title="bbox 23 399 1029 469; baseline 0.004 -19"><span class='ocrx_word' id='word_1_24' title='bbox 23 399 366 466; x_wconf 62' lang='lat' dir='ltr'><strong>‹iuemombuS</strong></span> <span class='ocrx_word' id='word_1_25' title='bbox 403 405 622 462; x_wconf 86' lang='lat' dir='ltr'><strong>tenent,</strong></span> <span class='ocrx_word' id='word_1_26' title='bbox 666 401 854 469; x_wconf 87' lang='lat' dir='ltr'><strong>quibus</strong></span> <span class='ocrx_word' id='word_1_27' title='bbox 893 401 1029 464; x_wconf 88' lang='lat' dir='ltr'><strong>colo-</strong></span> 
     </span>
     <span class='ocr_line' id='line_1_9' title="bbox 34 475 1026 543; baseline -0.001 -16"><span class='ocrx_word' id='word_1_28' title='bbox 34 488 140 529; x_wconf 83' lang='lat' dir='ltr'><strong>rem</strong></span> <span class='ocrx_word' id='word_1_29' title='bbox 173 488 418 543; x_wconf 80' lang='lat' dir='ltr'><strong>nigrum,</strong></span> <span class='ocrx_word' id='word_1_30' title='bbox 463 489 681 535; x_wconf 86' lang='lat' dir='ltr'><strong>cornua,</strong></span> <span class='ocrx_word' id='word_1_31' title='bbox 725 475 882 543; x_wconf 85' lang='lat' dir='ltr'><strong>pedes</strong></span> <span class='ocrx_word' id='word_1_32' title='bbox 921 475 1026 527; x_wconf 91' lang='lat' dir='ltr'><strong>hir-</strong></span> 
     </span>
     <span class='ocr_line' id='line_1_10' title="bbox 33 545 1030 616; baseline -0.001 -16"><span class='ocrx_word' id='word_1_33' title='bbox 33 547 173 606; x_wconf 78' lang='lat' dir='ltr'><strong>cinos</strong></span> <span class='ocrx_word' id='word_1_34' title='bbox 211 554 313 599; x_wconf 90' lang='lat' dir='ltr'><strong>etc.</strong></span> <span class='ocrx_word' id='word_1_35' title='bbox 339 545 618 615; x_wconf 86' lang='lat' dir='ltr'><strong>affingunt.</strong></span> <span class='ocrx_word' id='word_1_36' title='bbox 645 547 744 600; x_wconf 90' lang='lat' dir='ltr'><strong>Sed</strong></span> <span class='ocrx_word' id='word_1_37' title='bbox 767 549 897 601; x_wconf 83' lang='lat' dir='ltr'><strong>tales</strong></span> <span class='ocrx_word' id='word_1_38' title='bbox 924 549 1030 616; x_wconf 91' lang='lat' dir='ltr'><strong>opi-</strong></span> 
     </span>
     <span class='ocr_line' id='line_1_11' title="bbox 33 619 1026 689; baseline -0.003 -14"><span class='ocrx_word' id='word_1_39' title='bbox 33 620 217 675; x_wconf 59' lang='lat' dir='ltr'><strong>names</strong></span> <span class='ocrx_word' id='word_1_40' title='bbox 262 619 414 689; x_wconf 88' lang='lat' dir='ltr'><strong>longe</strong></span> <span class='ocrx_word' id='word_1_41' title='bbox 466 621 658 676; x_wconf 86' lang='lat' dir='ltr'><strong>distant</strong></span> <span class='ocrx_word' id='word_1_42' title='bbox 712 639 743 674; x_wconf 85' lang='lat' dir='ltr'><strong>a</strong></span> <span class='ocrx_word' id='word_1_43' title='bbox 795 622 1026 674; x_wconf 87' lang='lat' dir='ltr'><strong>doctrina</strong></span> 
     </span>
     <span class='ocr_line' id='line_1_12' title="bbox 35 692 1024 752; baseline -0.001 -4"><span class='ocrx_word' id='word_1_44' title='bbox 35 692 286 752; x_wconf 75' lang='lat' dir='ltr'><strong>Ecclesiae</strong></span> <span class='ocrx_word' id='word_1_45' title='bbox 332 694 648 747; x_wconf 85' lang='lat' dir='ltr'><strong>catholicae.</strong></span> <span class='ocrx_word' id='word_1_46' title='bbox 695 695 835 747; x_wconf 86' lang='lat' dir='ltr'><strong>Haec</strong></span> <span class='ocrx_word' id='word_1_47' title='bbox 888 696 1024 747; x_wconf 89' lang='lat' dir='ltr'><strong>enim</strong></span> 
     </span>
     <span class='ocr_line' id='line_1_13' title="bbox 27 767 1026 838; baseline -0.002 -16"><span class='ocrx_word' id='word_1_48' title='bbox 27 768 204 829; x_wconf 77' lang='lat' dir='ltr'><strong>tradit,</strong></span> <span class='ocrx_word' id='word_1_49' title='bbox 247 767 524 821; x_wconf 87' lang='lat' dir='ltr'><strong>daemones</strong></span> <span class='ocrx_word' id='word_1_50' title='bbox 559 784 673 820; x_wconf 87' lang='lat' dir='ltr'><strong>esse</strong></span> <span class='ocrx_word' id='word_1_51' title='bbox 700 770 913 838; x_wconf 89' lang='lat' dir='ltr'><strong>spiritus</strong></span> <span class='ocrx_word' id='word_1_52' title='bbox 940 770 1026 838; x_wconf 92' lang='lat' dir='ltr'><strong>qui</strong></span> 
     </span>
     <span class='ocr_line' id='line_1_14' title="bbox 0 843 1028 912; baseline 0 -18"><span class='ocrx_word' id='word_1_53' title='bbox 0 849 397 912; x_wconf 68' lang='lat' dir='ltr'><strong>peccaverunt,</strong></span> <span class='ocrx_word' id='word_1_54' title='bbox 442 850 493 895; x_wconf 88' lang='lat' dir='ltr'><strong>et</strong></span> <span class='ocrx_word' id='word_1_55' title='bbox 535 843 647 896; x_wconf 89' lang='lat' dir='ltr'><strong>ideo</strong></span> <span class='ocrx_word' id='word_1_56' title='bbox 674 859 765 895; x_wconf 86' lang='lat' dir='ltr'><strong>sua</strong></span> <span class='ocrx_word' id='word_1_57' title='bbox 807 843 1028 896; x_wconf 88' lang='lat' dir='ltr'><strong>heatitu-</strong></span> 
     </span>
     <span class='ocr_line' id='line_1_15' title="bbox 31 914 1029 985; baseline -0.002 -15"><span class='ocrx_word' id='word_1_58' title='bbox 31 914 371 984; x_wconf 38' lang='lat' dir='ltr'><strong>dineipnivatss</strong></span> <span class='ocrx_word' id='word_1_59' title='bbox 385 917 533 969; x_wconf 89' lang='lat' dir='ltr'><strong>iustis</strong></span> <span class='ocrx_word' id='word_1_60' title='bbox 555 918 732 985; x_wconf 89' lang='lat' dir='ltr'><strong>poenis</strong></span> <span class='ocrx_word' id='word_1_61' title='bbox 752 917 1029 970; x_wconf 89' lang='lat' dir='ltr'><strong>subiiciun-</strong></span> 
     </span>
     <span class='ocr_line' id='line_1_16' title="bbox 33 988 1027 1045; baseline -0.003 0"><span class='ocrx_word' id='word_1_62' title='bbox 33 996 132 1045; x_wconf 84' lang='lat' dir='ltr'><strong>tur.</strong></span> <span class='ocrx_word' id='word_1_63' title='bbox 195 988 277 1041; x_wconf 90' lang='lat' dir='ltr'><strong>In·</strong></span> <span class='ocrx_word' id='word_1_64' title='bbox 316 988 415 1042; x_wconf 90' lang='lat' dir='ltr'><strong>bac</strong></span> <span class='ocrx_word' id='word_1_65' title='bbox 466 991 778 1044; x_wconf 87' lang='lat' dir='ltr'><strong>daemonum</strong></span> <span class='ocrx_word' id='word_1_66' title='bbox 820 993 1027 1044; x_wconf 89' lang='lat' dir='ltr'><strong>notione</strong></span> 
     </span>
     <span class='ocr_line' id='line_1_17' title="bbox 33 1062 1027 1133; baseline 0.001 -16"><span class='ocrx_word' id='word_1_67' title='bbox 33 1069 171 1130; x_wconf 60' lang='lat' dir='ltr'><strong>carte</strong></span> <span class='ocrx_word' id='word_1_68' title='bbox 212 1062 339 1115; x_wconf 89' lang='lat' dir='ltr'><strong>nihil</strong></span> <span class='ocrx_word' id='word_1_69' title='bbox 381 1070 459 1117; x_wconf 90' lang='lat' dir='ltr'><strong>est</strong></span> <span class='ocrx_word' id='word_1_70' title='bbox 486 1106 497 1127; x_wconf 92' lang='lat'><strong>,</strong></span> <span class='ocrx_word' id='word_1_71' title='bbox 560 1066 694 1133; x_wconf 93' lang='lat' dir='ltr'><strong>quod</strong></span> <span class='ocrx_word' id='word_1_72' title='bbox 735 1073 906 1118; x_wconf 87' lang='lat' dir='ltr'><strong>rectae</strong></span> <span class='ocrx_word' id='word_1_73' title='bbox 947 1083 1027 1118; x_wconf 86' lang='lat' dir='ltr'><strong>ra-</strong></span> 
     </span>
     <span class='ocr_line' id='line_1_18' title="bbox 22 1136 1027 1213; baseline 0 -22"><span class='ocrx_word' id='word_1_74' title='bbox 22 1136 155 1213; x_wconf 16' lang='lat' dir='ltr'><strong>*tioni</strong></span> <span class='ocrx_word' id='word_1_75' title='bbox 196 1138 535 1191; x_wconf 74' lang='lat' dir='ltr'><strong>contradicat.</strong></span> <span class='ocrx_word' id='word_1_76' title='bbox 581 1139 781 1207; x_wconf 81' lang='lat' dir='ltr'><strong>Magnis</strong></span> <span class='ocrx_word' id='word_1_77' title='bbox 820 1139 1027 1208; x_wconf 88' lang='lat' dir='ltr'><strong>quidem</strong></span> 
     </span>
     <span class='ocr_line' id='line_1_19' title="bbox 31 1209 1028 1281; baseline 0.002 -18"><span class='ocrx_word' id='word_1_78' title='bbox 31 1209 176 1271; x_wconf 72' lang='lat' dir='ltr'><strong>donis</strong></span> <span class='ocrx_word' id='word_1_79' title='bbox 216 1227 395 1263; x_wconf 86' lang='lat' dir='ltr'><strong>omnes</strong></span> <span class='ocrx_word' id='word_1_80' title='bbox 432 1211 618 1281; x_wconf 85' lang='lat' dir='ltr'><strong>Angeli</strong></span> <span class='ocrx_word' id='word_1_81' title='bbox 674 1215 724 1265; x_wconf 91' lang='lat' dir='ltr'><strong>in</strong></span> <span class='ocrx_word' id='word_1_82' title='bbox 767 1214 1028 1266; x_wconf 81' lang='lat' dir='ltr'><strong>creatione</strong></span> 
     </span>
     <span class='ocr_line' id='line_1_20' title="bbox 30 1283 1027 1345; baseline 0.001 -7"><span class='ocrx_word' id='word_1_83' title='bbox 30 1283 204 1338; x_wconf 87' lang='lat' dir='ltr'><strong>donati</strong></span> <span class='ocrx_word' id='word_1_84' title='bbox 246 1286 494 1345; x_wconf 87' lang='lat' dir='ltr'><strong>fuerunt,</strong></span> <span class='ocrx_word' id='word_1_85' title='bbox 547 1294 626 1339; x_wconf 86' lang='lat' dir='ltr'><strong>ast</strong></span> <span class='ocrx_word' id='word_1_86' title='bbox 679 1287 791 1340; x_wconf 89' lang='lat' dir='ltr'><strong>ideo</strong></span> <span class='ocrx_word' id='word_1_87' title='bbox 843 1287 1027 1339; x_wconf 89' lang='lat' dir='ltr'><strong>infiniti</strong></span> 
     </span>
     <span class='ocr_line' id='line_1_21' title="bbox 31 1357 1029 1422; baseline 0.003 -11"><span class='ocrx_word' id='word_1_88' title='bbox 31 1357 150 1412; x_wconf 65' lang='lat' dir='ltr'><strong>facti</strong></span> <span class='ocrx_word' id='word_1_89' title='bbox 192 1374 293 1410; x_wconf 93' lang='lat' dir='ltr'><strong>non</strong></span> <span class='ocrx_word' id='word_1_90' title='bbox 333 1366 483 1422; x_wconf 90' lang='lat' dir='ltr'><strong>sunt,</strong></span> <span class='ocrx_word' id='word_1_91' title='bbox 527 1361 614 1413; x_wconf 89' lang='lat' dir='ltr'><strong>sed</strong></span> <span class='ocrx_word' id='word_1_92' title='bbox 656 1362 784 1413; x_wconf 85' lang='lat' dir='ltr'><strong>finiti</strong></span> <span class='ocrx_word' id='word_1_93' title='bbox 826 1378 1029 1414; x_wconf 88' lang='lat' dir='ltr'><strong>manse-</strong></span> 
     </span>
     <span class='ocr_line' id='line_1_22' title="bbox 30 1432 1028 1503; baseline 0.004 -20"><span class='ocrx_word' id='word_1_94' title='bbox 30 1439 188 1502; x_wconf 60' lang='lat' dir='ltr'><strong>runt,</strong></span> <span class='ocrx_word' id='word_1_95' title='bbox 233 1432 469 1485; x_wconf 83' lang='lat' dir='ltr'><strong>libertate</strong></span> <span class='ocrx_word' id='word_1_96' title='bbox 522 1451 723 1503; x_wconf 87' lang='lat' dir='ltr'><strong>quoque</strong></span> <span class='ocrx_word' id='word_1_97' title='bbox 774 1436 1028 1502; x_wconf 86' lang='lat' dir='ltr'><strong>probatio-</strong></span> 
     </span>
     <span class='ocr_line' id='line_1_23' title="bbox 30 1506 1026 1577; baseline 0.003 -19"><span class='ocrx_word' id='word_1_98' title='bbox 30 1506 113 1558; x_wconf 86' lang='lat' dir='ltr'><strong>nis</strong></span> <span class='ocrx_word' id='word_1_99' title='bbox 172 1513 405 1574; x_wconf 89' lang='lat' dir='ltr'><strong>tempore</strong></span> <span class='ocrx_word' id='word_1_100' title='bbox 471 1509 706 1575; x_wconf 84' lang='lat' dir='ltr'><strong>praediti.</strong></span> <span class='ocrx_word' id='word_1_101' title='bbox 775 1509 1026 1577; x_wconf 86' lang='lat' dir='ltr'><strong>Quidquid</strong></span> 
     </span>
     <span class='ocr_line' id='line_1_24' title="bbox 29 1581 1029 1642; baseline 0.003 -10"><span class='ocrx_word' id='word_1_102' title='bbox 29 1581 209 1632; x_wconf 69' lang='lat' dir='ltr'><strong>nutem</strong></span> <span class='ocrx_word' id='word_1_103' title='bbox 252 1581 452 1632; x_wconf 82' lang='lat' dir='ltr'><strong>finitum</strong></span> <span class='ocrx_word' id='word_1_104' title='bbox 492 1590 608 1642; x_wconf 89' lang='lat' dir='ltr'><strong>est,</strong></span> <span class='ocrx_word' id='word_1_105' title='bbox 672 1583 815 1635; x_wconf 85' lang='lat' dir='ltr'><strong>iuxta</strong></span> <span class='ocrx_word' id='word_1_106' title='bbox 858 1584 1029 1635; x_wconf 90' lang='lat' dir='ltr'><strong>condi-</strong></span> 
     </span>
     <span class='ocr_line' id='line_1_25' title="bbox 37 1653 1030 1713; baseline 0.003 -7"><span class='ocrx_word' id='word_1_107' title='bbox 37 1653 228 1713; x_wconf 76' lang='lat' dir='ltr'><strong>tionem</strong></span> <span class='ocrx_word' id='word_1_108' title='bbox 268 1670 393 1706; x_wconf 88' lang='lat' dir='ltr'><strong>suae</strong></span> <span class='ocrx_word' id='word_1_109' title='bbox 431 1664 649 1708; x_wconf 88' lang='lat' dir='ltr'><strong>naturae</strong></span> <span class='ocrx_word' id='word_1_110' title='bbox 706 1673 938 1710; x_wconf 89' lang='lat' dir='ltr'><strong>crescere</strong></span> <span class='ocrx_word' id='word_1_111' title='bbox 979 1664 1030 1709; x_wconf 91' lang='lat' dir='ltr'><strong>et</strong></span> 
     </span>
     <span class='ocr_line' id='line_1_26' title="bbox 31 1726 1030 1798; baseline 0.001 -17"><span class='ocrx_word' id='word_1_112' title='bbox 31 1726 366 1788; x_wconf 78' lang='lat' dir='ltr'><strong>decrescere,</strong></span> <span class='ocrx_word' id='word_1_113' title='bbox 409 1734 565 1798; x_wconf 85' lang='lat' dir='ltr'><strong>atque</strong></span> <span class='ocrx_word' id='word_1_114' title='bbox 613 1731 767 1782; x_wconf 88' lang='lat' dir='ltr'><strong>etiam</strong></span> <span class='ocrx_word' id='word_1_115' title='bbox 809 1748 837 1782; x_wconf 86' lang='lat' dir='ltr'><strong>a</strong></span> <span class='ocrx_word' id='word_1_116' title='bbox 879 1733 1030 1783; x_wconf 89' lang='lat' dir='ltr'><strong>recti-</strong></span> 
     </span>
     <span class='ocr_line' id='line_1_27' title="bbox 31 1801 1027 1871; baseline 0.003 -17"><span class='ocrx_word' id='word_1_117' title='bbox 31 1801 212 1854; x_wconf 72' lang='lat' dir='ltr'><strong>tudine</strong></span> <span class='ocrx_word' id='word_1_118' title='bbox 234 1801 454 1854; x_wconf 85' lang='lat' dir='ltr'><strong>deficere</strong></span> <span class='ocrx_word' id='word_1_119' title='bbox 478 1810 662 1871; x_wconf 88' lang='lat' dir='ltr'><strong>potest.</strong></span> <span class='ocrx_word' id='word_1_120' title='bbox 686 1804 1027 1866; x_wconf 82' lang='lat' dir='ltr'><strong>Quamobrem</strong></span> 
     </span>
     <span class='ocr_line' id='line_1_28' title="bbox 28 1874 1027 1931; baseline 0.003 -3"><span class='ocrx_word' id='word_1_121' title='bbox 28 1874 175 1928; x_wconf 74' lang='lat' dir='ltr'><strong>-wlus</strong></span> <span class='ocrx_word' id='word_1_122' title='bbox 201 1874 340 1928; x_wconf 91' lang='lat' dir='ltr'><strong>Deus</strong></span> <span class='ocrx_word' id='word_1_123' title='bbox 367 1876 599 1930; x_wconf 85' lang='lat' dir='ltr'><strong>infinitus</strong></span> <span class='ocrx_word' id='word_1_124' title='bbox 627 1894 692 1931; x_wconf 83' lang='lat' dir='ltr'><strong>ex</strong></span> <span class='ocrx_word' id='word_1_125' title='bbox 722 1885 908 1931; x_wconf 83' lang='lat' dir='ltr'><strong>natura</strong></span> <span class='ocrx_word' id='word_1_126' title='bbox 936 1895 1027 1931; x_wconf 83' lang='lat' dir='ltr'><strong>sua</strong></span> 
     </span>
     <span class='ocr_line' id='line_1_29' title="bbox 31 1946 521 2018; baseline -0.002 -14"><span class='ocrx_word' id='word_1_127' title='bbox 31 1946 385 2018; x_wconf 58' lang='lat' dir='ltr'><strong>impeccabilis</strong></span> <span class='ocrx_word' id='word_1_128' title='bbox 425 1958 521 2003; x_wconf 81' lang='lat' dir='ltr'><strong>est.</strong></span> 
     </span>
    </p>

    <p class='ocr_par' dir='ltr' id='par_1_4' title="bbox 2 2022 1044 3576">
     <span class='ocr_line' id='line_1_30' title="bbox 36 2022 1024 2086; baseline 0.004 -11"><span class='ocrx_word' id='word_1_129' title='bbox 36 2044 49 2075; x_wconf 65' lang='grc' dir='ltr'>ι</span> <span class='ocrx_word' id='word_1_130' title='bbox 109 2022 325 2078; x_wconf 61' lang='grc' dir='ltr'><em>0ῠί..2“</em></span> <span class='ocrx_word' id='word_1_131' title='bbox 348 2024 561 2077; x_wconf 84' lang='lat' dir='ltr'><strong>Nomina</strong></span> <span class='ocrx_word' id='word_1_132' title='bbox 584 2025 782 2086; x_wconf 83' lang='lat' dir='ltr'><strong>diaboli,</strong></span> <span class='ocrx_word' id='word_1_133' title='bbox 808 2035 1024 2086; x_wconf 78' lang='lat' dir='ltr'><strong>satanae,</strong></span> 
     </span>
     <span class='ocr_line' id='line_1_31' title="bbox 36 2097 1030 2168; baseline 0 -17"><span class='ocrx_word' id='word_1_134' title='bbox 36 2097 322 2151; x_wconf 78' lang='lat' dir='ltr'><strong>daemonum</strong></span> <span class='ocrx_word' id='word_1_135' title='bbox 362 2107 462 2152; x_wconf 86' lang='lat' dir='ltr'><strong>etc.</strong></span> <span class='ocrx_word' id='word_1_136' title='bbox 508 2116 639 2168; x_wconf 87' lang='lat' dir='ltr'><strong>quae</strong></span> <span class='ocrx_word' id='word_1_137' title='bbox 666 2100 716 2151; x_wconf 91' lang='lat' dir='ltr'><strong>in</strong></span> <span class='ocrx_word' id='word_1_138' title='bbox 746 2099 828 2152; x_wconf 80' lang='lat' dir='ltr'><strong>Ss.</strong></span> <span class='ocrx_word' id='word_1_139' title='bbox 855 2100 1030 2152; x_wconf 87' lang='lat' dir='ltr'><strong>Bibliis</strong></span> 
     </span>
     <span class='ocr_line' id='line_1_32' title="bbox 32 2174 1029 2242; baseline 0.004 -20"><span class='ocrx_word' id='word_1_140' title='bbox 32 2179 354 2234; x_wconf 89' lang='lat' dir='ltr'><strong>occurrunt,</strong></span> <span class='ocrx_word' id='word_1_141' title='bbox 399 2189 498 2225; x_wconf 91' lang='lat' dir='ltr'><strong>non</strong></span> <span class='ocrx_word' id='word_1_142' title='bbox 542 2174 816 2242; x_wconf 88' lang='lat' dir='ltr'><strong>designant</strong></span> <span class='ocrx_word' id='word_1_143' title='bbox 859 2191 1029 2241; x_wconf 87' lang='lat' dir='ltr'><strong>perso-</strong></span> 
     </span>
     <span class='ocr_line' id='line_1_33' title="bbox 32 2245 1032 2315; baseline 0.002 -17"><span class='ocrx_word' id='word_1_144' title='bbox 32 2256 127 2298; x_wconf 76' lang='lat' dir='ltr'><strong>‘nas</strong></span> <span class='ocrx_word' id='word_1_145' title='bbox 166 2245 385 2315; x_wconf 80' lang='lat' dir='ltr'><strong>aliquaS‚</strong></span> <span class='ocrx_word' id='word_1_146' title='bbox 428 2248 515 2299; x_wconf 88' lang='lat' dir='ltr'><strong>sed</strong></span> <span class='ocrx_word' id='word_1_147' title='bbox 549 2249 684 2299; x_wconf 86' lang='lat' dir='ltr'><strong>mala</strong></span> <span class='ocrx_word' id='word_1_148' title='bbox 729 2249 939 2300; x_wconf 88' lang='lat' dir='ltr'><strong>moralia</strong></span> <span class='ocrx_word' id='word_1_149' title='bbox 980 2255 1032 2300; x_wconf 90' lang='lat' dir='ltr'><strong>et</strong></span> 
     </span>
     <span class='ocr_line' id='line_1_34' title="bbox 23 2318 1032 2389; baseline 0.003 -18"><span class='ocrx_word' id='word_1_150' title='bbox 23 2318 271 2388; x_wconf 62' lang='lat' dir='ltr'><strong>physica,</strong></span> <span class='ocrx_word' id='word_1_151' title='bbox 315 2329 536 2389; x_wconf 81' lang='lat' dir='ltr'><strong>suntque</strong></span> <span class='ocrx_word' id='word_1_152' title='bbox 565 2323 798 2373; x_wconf 88' lang='lat' dir='ltr'><strong>notiones</strong></span> <span class='ocrx_word' id='word_1_153' title='bbox 836 2323 1032 2374; x_wconf 86' lang='lat' dir='ltr'><strong>abstra-</strong></span> 
     </span>
     <span class='ocr_line' id='line_1_35' title="bbox 33 2393 1030 2464; baseline 0.002 -18"><span class='ocrx_word' id='word_1_154' title='bbox 33 2399 169 2446; x_wconf 74' lang='lat' dir='ltr'><strong>ctae.</strong></span> <span class='ocrx_word' id='word_1_155' title='bbox 213 2393 440 2446; x_wconf 87' lang='lat' dir='ltr'><strong>Realiter</strong></span> <span class='ocrx_word' id='word_1_156' title='bbox 474 2411 596 2463; x_wconf 88' lang='lat' dir='ltr'><strong>ergo</strong></span> <span class='ocrx_word' id='word_1_157' title='bbox 626 2403 887 2464; x_wconf 77' lang='lat' dir='ltr'><strong>tamquam</strong></span> <span class='ocrx_word' id='word_1_158' title='bbox 919 2413 1030 2464; x_wconf 89' lang='lat' dir='ltr'><strong>per·</strong></span> 
     </span>
     <span class='ocr_line' id='line_1_36' title="bbox 40 2468 1025 2534; baseline 0.002 -14"><span class='ocrx_word' id='word_1_159' title='bbox 40 2481 193 2520; x_wconf 77' lang='lat' dir='ltr'><strong>sonae</strong></span> <span class='ocrx_word' id='word_1_160' title='bbox 233 2468 417 2534; x_wconf 87' lang='lat' dir='ltr'><strong>Angeli</strong></span> <span class='ocrx_word' id='word_1_161' title='bbox 460 2470 579 2520; x_wconf 84' lang='lat' dir='ltr'><strong>mali</strong></span> <span class='ocrx_word' id='word_1_162' title='bbox 632 2486 732 2521; x_wconf 90' lang='lat' dir='ltr'><strong>non</strong></span> <span class='ocrx_word' id='word_1_163' title='bbox 775 2471 1025 2522; x_wconf 83' lang='lat' dir='ltr'><strong>existunt.</strong></span> 
     </span>
     <span class='ocr_line' id='line_1_37' title="bbox 51 2537 1030 2612; baseline 0.002 -18"><span class='ocrx_word' id='word_1_164' title='bbox 51 2537 250 2609; x_wconf 48' lang='lat' dir='ltr'><strong>«Resp.</strong></span> <span class='ocrx_word' id='word_1_165' title='bbox 294 2541 770 2611; x_wconf 20' lang='lat' dir='ltr'><strong>Haec-sententia,</strong></span> <span class='ocrx_word' id='word_1_166' title='bbox 831 2560 961 2612; x_wconf 89' lang='lat' dir='ltr'><strong>quae</strong></span> <span class='ocrx_word' id='word_1_167' title='bbox 1003 2561 1030 2596; x_wconf 89' lang='lat' dir='ltr'><strong>a</strong></span> 
     </span>
     <span class='ocr_line' id='line_1_38' title="bbox 33 2615 1031 2677; baseline 0.002 -9"><span class='ocrx_word' id='word_1_168' title='bbox 33 2615 299 2671; x_wconf 65' lang='lat' dir='ltr'><strong>nonnullis</strong></span> <span class='ocrx_word' id='word_1_169' title='bbox 319 2618 700 2677; x_wconf 67' lang='lat' dir='ltr'><strong>recentioribus</strong></span> <span class='ocrx_word' id='word_1_170' title='bbox 731 2620 843 2670; x_wconf 89' lang='lat' dir='ltr'><strong>sine</strong></span> <span class='ocrx_word' id='word_1_171' title='bbox 870 2618 1031 2670; x_wconf 90' lang='lat' dir='ltr'><strong>solida</strong></span> 
     </span>
     <span class='ocr_line' id='line_1_39' title="bbox 34 2688 1034 2760; baseline 0.004 -22"><span class='ocrx_word' id='word_1_172' title='bbox 34 2688 234 2741; x_wconf 64' lang='lat' dir='ltr'><strong>,ratione</strong></span> <span class='ocrx_word' id='word_1_173' title='bbox 274 2705 338 2742; x_wconf 85' lang='lat' dir='ltr'><strong>ex</strong></span> <span class='ocrx_word' id='word_1_174' title='bbox 374 2691 571 2759; x_wconf 84' lang='lat' dir='ltr'><strong>tripode</strong></span> <span class='ocrx_word' id='word_1_175' title='bbox 601 2691 875 2759; x_wconf 86' lang='lat' dir='ltr'><strong>profertur,</strong></span> <span class='ocrx_word' id='word_1_176' title='bbox 910 2693 1034 2760; x_wconf 87' lang='lat' dir='ltr'><strong>legi-</strong></span> 
     </span>
     <span class='ocr_line' id='line_1_40' title="bbox 30 2760 1035 2834; baseline 0.004 -21"><span class='ocrx_word' id='word_1_177' title='bbox 30 2760 136 2834; x_wconf 64' lang='lat' dir='ltr'><strong>?bus</strong></span> <span class='ocrx_word' id='word_1_178' title='bbox 175 2770 343 2815; x_wconf 85' lang='lat' dir='ltr'><strong>iustae</strong></span> <span class='ocrx_word' id='word_1_179' title='bbox 383 2765 822 2832; x_wconf 75' lang='lat' dir='ltr'><strong>interpretationis</strong></span> <span class='ocrx_word' id='word_1_180' title='bbox 869 2767 1035 2818; x_wconf 84' lang='lat' dir='ltr'><strong>mani-</strong></span> 
     </span>
     <span class='ocr_line' id='line_1_41' title="bbox 30 2821 1037 2907; baseline 0.004 -20"><span class='ocrx_word' id='word_1_181' title='bbox 30 2821 169 2904; x_wconf 54' lang='lat' dir='ltr'><strong>{leste</strong></span> <span class='ocrx_word' id='word_1_182' title='bbox 211 2845 486 2905; x_wconf 84' lang='lat' dir='ltr'><strong>repugnat.</strong></span> <span class='ocrx_word' id='word_1_183' title='bbox 517 2837 646 2890; x_wconf 88' lang='lat' dir='ltr'><strong>Nam</strong></span> <span class='ocrx_word' id='word_1_184' title='bbox 687 2839 896 2907; x_wconf 87' lang='lat' dir='ltr'><strong>regulae</strong></span> <span class='ocrx_word' id='word_1_185' title='bbox 922 2840 1037 2891; x_wconf 87' lang='lat' dir='ltr'><strong>her-</strong></span> 
     </span>
     <span class='ocr_line' id='line_1_42' title="bbox 31 2912 1036 2981; baseline 0.003 -19"><span class='ocrx_word' id='word_1_186' title='bbox 31 2912 369 2979; x_wconf 53' lang='lat' dir='ltr'><strong>·ffieneuticae</strong></span> <span class='ocrx_word' id='word_1_187' title='bbox 419 2919 743 2981; x_wconf 88' lang='lat' dir='ltr'><strong>exposcunt,</strong></span> <span class='ocrx_word' id='word_1_188' title='bbox 806 2921 862 2964; x_wconf 92' lang='lat' dir='ltr'><strong>ut</strong></span> <span class='ocrx_word' id='word_1_189' title='bbox 904 2914 1036 2965; x_wconf 90' lang='lat' dir='ltr'><strong>titte-</strong></span> 
     </span>
     <span class='ocr_line' id='line_1_43' title="bbox 27 2963 1038 3054; baseline 0.003 -18"><span class='ocrx_word' id='word_1_190' title='bbox 27 2963 353 3042; x_wconf 53' lang='lat' dir='ltr'><strong>{tali-sensui</strong></span> <span class='ocrx_word' id='word_1_191' title='bbox 393 2987 597 3054; x_wconf 86' lang='lat' dir='ltr'><strong>proprio</strong></span> <span class='ocrx_word' id='word_1_192' title='bbox 643 2986 911 3039; x_wconf 87' lang='lat' dir='ltr'><strong>inhaereat</strong></span> <span class='ocrx_word' id='word_1_193' title='bbox 962 2987 1038 3038; x_wconf 90' lang='lat' dir='ltr'><strong>in-</strong></span> 
     </span>
     <span class='ocr_line' id='line_1_44' title="bbox 27 3059 1037 3126; baseline 0.001 -16"><span class='ocrx_word' id='word_1_194' title='bbox 27 3059 280 3126; x_wconf 61' lang='lat' dir='ltr'><strong>xtenpres,</strong></span> <span class='ocrx_word' id='word_1_195' title='bbox 333 3060 430 3112; x_wconf 91' lang='lat' dir='ltr'><strong>nisi</strong></span> <span class='ocrx_word' id='word_1_196' title='bbox 484 3060 567 3112; x_wconf 86' lang='lat' dir='ltr'><strong>vel</strong></span> <span class='ocrx_word' id='word_1_197' title='bbox 626 3068 797 3113; x_wconf 87' lang='lat' dir='ltr'><strong>rectae</strong></span> <span class='ocrx_word' id='word_1_198' title='bbox 855 3061 1037 3112; x_wconf 85' lang='lat' dir='ltr'><strong>rationi</strong></span> 
     </span>
     <span class='ocr_line' id='line_1_45' title="bbox 36 3130 1040 3202; baseline 0.004 -20"><span class='ocrx_word' id='word_1_199' title='bbox 36 3130 201 3185; x_wconf 44' lang='lat' dir='ltr'><strong>herba</strong></span> <span class='ocrx_word' id='word_1_200' title='bbox 239 3133 524 3186; x_wconf 88' lang='lat' dir='ltr'><strong>secundum</strong></span> <span class='ocrx_word' id='word_1_201' title='bbox 562 3134 789 3187; x_wconf 85' lang='lat' dir='ltr'><strong>litteram</strong></span> <span class='ocrx_word' id='word_1_202' title='bbox 827 3142 1040 3202; x_wconf 86' lang='lat' dir='ltr'><strong>accepta</strong></span> 
     </span>
     <span class='ocr_line' id='line_1_46' title="bbox 28 3203 1042 3277; baseline 0.003 -20"><span class='ocrx_word' id='word_1_203' title='bbox 28 3203 408 3269; x_wconf 43' lang='lat' dir='ltr'><strong>adversentur,</strong></span> <span class='ocrx_word' id='word_1_204' title='bbox 451 3207 533 3260; x_wconf 87' lang='lat' dir='ltr'><strong>vel</strong></span> <span class='ocrx_word' id='word_1_205' title='bbox 575 3207 763 3260; x_wconf 82' lang='lat' dir='ltr'><strong>clarior</strong></span> <span class='ocrx_word' id='word_1_206' title='bbox 800 3215 1042 3277; x_wconf 84' lang='lat' dir='ltr'><strong>suppetat</strong></span> 
     </span>
     <span class='ocr_line' id='line_1_47' title="bbox 21 3275 1044 3354; baseline -0.001 -19"><span class='ocrx_word' id='word_1_207' title='bbox 21 3275 327 3354; x_wconf 45' lang='lat' dir='ltr'><strong>v‘locus‘fqui</strong></span> <span class='ocrx_word' id='word_1_208' title='bbox 353 3297 563 3334; x_wconf 86' lang='lat' dir='ltr'><strong>sensum</strong></span> <span class='ocrx_word' id='word_1_209' title='bbox 593 3282 927 3351; x_wconf 87' lang='lat' dir='ltr'><strong>improprium</strong></span> <span class='ocrx_word' id='word_1_210' title='bbox 955 3299 1044 3335; x_wconf 87' lang='lat' dir='ltr'><strong>ex-</strong></span> 
     </span>
     <span class='ocr_line' id='line_1_48' title="bbox 3 3349 1042 3428; baseline 0.007 -26"><span class='ocrx_word' id='word_1_211' title='bbox 3 3349 223 3428; x_wconf 53' lang='lat' dir='ltr'><strong>&lt;fflicet.</strong></span> <span class='ocrx_word' id='word_1_212' title='bbox 250 3353 355 3407; x_wconf 82' lang='lat' dir='ltr'><strong>Sed</strong></span> <span class='ocrx_word' id='word_1_213' title='bbox 376 3355 684 3409; x_wconf 87' lang='lat' dir='ltr'><strong>daemonum</strong></span> <span class='ocrx_word' id='word_1_214' title='bbox 709 3356 1042 3409; x_wconf 83' lang='lat' dir='ltr'><strong>existentiam</strong></span> 
     </span>
     <span class='ocr_line' id='line_1_49' title="bbox 42 3428 1043 3500; baseline 0.004 -21"><span class='ocrx_word' id='word_1_215' title='bbox 42 3431 224 3482; x_wconf 72' lang='lat' dir='ltr'><strong>‚rectae</strong></span> <span class='ocrx_word' id='word_1_216' title='bbox 262 3428 444 3480; x_wconf 87' lang='lat' dir='ltr'><strong>rationi</strong></span> <span class='ocrx_word' id='word_1_217' title='bbox 475 3445 575 3482; x_wconf 93' lang='lat' dir='ltr'><strong>non</strong></span> <span class='ocrx_word' id='word_1_218' title='bbox 604 3430 891 3492; x_wconf 84' lang='lat' dir='ltr'><strong>adversari,</strong></span> <span class='ocrx_word' id='word_1_219' title='bbox 931 3447 1043 3500; x_wconf 90' lang='lat' dir='ltr'><strong>pro-</strong></span> 
     </span>
     <span class='ocr_line' id='line_1_50' title="bbox 32 3491 1044 3576; baseline 0.01 -27.712"><span class='ocrx_word' id='word_1_220' title='bbox 2 3491 227 3576; x_wconf 43' lang='lat' dir='ltr'><strong>statum</strong></span> <span class='ocrx_word' id='word_1_221' title='bbox 267 3506 365 3553; x_wconf 86' lang='lat' dir='ltr'><strong>est.</strong></span> <span class='ocrx_word' id='word_1_222' title='bbox 406 3500 622 3556; x_wconf 80' lang='lat' dir='ltr'><strong>Frustra</strong></span> <span class='ocrx_word' id='word_1_223' title='bbox 660 3518 865 3573; x_wconf 83' lang='lat' dir='ltr'><strong>quoque</strong></span> <span class='ocrx_word' id='word_1_224' title='bbox 915 3504 1044 3558; x_wconf 87' lang='lat' dir='ltr'><strong>hac-</strong></span> 
     </span>
    </p>
   </div>
   <div class='ocr_carea' id='block_1_4' title="bbox 38 3610 936 3664">
    <p class='ocr_par' dir='ltr' id='par_1_5' title="bbox 38 3610 936 3664">
     <span class='ocr_line' id='line_1_51' title="bbox 38 3610 936 3664; baseline 0.003 -12"><span class='ocrx_word' id='word_1_225' title='bbox 38 3635 63 3652; x_wconf 69' lang='lat'><strong>1»</strong></span> <span class='ocrx_word' id='word_1_226' title='bbox 100 3646 101 3649; x_wconf 65' lang='grc'>,</span> <span class='ocrx_word' id='word_1_227' title='bbox 169 3610 317 3661; x_wconf 72' lang='lat' dir='ltr'><strong>Knou,</strong></span> <span class='ocrx_word' id='word_1_228' title='bbox 350 3610 496 3658; x_wconf 67' lang='lat' dir='ltr'><strong>Theol.</strong></span> <span class='ocrx_word' id='word_1_229' title='bbox 524 3614 678 3664; x_wconf 72' lang='lat' dir='ltr'><strong>Doqm.</strong></span> <span class='ocrx_word' id='word_1_230' title='bbox 706 3639 759 3646; x_wconf 80' lang='lat'><strong>--</strong></span> <span class='ocrx_word' id='word_1_231' title='bbox 794 3613 884 3657; x_wconf 75' lang='lat' dir='ltr'><strong>Vol.</strong></span> <span class='ocrx_word' id='word_1_232' title='bbox 913 3613 936 3655; x_wconf 84' lang='grc' dir='ltr'><strong><em>Ι</em></strong></span> 
     </span>
    </p>
   </div>
   <div class='ocr_carea' id='block_1_5' title="bbox 6 3666 73 3718">
    <p class='ocr_par' dir='ltr' id='par_1_6' title="bbox 6 3666 73 3718">
     <span class='ocr_line' id='line_1_52' title="bbox 6 3666 73 3718; baseline -0.03 0"><span class='ocrx_word' id='word_1_233' title='bbox 6 3688 10 3689; x_wconf 49' lang='grc'>’</span> <span class='ocrx_word' id='word_1_234' title='bbox 39 3666 73 3718; x_wconf 60' lang='lat'><strong>3}-</strong></span> 
     </span>
    </p>
   </div>
   <div class='ocr_carea' id='block_1_6' title="bbox 1886 157 1998 213">
    <p class='ocr_par' dir='ltr' id='par_1_7' title="bbox 1886 157 1998 213">
     <span class='ocr_line' id='line_1_53' title="bbox 1886 157 1998 213; baseline 0 -2"><span class='ocrx_word' id='word_1_235' title='bbox 1886 157 1998 213; x_wconf 75' lang='lat'><strong>2⁸75</strong></span> 
     </span>
    </p>
   </div>
   <div class='ocr_carea' id='block_1_7' title="bbox 1089 249 2111 2389">
    <p class='ocr_par' dir='ltr' id='par_1_8' title="bbox 1089 249 2111 2389">
     <span class='ocr_line' id='line_1_54' title="bbox 1091 249 2094 320; baseline -0.001 -13"><span class='ocrx_word' id='word_1_236' title='bbox 1091 260 1242 307; x_wconf 87' lang='lat' dir='ltr'><strong>tenus</strong></span> <span class='ocrx_word' id='word_1_237' title='bbox 1280 252 1609 313; x_wconf 81' lang='lat' dir='ltr'><strong>laborarunt,</strong></span> <span class='ocrx_word' id='word_1_238' title='bbox 1651 249 1740 320; x_wconf 84' lang='lat' dir='ltr'><strong>qui</strong></span> <span class='ocrx_word' id='word_1_239' title='bbox 1778 249 2094 309; x_wconf 87' lang='lat' dir='ltr'><strong>daemonem</strong></span> 
     </span>
     <span class='ocr_line' id='line_1_55' title="bbox 1092 326 2103 380; baseline -0.002 0"><span class='ocrx_word' id='word_1_240' title='bbox 1092 326 1282 380; x_wconf 90' lang='lat' dir='ltr'><strong>mundo</strong></span> <span class='ocrx_word' id='word_1_241' title='bbox 1322 333 1412 379; x_wconf 89' lang='lat' dir='ltr'><strong>aut</strong></span> <span class='ocrx_word' id='word_1_242' title='bbox 1439 341 1616 379; x_wconf 88' lang='lat' dir='ltr'><strong>rerum</strong></span> <span class='ocrx_word' id='word_1_243' title='bbox 1645 330 1830 377; x_wconf 86' lang='lat' dir='ltr'><strong>natura</strong></span> <span class='ocrx_word' id='word_1_244' title='bbox 1858 326 1925 377; x_wconf 89' lang='lat' dir='ltr'><strong>eli</strong></span> <span class='ocrx_word' id='word_1_245' title='bbox 1944 327 2103 378; x_wconf 88' lang='lat' dir='ltr'><strong>mina-</strong></span> 
     </span>
     <span class='ocr_line' id='line_1_56' title="bbox 1091 397 2100 469; baseline -0.002 -15"><span class='ocrx_word' id='word_1_246' title='bbox 1091 408 1199 454; x_wconf 89' lang='lat' dir='ltr'><strong>tum</strong></span> <span class='ocrx_word' id='word_1_247' title='bbox 1243 401 1476 469; x_wconf 85' lang='lat' dir='ltr'><strong>cupiunt,</strong></span> <span class='ocrx_word' id='word_1_248' title='bbox 1517 406 1575 452; x_wconf 89' lang='lat' dir='ltr'><strong>ut</strong></span> <span class='ocrx_word' id='word_1_249' title='bbox 1615 397 1783 456; x_wconf 85' lang='lat' dir='ltr'><strong>locum</strong></span> <span class='ocrx_word' id='word_1_250' title='bbox 1825 399 2100 467; x_wconf 85' lang='lat' dir='ltr'><strong>proferant</strong></span> 
     </span>
     <span class='ocr_line' id='line_1_57' title="bbox 1090 471 2099 542; baseline -0.002 -16"><span class='ocrx_word' id='word_1_251' title='bbox 1090 475 1383 534; x_wconf 83' lang='lat' dir='ltr'><strong>clariorem.</strong></span> <span class='ocrx_word' id='word_1_252' title='bbox 1415 475 1500 542; x_wconf 91' lang='lat' dir='ltr'><strong>qui</strong></span> <span class='ocrx_word' id='word_1_253' title='bbox 1531 471 1844 542; x_wconf 87' lang='lat' dir='ltr'><strong>persuadeat</strong></span> <span class='ocrx_word' id='word_1_254' title='bbox 1878 488 1996 525; x_wconf 88' lang='lat' dir='ltr'><strong>esse</strong></span> <span class='ocrx_word' id='word_1_255' title='bbox 2026 473 2099 524; x_wconf 89' lang='lat' dir='ltr'><strong>di-</strong></span> 
     </span>
     <span class='ocr_line' id='line_1_58' title="bbox 1091 545 2102 614; baseline -0.003 -14"><span class='ocrx_word' id='word_1_256' title='bbox 1091 549 1409 602; x_wconf 88' lang='lat' dir='ltr'><strong>scedendum</strong></span> <span class='ocrx_word' id='word_1_257' title='bbox 1447 564 1478 600; x_wconf 85' lang='lat' dir='ltr'><strong>a</strong></span> <span class='ocrx_word' id='word_1_258' title='bbox 1527 562 1682 600; x_wconf 86' lang='lat' dir='ltr'><strong>sensu</strong></span> <span class='ocrx_word' id='word_1_259' title='bbox 1725 545 1938 599; x_wconf 85' lang='lat' dir='ltr'><strong>litterali</strong></span> <span class='ocrx_word' id='word_1_260' title='bbox 1985 562 2102 614; x_wconf 89' lang='lat' dir='ltr'><strong>pro-</strong></span> 
     </span>
     <span class='ocr_line' id='line_1_59' title="bbox 1093 618 2102 691; baseline -0.004 -16"><span class='ocrx_word' id='word_1_261' title='bbox 1093 624 1219 691; x_wconf 81' lang='lat' dir='ltr'><strong>priu.</strong></span> <span class='ocrx_word' id='word_1_262' title='bbox 1252 621 1578 674; x_wconf 83' lang='lat' dir='ltr'><strong>Contrarium</strong></span> <span class='ocrx_word' id='word_1_263' title='bbox 1609 619 1778 689; x_wconf 89' lang='lat' dir='ltr'><strong>potius</strong></span> <span class='ocrx_word' id='word_1_264' title='bbox 1805 634 1872 672; x_wconf 88' lang='lat' dir='ltr'><strong>ex</strong></span> <span class='ocrx_word' id='word_1_265' title='bbox 1898 618 1982 672; x_wconf 82' lang='lat' dir='ltr'><strong>Ss,</strong></span> <span class='ocrx_word' id='word_1_266' title='bbox 2020 618 2102 671; x_wconf 89' lang='lat' dir='ltr'><strong>Bi-</strong></span> 
     </span>
     <span class='ocr_line' id='line_1_60' title="bbox 1090 693 2098 762; baseline -0.004 -14"><span class='ocrx_word' id='word_1_267' title='bbox 1090 697 1206 748; x_wconf 86' lang='lat' dir='ltr'><strong>hliis</strong></span> <span class='ocrx_word' id='word_1_268' title='bbox 1232 695 1372 749; x_wconf 87' lang='lat' dir='ltr'><strong>ciare</strong></span> <span class='ocrx_word' id='word_1_269' title='bbox 1400 695 1622 748; x_wconf 89' lang='lat' dir='ltr'><strong>eruitur.</strong></span> <span class='ocrx_word' id='word_1_270' title='bbox 1667 693 2098 762; x_wconf 85' lang='lat' dir='ltr'><strong>Quandoquidem</strong></span> 
     </span>
     <span class='ocr_line' id='line_1_61' title="bbox 1089 767 2098 838; baseline -0.004 -16"><span class='ocrx_word' id='word_1_271' title='bbox 1089 770 1377 838; x_wconf 86' lang='lat' dir='ltr'><strong>Scriptores</strong></span> <span class='ocrx_word' id='word_1_272' title='bbox 1431 770 1564 821; x_wconf 88' lang='lat' dir='ltr'><strong>sacri</strong></span> <span class='ocrx_word' id='word_1_273' title='bbox 1617 767 1864 820; x_wconf 82' lang='lat' dir='ltr'><strong>disertam</strong></span> <span class='ocrx_word' id='word_1_274' title='bbox 1904 767 2098 821; x_wconf 84' lang='lat' dir='ltr'><strong>faciant</strong></span> 
     </span>
     <span class='ocr_line' id='line_1_62' title="bbox 1089 841 2103 913; baseline -0.001 -19"><span class='ocrx_word' id='word_1_275' title='bbox 1089 844 1403 896; x_wconf 81' lang='lat' dir='ltr'><strong>mentionem</strong></span> <span class='ocrx_word' id='word_1_276' title='bbox 1446 843 1509 895; x_wconf 91' lang='lat' dir='ltr'><strong>de</strong></span> <span class='ocrx_word' id='word_1_277' title='bbox 1559 841 1752 896; x_wconf 87' lang='lat' dir='ltr'><strong>Satana</strong></span> <span class='ocrx_word' id='word_1_278' title='bbox 1779 883 1791 903; x_wconf 96' lang='lat'><strong>‚</strong></span> <span class='ocrx_word' id='word_1_279' title='bbox 1848 841 2051 894; x_wconf 86' lang='lat' dir='ltr'><strong>diaholo</strong></span> <span class='ocrx_word' id='word_1_280' title='bbox 2079 882 2103 913; x_wconf 11' lang='grc' dir='ltr'><strong>,Ἰ</strong></span> 
     </span>
     <span class='ocr_line' id='line_1_63' title="bbox 1090 915 2097 985; baseline -0.004 -15"><span class='ocrx_word' id='word_1_281' title='bbox 1090 918 1427 970; x_wconf 81' lang='lat' dir='ltr'><strong>daemonibus</strong></span> <span class='ocrx_word' id='word_1_282' title='bbox 1455 923 1555 969; x_wconf 85' lang='lat' dir='ltr'><strong>etc.</strong></span> <span class='ocrx_word' id='word_1_283' title='bbox 1601 922 1866 985; x_wconf 84' lang='lat' dir='ltr'><strong>tamquam</strong></span> <span class='ocrx_word' id='word_1_284' title='bbox 1895 915 1957 967; x_wconf 93' lang='lat' dir='ltr'><strong>de</strong></span> <span class='ocrx_word' id='word_1_285' title='bbox 1986 931 2097 984; x_wconf 87' lang='lat' dir='ltr'><strong>per-</strong></span> 
     </span>
     <span class='ocr_line' id='line_1_64' title="bbox 1091 988 2095 1058; baseline -0.002 -15"><span class='ocrx_word' id='word_1_286' title='bbox 1091 994 1257 1053; x_wconf 83' lang='lat' dir='ltr'><strong>soniS,</strong></span> <span class='ocrx_word' id='word_1_287' title='bbox 1302 990 1627 1058; x_wconf 88' lang='lat' dir='ltr'><strong>intelligendi</strong></span> <span class='ocrx_word' id='word_1_288' title='bbox 1669 989 1982 1057; x_wconf 89' lang='lat' dir='ltr'><strong>volendique</strong></span> <span class='ocrx_word' id='word_1_289' title='bbox 2022 988 2095 1041; x_wconf 85' lang='lat' dir='ltr'><strong>fa-</strong></span> 
     </span>
     <span class='ocr_line' id='line_1_65' title="bbox 1091 1062 2092 1134; baseline -0.003 -17"><span class='ocrx_word' id='word_1_290' title='bbox 1091 1065 1284 1118; x_wconf 88' lang='lat' dir='ltr'><strong>cultate</strong></span> <span class='ocrx_word' id='word_1_291' title='bbox 1325 1065 1589 1134; x_wconf 84' lang='lat' dir='ltr'><strong>praeditis,</strong></span> <span class='ocrx_word' id='word_1_292' title='bbox 1633 1063 1717 1116; x_wconf 85' lang='lat' dir='ltr'><strong>Sic</strong></span> <span class='ocrx_word' id='word_1_293' title='bbox 1757 1062 1860 1115; x_wconf 84' lang='lat' dir='ltr'><strong>lac.</strong></span> <span class='ocrx_word' id='word_1_294' title='bbox 1891 1062 1956 1130; x_wconf 83' lang='grc' dir='ltr'><strong>ΙΙ,</strong></span> <span class='ocrx_word' id='word_1_295' title='bbox 2002 1062 2092 1123; x_wconf 65' lang='lat'><strong>19,</strong></span> 
     </span>
     <span class='ocr_line' id='line_1_66' title="bbox 1092 1138 2094 1206; baseline -0.003 -15"><span class='ocrx_word' id='word_1_296' title='bbox 1092 1139 1299 1206; x_wconf 84' lang='lat' dir='ltr'><strong>legitur:</strong></span> <span class='ocrx_word' id='word_1_297' title='bbox 1348 1139 1616 1191; x_wconf 77' lang='lat' dir='ltr'><strong>Daemones</strong></span> <span class='ocrx_word' id='word_1_298' title='bbox 1658 1138 1862 1191; x_wconf 80' lang='lat' dir='ltr'><strong>credunt</strong></span> <span class='ocrx_word' id='word_1_299' title='bbox 1911 1144 1955 1187; x_wconf 80' lang='lat' dir='ltr'><strong>et</strong></span> <span class='ocrx_word' id='word_1_300' title='bbox 1982 1152 2094 1189; x_wconf 80' lang='lat' dir='ltr'><strong>con-</strong></span> 
     </span>
     <span class='ocr_line' id='line_1_67' title="bbox 1092 1209 2094 1279; baseline -0.004 -14"><span class='ocrx_word' id='word_1_301' title='bbox 1092 1215 1418 1266; x_wconf 73' lang='lat' dir='ltr'><strong>tremiscunt.-</strong></span> <span class='ocrx_word' id='word_1_302' title='bbox 1478 1228 1614 1264; x_wconf 86' lang='lat' dir='ltr'><strong>anne</strong></span> <span class='ocrx_word' id='word_1_303' title='bbox 1673 1211 1824 1263; x_wconf 86' lang='lat' dir='ltr'><strong>malis</strong></span> <span class='ocrx_word' id='word_1_304' title='bbox 1866 1209 2094 1279; x_wconf 83' lang='lat' dir='ltr'><strong>physicis</strong></span> 
     </span>
     <span class='ocr_line' id='line_1_68' title="bbox 1094 1284 2097 1348; baseline -0.003 -10"><span class='ocrx_word' id='word_1_305' title='bbox 1094 1288 1168 1339; x_wconf 81' lang='lat' dir='ltr'><strong>vel</strong></span> <span class='ocrx_word' id='word_1_306' title='bbox 1208 1287 1508 1348; x_wconf 83' lang='lat' dir='ltr'><strong>moralibus,</strong></span> <span class='ocrx_word' id='word_1_307' title='bbox 1539 1285 1954 1339; x_wconf 87' lang='lat' dir='ltr'><strong>aut-notionibus</strong></span> <span class='ocrx_word' id='word_1_308' title='bbox 1982 1284 2097 1336; x_wconf 88' lang='lat' dir='ltr'><strong>abs-</strong></span> 
     </span>
     <span class='ocr_line' id='line_1_69' title="bbox 1092 1359 2100 1425; baseline -0.003 -13"><span class='ocrx_word' id='word_1_309' title='bbox 1092 1363 1270 1414; x_wconf 88' lang='lat' dir='ltr'><strong>tractis</strong></span> <span class='ocrx_word' id='word_1_310' title='bbox 1301 1361 1426 1413; x_wconf 86' lang='lat' dir='ltr'><strong>fidcs</strong></span> <span class='ocrx_word' id='word_1_311' title='bbox 1454 1368 1505 1412; x_wconf 90' lang='lat' dir='ltr'><strong>et</strong></span> <span class='ocrx_word' id='word_1_312' title='bbox 1528 1367 1722 1413; x_wconf 88' lang='lat' dir='ltr'><strong>tremor</strong></span> <span class='ocrx_word' id='word_1_313' title='bbox 1744 1359 1955 1412; x_wconf 88' lang='lat' dir='ltr'><strong>attribui</strong></span> <span class='ocrx_word' id='word_1_314' title='bbox 1986 1366 2100 1425; x_wconf 77' lang='lat' dir='ltr'><strong>pos-&#39;</strong></span> 
     </span>
     <span class='ocr_line' id='line_1_70' title="bbox 1091 1431 2095 1495; baseline -0.004 -8"><span class='ocrx_word' id='word_1_315' title='bbox 1091 1436 1237 1487; x_wconf 72' lang='lat' dir='ltr'><strong>sunt?</strong></span> <span class='ocrx_word' id='word_1_316' title='bbox 1267 1435 1310 1487; x_wconf 88' lang='lat'><strong>11</strong></span> <span class='ocrx_word' id='word_1_317' title='bbox 1338 1435 1475 1487; x_wconf 88' lang='lat' dir='ltr'><strong>Petr.</strong></span> <span class='ocrx_word' id='word_1_318' title='bbox 1508 1434 1557 1486; x_wconf 81' lang='grc' dir='ltr'><strong>ΙΙ</strong></span> <span class='ocrx_word' id='word_1_319' title='bbox 1579 1475 1591 1495; x_wconf 88' lang='grc'><em>,</em></span> <span class='ocrx_word' id='word_1_320' title='bbox 1626 1435 1679 1495; x_wconf 79' lang='lat' dir='ltr'><strong>lt,</strong></span> <span class='ocrx_word' id='word_1_321' title='bbox 1710 1433 1930 1484; x_wconf 88' lang='lat' dir='ltr'><strong>dicitur:</strong></span> <span class='ocrx_word' id='word_1_322' title='bbox 1962 1431 2095 1484; x_wconf 81' lang='lat' dir='ltr'><strong>Deus</strong></span> 
     </span>
     <span class='ocr_line' id='line_1_71' title="bbox 1092 1506 2096 1577; baseline -0.005 -16"><span class='ocrx_word' id='word_1_323' title='bbox 1092 1510 1278 1577; x_wconf 68' lang='lat' dir='ltr'><strong>amyclis</strong></span> <span class='ocrx_word' id='word_1_324' title='bbox 1296 1508 1609 1575; x_wconf 76' lang='lat' dir='ltr'><strong>peccantibus</strong></span> <span class='ocrx_word' id='word_1_325' title='bbox 1643 1524 1740 1559; x_wconf 76' lang='lat' dir='ltr'><strong>non</strong></span> <span class='ocrx_word' id='word_1_326' title='bbox 1756 1506 1988 1575; x_wconf 78' lang='lat' dir='ltr'><strong>pepercit,</strong></span> <span class='ocrx_word' id='word_1_327' title='bbox 2015 1506 2096 1558; x_wconf 77' lang='lat' dir='ltr'><strong>sed</strong></span> 
     </span>
     <span class='ocr_line' id='line_1_72' title="bbox 1091 1581 2097 1650; baseline -0.004 -16"><span class='ocrx_word' id='word_1_328' title='bbox 1091 1584 1377 1635; x_wconf 76' lang='lat' dir='ltr'><strong>rudentibus</strong></span> <span class='ocrx_word' id='word_1_329' title='bbox 1398 1582 1588 1650; x_wconf 76' lang='lat' dir='ltr'><strong>inferni</strong></span> <span class='ocrx_word' id='word_1_330' title='bbox 1608 1582 1843 1633; x_wconf 78' lang='lat' dir='ltr'><strong>detractos</strong></span> <span class='ocrx_word' id='word_1_331' title='bbox 1864 1581 1915 1632; x_wconf 83' lang='lat' dir='ltr'><strong>in</strong></span> <span class='ocrx_word' id='word_1_332' title='bbox 1947 1587 2097 1631; x_wconf 80' lang='lat' dir='ltr'><strong>tarta-</strong></span> 
     </span>
     <span class='ocr_line' id='line_1_73' title="bbox 1092 1653 2095 1710; baseline -0.002 -3"><span class='ocrx_word' id='word_1_333' title='bbox 1092 1673 1205 1708; x_wconf 79' lang='lat' dir='ltr'><strong>rum</strong></span> <span class='ocrx_word' id='word_1_334' title='bbox 1228 1658 1432 1710; x_wconf 76' lang='lat' dir='ltr'><strong>tradidit</strong></span> <span class='ocrx_word' id='word_1_335' title='bbox 1455 1655 1765 1708; x_wconf 77' lang='lat' dir='ltr'><strong>cruciandos:</strong></span> <span class='ocrx_word' id='word_1_336' title='bbox 1788 1670 1923 1707; x_wconf 89' lang='lat' dir='ltr'><strong>anne</strong></span> <span class='ocrx_word' id='word_1_337' title='bbox 1947 1653 2095 1706; x_wconf 86' lang='lat' dir='ltr'><strong>Deus</strong></span> 
     </span>
     <span class='ocr_line' id='line_1_74' title="bbox 1095 1727 2095 1796; baseline -0.002 -15"><span class='ocrx_word' id='word_1_338' title='bbox 1095 1733 1327 1783; x_wconf 85' lang='lat' dir='ltr'><strong>notiones</strong></span> <span class='ocrx_word' id='word_1_339' title='bbox 1354 1732 1663 1790; x_wconf 81' lang='lat' dir='ltr'><strong>abstractaS,</strong></span> <span class='ocrx_word' id='word_1_340' title='bbox 1695 1745 1760 1781; x_wconf 89' lang='lat' dir='ltr'><strong>an</strong></span> <span class='ocrx_word' id='word_1_341' title='bbox 1792 1727 1927 1780; x_wconf 85' lang='lat' dir='ltr'><strong>mala</strong></span> <span class='ocrx_word' id='word_1_342' title='bbox 1967 1727 2095 1796; x_wconf 90' lang='lat' dir='ltr'><strong>phy-</strong></span> 
     </span>
     <span class='ocr_line' id='line_1_75' title="bbox 1094 1801 2096 1872; baseline -0.003 -18"><span class='ocrx_word' id='word_1_343' title='bbox 1094 1805 1197 1855; x_wconf 87' lang='lat' dir='ltr'><strong>sica</strong></span> <span class='ocrx_word' id='word_1_344' title='bbox 1226 1846 1238 1866; x_wconf 92' lang='lat'><strong>,</strong></span> <span class='ocrx_word' id='word_1_345' title='bbox 1282 1820 1413 1872; x_wconf 86' lang='lat' dir='ltr'><strong>quae</strong></span> <span class='ocrx_word' id='word_1_346' title='bbox 1455 1820 1555 1855; x_wconf 92' lang='lat' dir='ltr'><strong>non</strong></span> <span class='ocrx_word' id='word_1_347' title='bbox 1597 1810 1720 1855; x_wconf 90' lang='lat' dir='ltr'><strong>sunt</strong></span> <span class='ocrx_word' id='word_1_348' title='bbox 1761 1802 1857 1853; x_wconf 90' lang='lat' dir='ltr'><strong>nisi</strong></span> <span class='ocrx_word' id='word_1_349' title='bbox 1906 1801 2096 1853; x_wconf 88' lang='lat' dir='ltr'><strong>inordi-</strong></span> 
     </span>
     <span class='ocr_line' id='line_1_76' title="bbox 1095 1874 2111 1949; baseline -0.003 -21"><span class='ocrx_word' id='word_1_350' title='bbox 1095 1878 1330 1930; x_wconf 88' lang='lat' dir='ltr'><strong>nationes</strong></span> <span class='ocrx_word' id='word_1_351' title='bbox 1371 1879 1419 1929; x_wconf 89' lang='lat' dir='ltr'><strong>in</strong></span> <span class='ocrx_word' id='word_1_352' title='bbox 1461 1884 1679 1937; x_wconf 86' lang='lat' dir='ltr'><strong>natura,</strong></span> <span class='ocrx_word' id='word_1_353' title='bbox 1726 1875 1807 1927; x_wconf 89' lang='lat' dir='ltr'><strong>vel</strong></span> <span class='ocrx_word' id='word_1_354' title='bbox 1848 1890 1912 1927; x_wconf 89' lang='lat' dir='ltr'><strong>an</strong></span> <span class='ocrx_word' id='word_1_355' title='bbox 1957 1874 2111 1949; x_wconf 31' lang='lat' dir='ltr'><strong>mala&#39;</strong></span> 
     </span>
     <span class='ocr_line' id='line_1_77' title="bbox 1095 1951 2109 2019; baseline -0.003 -16"><span class='ocrx_word' id='word_1_356' title='bbox 1095 1952 1307 2004; x_wconf 85' lang='lat' dir='ltr'><strong>moralia</strong></span> <span class='ocrx_word' id='word_1_357' title='bbox 1349 1953 1458 2004; x_wconf 88' lang='lat' dir='ltr'><strong>sine</strong></span> <span class='ocrx_word' id='word_1_358' title='bbox 1500 1951 1706 2019; x_wconf 89' lang='lat' dir='ltr'><strong>spiritu,</strong></span> <span class='ocrx_word' id='word_1_359' title='bbox 1750 1965 1840 2002; x_wconf 86' lang='lat' dir='ltr'><strong>seu</strong></span> <span class='ocrx_word' id='word_1_360' title='bbox 1877 1964 2109 2017; x_wconf 41' lang='lat' dir='ltr'><strong>persona,</strong></span> 
     </span>
     <span class='ocr_line' id='line_1_78' title="bbox 1096 2023 2102 2093; baseline -0.003 -16"><span class='ocrx_word' id='word_1_361' title='bbox 1096 2033 1343 2093; x_wconf 83' lang='lat' dir='ltr'><strong>peccante</strong></span> <span class='ocrx_word' id='word_1_362' title='bbox 1393 2027 1443 2077; x_wconf 90' lang='lat' dir='ltr'><strong>in</strong></span> <span class='ocrx_word' id='word_1_363' title='bbox 1484 2031 1737 2077; x_wconf 87' lang='lat' dir='ltr'><strong>tartarum</strong></span> <span class='ocrx_word' id='word_1_364' title='bbox 1792 2023 2102 2091; x_wconf 88' lang='lat' dir='ltr'><strong>praecipita-</strong></span> 
     </span>
     <span class='ocr_line' id='line_1_79' title="bbox 1097 2098 2103 2166; baseline -0.003 -16"><span class='ocrx_word' id='word_1_365' title='bbox 1097 2099 1399 2166; x_wconf 66' lang='lat' dir='ltr'><strong>vit21gitur</strong></span> <span class='ocrx_word' id='word_1_366' title='bbox 1457 2099 1586 2151; x_wconf 87' lang='lat' dir='ltr'><strong>haec</strong></span> <span class='ocrx_word' id='word_1_367' title='bbox 1627 2099 1886 2151; x_wconf 87' lang='lat' dir='ltr'><strong>neoterica</strong></span> <span class='ocrx_word' id='word_1_368' title='bbox 1946 2098 2103 2149; x_wconf 86' lang='lat' dir='ltr'><strong>inter·</strong></span> 
     </span>
     <span class='ocr_line' id='line_1_80' title="bbox 1098 2171 2096 2241; baseline -0.003 -16"><span class='ocrx_word' id='word_1_369' title='bbox 1098 2176 1313 2241; x_wconf 83' lang='lat' dir='ltr'><strong>pretatio</strong></span> <span class='ocrx_word' id='word_1_370' title='bbox 1353 2174 1656 2226; x_wconf 77' lang='lat' dir='ltr'><strong>clarissimis</strong></span> <span class='ocrx_word' id='word_1_371' title='bbox 1695 2172 1750 2224; x_wconf 82' lang='lat' dir='ltr'><strong>S.</strong></span> <span class='ocrx_word' id='word_1_372' title='bbox 1795 2171 2096 2239; x_wconf 83' lang='lat' dir='ltr'><strong>Scripturae</strong></span> 
     </span>
     <span class='ocr_line' id='line_1_81' title="bbox 1097 2244 2095 2315; baseline -0.002 -17"><span class='ocrx_word' id='word_1_373' title='bbox 1097 2247 1219 2300; x_wconf 83' lang='lat' dir='ltr'><strong>locis</strong></span> <span class='ocrx_word' id='word_1_374' title='bbox 1258 2255 1436 2315; x_wconf 87' lang='lat' dir='ltr'><strong>aperte</strong></span> <span class='ocrx_word' id='word_1_375' title='bbox 1478 2253 1755 2315; x_wconf 82' lang='lat' dir='ltr'><strong>repugnat,</strong></span> <span class='ocrx_word' id='word_1_376' title='bbox 1799 2251 1956 2314; x_wconf 89' lang='lat' dir='ltr'><strong>atque</strong></span> <span class='ocrx_word' id='word_1_377' title='bbox 1982 2244 2095 2306; x_wconf 81' lang='lat' dir='ltr'><strong>ideo</strong></span> 
     </span>
     <span class='ocr_line' id='line_1_82' title="bbox 1095 2321 1899 2389; baseline -0.002 -16"><span class='ocrx_word' id='word_1_378' title='bbox 1095 2321 1236 2375; x_wconf 87' lang='lat' dir='ltr'><strong>nullo</strong></span> <span class='ocrx_word' id='word_1_379' title='bbox 1279 2322 1427 2374; x_wconf 86' lang='lat' dir='ltr'><strong>modo</strong></span> <span class='ocrx_word' id='word_1_380' title='bbox 1466 2321 1670 2374; x_wconf 88' lang='lat' dir='ltr'><strong>admitti</strong></span> <span class='ocrx_word' id='word_1_381' title='bbox 1712 2326 1899 2389; x_wconf 86' lang='lat' dir='ltr'><strong>potest.</strong></span> 
     </span>
    </p>
   </div>
   <div class='ocr_carea' id='block_1_8' title="bbox 1477 2489 1698 2548">
    <p class='ocr_par' dir='ltr' id='par_1_9' title="bbox 1477 2489 1698 2548">
     <span class='ocr_line' id='line_1_83' title="bbox 1477 2489 1698 2548; baseline 0.005 -14"><span class='ocrx_word' id='word_1_382' title='bbox 1477 2490 1516 2548; x_wconf 57' lang='grc' dir='ltr'><strong>ς</strong></span> <span class='ocrx_word' id='word_1_383' title='bbox 1556 2489 1698 2535; x_wconf 67' lang='lat' dir='ltr'><strong>asc.</strong></span> 
     </span>
    </p>
   </div>
   <div class='ocr_carea' id='block_1_9' title="bbox 1181 2589 2001 2638">
    <p class='ocr_par' dir='ltr' id='par_1_10' title="bbox 1181 2589 2001 2638">
     <span class='ocr_line' id='line_1_84' title="bbox 1181 2589 2001 2638; baseline -0.004 -9"><span class='ocrx_word' id='word_1_384' title='bbox 1181 2596 1233 2630; x_wconf 84' lang='lat' dir='ltr'><strong>De.</strong></span> <span class='ocrx_word' id='word_1_385' title='bbox 1253 2594 1428 2638; x_wconf 83' lang='lat' dir='ltr'><strong>qualitate</strong></span> <span class='ocrx_word' id='word_1_386' title='bbox 1451 2593 1592 2637; x_wconf 84' lang='lat' dir='ltr'><strong>peccati</strong></span> <span class='ocrx_word' id='word_1_387' title='bbox 1615 2593 1660 2627; x_wconf 83' lang='lat' dir='ltr'><strong>ab</strong></span> <span class='ocrx_word' id='word_1_388' title='bbox 1684 2590 1832 2634; x_wconf 81' lang='lat' dir='ltr'><strong>Angelis</strong></span> <span class='ocrx_word' id='word_1_389' title='bbox 1855 2589 2001 2634; x_wconf 73' lang='lat' dir='ltr'><strong>patrati.</strong></span> 
     </span>
    </p>
   </div>
   <div class='ocr_carea' id='block_1_10' title="bbox 1097 2686 2105 3130">
    <p class='ocr_par' dir='ltr' id='par_1_11' title="bbox 1097 2686 2105 3130">
     <span class='ocr_line' id='line_1_85' title="bbox 1170 2686 2097 2755; baseline -0.004 -12"><span class='ocrx_word' id='word_1_390' title='bbox 1170 2693 1416 2755; x_wconf 86' lang='lat' dir='ltr'><strong>Quamvis</strong></span> <span class='ocrx_word' id='word_1_391' title='bbox 1442 2692 1650 2744; x_wconf 90' lang='lat' dir='ltr'><strong>omnino</strong></span> <span class='ocrx_word' id='word_1_392' title='bbox 1686 2696 1889 2743; x_wconf 90' lang='lat' dir='ltr'><strong>certum</strong></span> <span class='ocrx_word' id='word_1_393' title='bbox 1916 2689 1982 2740; x_wconf 88' lang='lat' dir='ltr'><strong>sit</strong></span> <span class='ocrx_word' id='word_1_394' title='bbox 2008 2686 2097 2740; x_wconf 86' lang='lat' dir='ltr'><strong>ali-</strong></span> 
     </span>
     <span class='ocr_line' id='line_1_86' title="bbox 1097 2766 2097 2836; baseline -0.005 -19"><span class='ocrx_word' id='word_1_395' title='bbox 1097 2783 1224 2836; x_wconf 78' lang='lat' dir='ltr'><strong>quos</strong></span> <span class='ocrx_word' id='word_1_396' title='bbox 1245 2766 1470 2834; x_wconf 85' lang='lat' dir='ltr'><strong>Angelos</strong></span> <span class='ocrx_word' id='word_1_397' title='bbox 1502 2780 1760 2833; x_wconf 84' lang='lat' dir='ltr'><strong>peccasse,</strong></span> <span class='ocrx_word' id='word_1_398' title='bbox 1794 2779 1895 2816; x_wconf 93' lang='lat' dir='ltr'><strong>non</strong></span> <span class='ocrx_word' id='word_1_399' title='bbox 1922 2769 2097 2815; x_wconf 86' lang='lat' dir='ltr'><strong>tamen</strong></span> 
     </span>
     <span class='ocr_line' id='line_1_87' title="bbox 1099 2836 2103 2904; baseline -0.005 -12"><span class='ocrx_word' id='word_1_400' title='bbox 1099 2842 1277 2893; x_wconf 88' lang='lat' dir='ltr'><strong>eadem</strong></span> <span class='ocrx_word' id='word_1_401' title='bbox 1301 2841 1611 2893; x_wconf 83' lang='lat' dir='ltr'><strong>certitudine</strong></span> <span class='ocrx_word' id='word_1_402' title='bbox 1636 2836 1972 2891; x_wconf 81' lang='lat' dir='ltr'><strong>determinari</strong></span> <span class='ocrx_word' id='word_1_403' title='bbox 1994 2842 2103 2904; x_wconf 89' lang='lat' dir='ltr'><strong>pot-</strong></span> 
     </span>
     <span class='ocr_line' id='line_1_88' title="bbox 1099 2911 2101 2984; baseline -0.006 -17"><span class='ocrx_word' id='word_1_404' title='bbox 1099 2922 1198 2976; x_wconf 81' lang='lat' dir='ltr'><strong>est,</strong></span> <span class='ocrx_word' id='word_1_405' title='bbox 1242 2915 1395 2984; x_wconf 86' lang='lat' dir='ltr'><strong>quale</strong></span> <span class='ocrx_word' id='word_1_406' title='bbox 1436 2915 1588 2966; x_wconf 80' lang='lat' dir='ltr'><strong>tuerit</strong></span> <span class='ocrx_word' id='word_1_407' title='bbox 1619 2914 1840 2980; x_wconf 85' lang='lat' dir='ltr'><strong>primum</strong></span> <span class='ocrx_word' id='word_1_408' title='bbox 1869 2911 2101 2980; x_wconf 84' lang='lat' dir='ltr'><strong>ipsorum</strong></span> 
     </span>
     <span class='ocr_line' id='line_1_89' title="bbox 1102 2983 2104 3058; baseline -0.007 -17"><span class='ocrx_word' id='word_1_409' title='bbox 1102 2996 1398 3058; x_wconf 86' lang='lat' dir='ltr'><strong>peccatum,</strong></span> <span class='ocrx_word' id='word_1_410' title='bbox 1445 2995 1650 3056; x_wconf 86' lang='lat' dir='ltr'><strong>propter</strong></span> <span class='ocrx_word' id='word_1_411' title='bbox 1679 2985 1813 3056; x_wconf 88' lang='lat' dir='ltr'><strong>quod</strong></span> <span class='ocrx_word' id='word_1_412' title='bbox 1854 2983 2019 3052; x_wconf 86' lang='lat' dir='ltr'><strong>gratia</strong></span> <span class='ocrx_word' id='word_1_413' title='bbox 2051 2988 2104 3034; x_wconf 84' lang='lat' dir='ltr'><strong>et</strong></span> 
     </span>
     <span class='ocr_line' id='line_1_90' title="bbox 1100 3056 2105 3130; baseline -0.005 -18"><span class='ocrx_word' id='word_1_414' title='bbox 1100 3062 1262 3130; x_wconf 86' lang='lat' dir='ltr'><strong>gloria</strong></span> <span class='ocrx_word' id='word_1_415' title='bbox 1304 3063 1512 3128; x_wconf 87' lang='lat' dir='ltr'><strong>privati,</strong></span> <span class='ocrx_word' id='word_1_416' title='bbox 1542 3059 1744 3126; x_wconf 85' lang='lat' dir='ltr'><strong>maliet</strong></span> <span class='ocrx_word' id='word_1_417' title='bbox 1780 3057 1955 3112; x_wconf 88' lang='lat' dir='ltr'><strong>miseri</strong></span> <span class='ocrx_word' id='word_1_418' title='bbox 1982 3056 2105 3109; x_wconf 83' lang='lat' dir='ltr'><strong>facti</strong></span> 
     </span>
    </p>
   </div>
   <div class='ocr_carea' id='block_1_11' title="bbox 1076 3134 2104 3202">
    <p class='ocr_par' dir='ltr' id='par_1_12' title="bbox 1076 3134 2104 3202">
     <span class='ocr_line' id='line_1_91' title="bbox 1076 3134 2104 3202; baseline -0.006 -15"><span class='ocrx_word' id='word_1_419' title='bbox 1076 3142 1243 3187; x_wconf 82' lang='lat' dir='ltr'><strong>sunt.</strong></span> <span class='ocrx_word' id='word_1_420' title='bbox 1287 3135 1476 3189; x_wconf 88' lang='lat' dir='ltr'><strong>Variae</strong></span> <span class='ocrx_word' id='word_1_421' title='bbox 1518 3134 1792 3199; x_wconf 67' lang='lat' dir='ltr'><strong>circaboc</strong></span> <span class='ocrx_word' id='word_1_422' title='bbox 1833 3136 2104 3202; x_wconf 83' lang='lat' dir='ltr'><strong>peccatum</strong></span> 
     </span>
    </p>
   </div>
   <div class='ocr_carea' id='block_1_12' title="bbox 1103 3205 2117 3573">
    <p class='ocr_par' dir='ltr' id='par_1_13' title="bbox 1103 3205 2117 3573">
     <span class='ocr_line' id='line_1_92' title="bbox 1104 3205 2117 3277; baseline -0.006 -16"><span class='ocrx_word' id='word_1_423' title='bbox 1104 3210 1237 3262; x_wconf 88' lang='lat' dir='ltr'><strong>inter</strong></span> <span class='ocrx_word' id='word_1_424' title='bbox 1277 3210 1413 3277; x_wconf 85' lang='lat' dir='ltr'><strong>ipsos</strong></span> <span class='ocrx_word' id='word_1_425' title='bbox 1450 3208 1530 3260; x_wconf 78' lang='lat' dir='ltr'><strong>Ss,</strong></span> <span class='ocrx_word' id='word_1_426' title='bbox 1575 3207 1766 3270; x_wconf 23' lang='lat' dir='ltr'><strong>Patres,</strong></span> <span class='ocrx_word' id='word_1_427' title='bbox 1815 3205 2117 3267; x_wconf 83' lang='lat' dir='ltr'><strong>sententiae’</strong></span> 
     </span>
     <span class='ocr_line' id='line_1_93' title="bbox 1103 3281 2102 3350; baseline -0.007 -15"><span class='ocrx_word' id='word_1_428' title='bbox 1103 3283 1461 3337; x_wconf 79' lang='lat' dir='ltr'><strong>inveniuntur.</strong></span> <span class='ocrx_word' id='word_1_429' title='bbox 1500 3281 1821 3350; x_wconf 79' lang='lat' dir='ltr'><strong>Probabilior</strong></span> <span class='ocrx_word' id='word_1_430' title='bbox 1849 3288 2024 3333; x_wconf 86' lang='lat' dir='ltr'><strong>tamen</strong></span> <span class='ocrx_word' id='word_1_431' title='bbox 2053 3283 2102 3329; x_wconf 72' lang='lat' dir='ltr'><strong>et</strong></span> 
     </span>
     <span class='ocr_line' id='line_1_94' title="bbox 1105 3355 2099 3422; baseline -0.003 -13"><span class='ocrx_word' id='word_1_432' title='bbox 1105 3358 1429 3409; x_wconf 81' lang='lat' dir='ltr'><strong>communior</strong></span> <span class='ocrx_word' id='word_1_433' title='bbox 1487 3356 1766 3422; x_wconf 70' lang='lat' dir='ltr'><strong>sententia·</strong></span> <span class='ocrx_word' id='word_1_434' title='bbox 1805 3355 1935 3414; x_wconf 85' lang='lat' dir='ltr'><strong>baec</strong></span> <span class='ocrx_word' id='word_1_435' title='bbox 1982 3359 2099 3406; x_wconf 77' lang='lat' dir='ltr'><strong>est,</strong></span> 
     </span>
     <span class='ocr_line' id='line_1_95' title="bbox 1105 3426 2100 3499; baseline -0.007 -18"><span class='ocrx_word' id='word_1_436' title='bbox 1105 3431 1237 3499; x_wconf 88' lang='lat' dir='ltr'><strong>quod</strong></span> <span class='ocrx_word' id='word_1_437' title='bbox 1264 3432 1486 3497; x_wconf 88' lang='lat' dir='ltr'><strong>primum</strong></span> <span class='ocrx_word' id='word_1_438' title='bbox 1507 3429 1827 3497; x_wconf 84' lang='lat' dir='ltr'><strong>Angelorum</strong></span> <span class='ocrx_word' id='word_1_439' title='bbox 1846 3426 2100 3480; x_wconf 84' lang='lat' dir='ltr'><strong>malorum</strong></span> 
     </span>
     <span class='ocr_line' id='line_1_96' title="bbox 1107 3501 2105 3573; baseline -0.009 -16"><span class='ocrx_word' id='word_1_440' title='bbox 1107 3511 1374 3573; x_wconf 81' lang='lat' dir='ltr'><strong>peccatum</strong></span> <span class='ocrx_word' id='word_1_441' title='bbox 1417 3504 1569 3556; x_wconf 81' lang='lat' dir='ltr'><strong>fuerit</strong></span> <span class='ocrx_word' id='word_1_442' title='bbox 1595 3503 1855 3572; x_wconf 84' lang='lat' dir='ltr'><strong>superbia.</strong></span> <span class='ocrx_word' id='word_1_443' title='bbox 1886 3501 2105 3552; x_wconf 86' lang='lat' dir='ltr'><strong>Senten-</strong></span> 
     </span>
    </p>
   </div>
   <div class='ocr_carea' id='block_1_13' title="bbox 1927 3604 1983 3652">
    <p class='ocr_par' dir='ltr' id='par_1_14' title="bbox 1927 3604 1983 3652">
     <span class='ocr_line' id='line_1_97' title="bbox 1927 3604 1983 3652; baseline 0 0"><span class='ocrx_word' id='word_1_444' title='bbox 1927 3604 1983 3652; x_wconf 80' lang='lat'><strong>18</strong></span> 
     </span>
    </p>
   </div>
  </div>
 </body>
</html>
