2332 3860
600 134 604 135 ⁷
640 143 758 183 rans
794 144 848 181 ιι.
891 135 1056 181 sumo
1089 143 1128 181 r.
1170 141 1320 198 eaeor
1356 127 1441 178 mc‘

1886 116 1992 180 289
2007 123 2012 127 '

47 224 484 296 nmfeftmas
518 232 583 278 aa·
616 223 721 277 illis
756 239 856 278 non
892 223 1026 290 cadet
1086 240 1182 277 nec
1218 219 1580 293 praenuntiare
1605 221 1765 291 ‘passe
1796 201 1868 292 ''(§
1920 212 2070 291 Μῆξ

48 309 192 379 super
211 306 392 358 mmm
417 300 523 352 sinc
548 298 696 352 Patre
718 296 911 353 oestro?
942 297 1027 352 Vc·
1089 298 1301 368 Insuper
1328 297 1602 349 daemones
1636 300 1732 346 nec
1782 306 1847 345 ex
1889 292 2088 346 natura

49 379 329 434 affatum
349 372 512 443 capilli
537 373 712 443 capitis
733 388 898 425 omncs
935 387 1030 424 na-

51 451 361 507 maraticam.
378 446 541 500 Nolite
561 462 673 515 erqo
696 450 881 508 timere,
905 445 1029 498 miil-

52 526 114 580 ιῐε
129 521 411 595 passeribus
434 519 658 574 meliores
684 521 797 573 estis
822 535 902 572 vos
929 517 1026 589 (1).

49 595 437 653 Hincinferunt
473 594 553 648 Ss.
597 595 773 647 Patres
801 600 852 646 et
890 592 1033 645 theo-

54 671 154 742 logi
191 670 466 723 daemones
511 670 647 721 circa
693 680 775 720 res
834 673 1032 719 creatas

52 752 104 811 et
135 744 410 814 praecipue
448 743 584 795 circa
623 742 880 801 homineS,
924 742 1033 792 sine

52 818 379 890 permissione
419 817 509 870 Dei
550 832 644 868 nec
671 817 939 867 minimum
969 814 1037 865 ef-

54 893 204 947 ficere
243 907 410 962 posse.
455 890 577 954 Quis
617 897 791 943 autem
819 888 1034 957 probare

54 965 280 1038 poterit,
340 972 430 1018 aut
469 965 638 1017 dicere
702 969 1032 1032 praesumat,

43 1040 219 1107 ‘Deum
245 1054 449 1108 semper
470 1038 806 1091 daemonibus
832 1037 1038 1088 infesta-

55 1110 215 1168 tiones
237 1113 486 1181 malignas
515 1114 879 1181 permissurum
910 1125 1038 1175 esse,

56 1189 473 1258 quotiescumque
512 1187 675 1254 magis
715 1192 765 1238 et
805 1186 941 1252 sagis
975 1186 1040 1235 si-

56 1278 157 1334 gna
184 1262 523 1314 determinata
547 1275 734 1328 ponere
763 1257 1042 1327 placuerit?

58 1342 202 1390 Anne
242 1335 480 1388 voluntas
519 1334 609 1386 Dei
664 1334 960 1402 permissive
1014 1349 1042 1383 a

59 1409 325 1462 voluntate
364 1410 629 1478 impiorum
675 1408 935 1459 hominum
958 1406 1045 1457 de-

59 1484 283 1552 pendere
307 1501 322 1548 ;
365 1499 429 1535 an
470 1483 837 1550 superstitiosis
888 1481 1046 1548 siguis

60 1558 269 1627 alligata
309 1572 420 1609 esse
459 1554 660 1625 potest?
699 1555 751 1607 Si
791 1555 918 1606 haec
946 1570 1046 1605 non

61 1631 170 1685 sine
209 1632 434 1683 maxima
474 1629 788 1683 absurditate
811 1630 906 1681 dici
940 1644 1049 1696 pos-

63 1712 220 1766 sunt,
274 1706 428 1757 etiam
481 1720 567 1756 ars
616 1704 812 1770 magica
850 1703 1047 1755 admitti

64 1796 163 1832 non
203 1784 369 1848 potest
391 1797 407 1843 3
451 1778 570 1846 quia
611 1783 798 1844 negata
839 1778 1049 1844 permis·

42 1854 202 1906 sione
242 1853 332 1904 Dei
372 1867 725 1921 quaecumque
771 1852 915 1917 signa
963 1867 1050 1918 po-

66 1928 159 1980 sita
199 1926 437 1979 eflectum
479 1926 615 1977 haud
654 1925 956 1977 sortiuntur,
983 1953 1051 1962 —

65 2001 243 2055 Artem
275 2002 528 2068 magicam
556 1999 924 2051 admittendam
952 2015 1051 2050 non

36 2095 39 2097 ·
67 2091 201 2135 csse,
246 2091 311 2127 ex
343 2075 652 2127 daemonum
681 2074 908 2142 ipsorum
934 2090 1053 2126 con-

26 2166 34 2173 ·
67 2150 380 2202 sideratione
418 2149 652 2217 patescit.
705 2148 872 2199 Primo
918 2149 1055 2200 enim

70 2223 346 2276 daemones
386 2238 550 2291 neque
589 2223 841 2282 omniscii‚
890 2237 1056 2291 neque

70 2298 507 2365 omnipraesentes
558 2303 711 2358 sunt,
755 2296 890 2347 unde
938 2312 1057 2348 con-

71 2372 268 2439 tingere
310 2377 494 2439 potest,
525 2377 582 2422 ut
607 2371 670 2422 ab
703 2370 870 2438 impiis
898 2370 1058 2422 bomi-

74 2446 223 2499 nibus
250 2445 396 2514 signa
415 2451 690 2514 ponantur,
709 2445 829 2513 quin
847 2444 1058 2511 maligni

73 2519 281 2584 spiritus
320 2519 383 2571 de
423 2534 598 2572 eorum
640 2519 886 2586 positione
933 2518 1060 2570 noti-

75 2594 198 2646 tiam
227 2592 471 2655 habeant‚
502 2593 833 2662 quamobrem
874 2592 999 2645 haec
1026 2594 1062 2644 i-

78 2668 229 2719 nania
269 2675 500 2729 manent,
543 2674 594 2720 et
622 2666 965 2720 desideratum
992 2668 1062 2719 ef-

78 2740 264 2793 fectum
327 2741 608 2810 producere
673 2758 774 2794 non
827 2748 1056 2810 possunt.

77 2813 312 2868 Secundo
364 2815 637 2868 daemones
693 2816 1064 2883 omnipotentes

30 2886 38 2899 ”
79 2891 179 2941 bon
218 2895 358 2950 sunt,
400 2896 554 2958 atque
580 2889 694 2941 ideo
722 2904 964 2957 persaepe
991 2890 1064 2941 vi-

79 2978 160 3016 res
197 2963 322 3032 ipsis
360 2962 548 3015 desunt
584 2963 858 3030 impiorum
904 2963 1065 3016 bomi-

23 3032 39 3071 5
80 3044 204 3090 num
246 3037 510 3107 desideriis
548 3036 910 3090 satisfaciendi.
948 3036 1066 3089 Cer-

23 3126 44 3155 -z·
81 3110 337 3163 tissimum
377 3127 500 3164 sane
540 3117 636 3173 est,
680 3111 956 3163 daemones
1008 3111 1067 3161 li-

23 3255 27 3260 .
83 3182 205 3237 bere
242 3190 293 3238 et
331 3186 689 3253 contingenter
715 3185 906 3247 futura,
937 3201 1068 3255 quae

37 3260 59 3334 J
85 3256 310 3312 humana
349 3261 619 3313 curiositas
658 3259 952 3330 frequenter
985 3275 1068 3311 co-

19 3335 332 3399 ‡.gnoscere
395 3334 568 3404 cupit,
625 3348 720 3386 nec
770 3333 1070 3403 praevidere

131 3501 182 3547 (1)
209 3502 330 3539 matth.
362 3501 419 3548 10,
440 3503 494 3542 20.

147 3583 305 3644 Knoll,
327 3583 474 3632 Theoi.
498 3584 652 3645 Doqm.
677 3611 734 3622 ·-·
762 3585 857 3635 Vol.
891 3586 926 3635 1.

27 3638 68 3673 .‘;

27 3663 71 3729 ἓ,
120 3713 154 3723 a

0 3730 46 3780 2?

16 3752 82 3860 Ξ
110 3844 119 3852 .

1090 389 1204 434 sua,
1244 385 1341 423 nec
1367 376 1441 423 e‘x·
1460 358 1792 425 concessione
1818 364 2073 419 Creatoris

1092 443 1614 514 potestatem'habent
1635 457 1725 510 pro
1746 440 1891 493 libitu
1914 440 1965 492 in
1995 456 2075 492 res

1093 526 1290 572 creatas
1316 517 1534 588 agendi:
1563 517 1874 586 quapropter
1901 513 1956 566 S.
1979 514 2079 565 An-

1092 594 1314 662 qustinus
1342 590 1419 662 (2)
1444 591 1610 664 inquit
1634 607 1646 640 ε
1682 609 1708 638 «
1738 588 1848 641 Non
1889 594 1968 639 est
1985 601 2078 655 pu·

1095 667 1308 720 tandum
1347 666 1458 717 istis
1483 662 1949 732 transgressoribus
1994 676 2084 713 an-

1095 741 1223 809 gelis
1261 740 1325 792 ad
1366 743 1550 791 nutum
1577 739 1773 790 servire
1799 736 1934 789 banc
1970 734 2088 785 visi-

1098 813 1249 868 bilem
1290 828 1464 866 rerum
1502 812 1773 865 materiam
1800 852 1813 873 ,
1855 807 1945 862 sed
1993 806 2090 860 soti

1098 888 1220 941 Dec.
1261 908 1281 936 »
1314 887 1423 940 Hoc
1460 887 1594 940 idem
1636 886 1784 938 docet
1822 900 1882 937 ac
1912 881 2089 951 probat

1100 962 1156 1015 S.
1205 960 1412 1013 Thomas
1466 959 1564 1033 (5).
1608 959 1744 1029 Ergo
1794 955 2091 1025 saepissime

1101 1037 1334 1088 daemoni
1352 1036 1486 1087 vires
1499 1035 1685 1087 desunt
1700 1049 1760 1086 ea
1776 1029 2091 1101 perficiendi,

1102 1126 1231 1180 quae
1253 1110 1432 1162 nefarii
1455 1109 1688 1161 homines
1709 1108 1758 1159 in
1783 1121 1933 1159 suum
1957 1118 2093 1156 com-

1106 1186 1310 1237 modum
1349 1191 1439 1236 aut
1479 1185 1528 1235 in
1571 1183 1787 1235 aliorum
1828 1180 2094 1244 damnum,

1108 1259 1279 1326 positis
1318 1258 1477 1326 signis
1517 1257 1580 1310 ab
1620 1258 1728 1326 ipso
1787 1258 2092 1323 exposcunt.

1107 1332 1336 1400 Denique
1376 1338 1577 1384 tantum
1617 1332 1783 1392 abest,
1829 1335 1886 1381 ut
1924 1327 2099 1380 Eccle-

1107 1408 1180 1459 sia
1221 1422 1280 1458 ea
1320 1422 1451 1475 quae
1493 1405 1726 1458 nonnulli
1756 1404 1819 1455 de
1846 1403 1971 1455 artis
1993 1416 2100 1453 ma·

1108 1482 1253 1549 gicae
1293 1481 1568 1533 existentia
1595 1521 1607 1540 ‚
1651 1488 1703 1531 et
1754 1479 1816 1530 de
1875 1474 2102 1529 efficacia

1110 1558 1372 1623 signorum
1414 1554 1885 1622 superstitiosorum
1951 1550 2102 1602 dicti-

1110 1634 1304 1687 imunt,
1350 1645 1576 1697 unquam
1618 1626 1999 1695 adprobaverit,
2049 1629 2105 1675 ut

1114 1707 1280 1771 potius
1320 1704 1636 1755 contrarium
1666 1716 1870 1769 semper
1886 1697 2106 1752 senserit

1113 1785 1162 1829 et
1203 1779 1454 1831 docuerit.
1498 1775 1582 1829 Sic
1620 1777 1671 1827 in
1715 1775 1934 1827 Decreto
1981 1771 2106 1824 Gra-

1115 1852 1239 1903 tiani
1292 1852 1604 1903 exhibentur
1667 1850 1827 1902 verba
1892 1846 2108 1900 Damasi

1115 1925 1282 1994 Papae
1339 1926 1594 1978 dicentis:
1644 1943 1670 1971 «
1720 1923 1959 1992 Quisquis
2000 1936 2109 1973 cre-

1116 2000 1226 2062 dit,
1271 1999 1462 2069 aliquid
1517 2014 1666 2068 posse
1720 1997 1831 2050 fieri
1860 2038 1873 2059 ,
1917 2002 2007 2049 aut
2052 2011 2109 2047 a-

1119 2074 1308 2142 liquam
1362 2081 1654 2126 creaturam
1707 2071 1968 2124 immutari
2022 2075 2113 2122 aut

1119 2149 1382 2200 transferri
1422 2150 1473 2199 in
1532 2148 1686 2200 aliam
1747 2146 1971 2215 speciem
2028 2143 2113 2195 vel

1119 2222 1525 2281 similitudinem,
1572 2223 1667 2274 nisi
1710 2222 1773 2273 ab
1814 2222 1922 2289 ipso
1961 2217 2113 2270 Crea-

1121 2303 1249 2356 tore‚
1277 2296 1627 2364 proculdubio
1667 2295 1890 2347 infidelis
1930 2299 2027 2353 est,
2060 2298 2113 2343 et

1120 2387 1320 2439 pagano
1344 2372 1586 2423 deterior.
1619 2390 1644 2418 u
1677 2368 1963 2421 Concilium
1991 2366 2114 2419 Bra-

1122 2461 1331 2497 carense
1374 2444 1413 2507 Ι,
1444 2461 1580 2496 anno
1611 2444 1717 2495 560
1757 2458 1873 2495 can.
1899 2443 1931 2493 8
1969 2440 2112 2492 dicit:

1120 2518 1174 2571 Si
1212 2520 1322 2587 qais
1360 2519 1512 2571 credit
1539 2561 1550 2579 ‚
1597 2518 1723 2586 qaod
1771 2516 1962 2584 aliquas
2018 2514 2119 2565 im·

1123 2594 1328 2645 mandas
1369 2600 1624 2645 creaturas
1663 2591 1885 2644 diabolus
1926 2588 2114 2657 fecerit,

1122 2675 1165 2718 et
1193 2668 1411 2719 tonitrua
1451 2675 1494 2719 et
1522 2666 1725 2735 fulgura
1753 2672 1796 2717 et
1825 2669 2118 2732 tempestates

1124 2749 1166 2793 et
1193 2742 1426 2794 siccitates
1447 2742 1547 2810 ipsc
1586 2739 1808 2793 diabolus
1834 2753 1924 2790 saa
1952 2744 2118 2789 aucto-

1124 2815 1269 2867 ritate
1285 2816 1585 2883 faciat,sicut
1602 2812 1952 2867 Priscillianus
1975 2810 2120 2877 dixit,

1126 2890 1382 2941 ailathcma
1421 2890 1502 2941 sit.

1201 2964 1252 3015 5.
1298 2963 1375 3015 Ab
1402 2970 1512 3015 arte
1543 2962 1743 3030 magica
1769 2959 2014 3029 distingui
2040 2958 2123 3011 de-

1129 3037 1213 3089 bet
1279 3038 1471 3090 factum
1514 3037 1808 3103 magicum,
1846 3050 1937 3104 per
1986 3033 2118 3102 quod

1130 3110 1433 3178 intelligitur
1472 3109 1938 3179 quilibetefiectus
1988 3109 2124 3160 circa

1129 3184 1382 3246 homineS,
1414 3190 1504 3236 aut
1545 3192 1779 3238 caeteras
1817 3199 1900 3236 res
1924 3187 2124 3235 creatas

1134 3275 1220 3326 per
1242 3260 1376 3310 vires
1401 3258 1668 3312 daemonis
1698 3258 1994 3328 productus
2029 3255 2124 3307 Re-

1130 3333 1261 3384 iecta
1300 3338 1410 3384 arte
1449 3335 1670 3401 magica,
1716 3348 1817 3387 non
1837 3332 1950 3386 ideo
1971 3330 2125 3383 etiam

1176 3460 1230 3551 a
1252 3461 1346 3550 ,a
1367 3456 1989 3564 „caefi
2078 3523 2101 3540 ,κ

1366 3563 1422 3619 f
1951 3578 2011 3622 xo

1422 3679 1528 3698 ,nme
1559 3677 1589 3701 ῖς

1421 3702 1522 3712 ..-,,

1333 3627 1362 3678 ’,ί
