2332 3860
298 151 408 208 ΙιΒῸ

2240 49 2290 91 9²²⁵(
2315 73 2319 84 ι

637 170 701 208 DE
737 170 833 208 Deo
874 170 1012 209 IAPSI
1048 170 1237 208 numm
1280 169 1484 208 GENERIS
1521 170 1859 209 REDEMPTORE.

231 259 369 304 totus
407 251 663 317 mundus3
707 252 856 321 quia,
897 267 1052 321 quem
1090 258 1227 305 totus
1287 251 1552 336 moymitns
1590 252 1782 305 indicat
1805 252 1934 306 alios
1973 259 2150 322 pestana
2186 269 2272 324 ge-

227 325 451 380 mundus
495 342 681 394 capere
734 342 835 379 non
885 332 1117 394 poterat,
1171 326 1223 378 in
1290 327 1441 390 nitos;
1483 325 1632 382 sicuti
1669 327 1809 381 enim
1848 328 2050 395 primus
2081 326 2190 381 dies
2221 326 2301 383 et:

229 406 448 470 angusto
475 400 713 453 cubiculo
742 400 871 453 uteri
899 401 977 452 sui
1005 399 1113 452 sola
1139 414 1224 451 su-

1288 400 1481 467 primus
1520 400 1709 453 mensis
1745 400 1873 453 alios
1913 401 2140 455 inferunt.
2163 402 2310 465 dies.

229 475 413 543 scepit.
449 494 475 524 >2
516 474 612 528 Ast
667 474 721 527 S.
772 474 1101 541 Hieronymus
1138 473 1224 525 ad·
1285 480 1347 526 et
1374 489 1600 537 menses,
1641 474 1711 527 ita
1739 474 2108 544 primogenitus
2145 471 2275 531 alios

227 549 405 612 mittit,
450 564 540 617 per
579 550 796 602 verbum
835 563 1112 616 cognoscere
1138 546 1222 599 hie

197 637 378 676 -usum
442 623 762 676 matrimonii
829 621 1221 689 intelligendum

222 712 357 762 esse3
400 698 623 750 ostendit
648 704 822 750 autem
852 696 1127 755 nilominus
1153 712 1220 750 ex

163 771 175 787 ⁸
223 771 318 824 isto
359 773 470 823 loco
511 771 637 823 nihil
689 778 866 824 contra
920 777 1218 838 perpetuam

222 843 413 898 Mariae
454 846 802 913 virginitatem
832 845 1007 897 inferri
1047 861 1210 912 posse.

220 921 305 972 Ait
342 920 478 971 enim
519 919 556 972 l.
600 935 647 971 c.
693 917 791 990 (l):
840 939 866 967 «
897 918 953 970 In
992 918 1217 985 Scriptu-

221 995 290 1045 ris
329 994 478 1046 donec
516 1010 668 1060 saepe
698 1000 898 1045 certum
929 1000 1130 1061 tempus
1150 994 1213 1045 si-

219 1067 431 1134 gnificat
457 1108 468 1129 ‚
512 1083 664 1135 saepe
702 1067 960 1119 infinitum
986 1107 997 1128 ‚
1042 1074 1098 1119 ut
1138 1076 1214 1119 est

219 1141 365 1203 illud,
409 1142 542 1210 quod
582 1142 719 1194 Deus
759 1142 822 1192 ad
863 1140 1109 1209 quosdam
1140 1141 1211 1194 lo-

218 1217 412 1283 quitur:
455 1215 559 1282 Eyo
597 1232 726 1275 sum,
769 1215 976 1268 etdonec
1001 1231 1212 1268 senesca-

219 1290 317 1349 12'3,
361 1305 447 1355 eqo
486 1305 596 1341 snm
636 1289 746 1359 (Q);
793 1289 1040 1357 numquid
1080 1298 1213 1357 post-

217 1378 372 1431 quam
411 1363 484 1415 illi
513 1364 798 1424 senuerint,
830 1364 966 1416 Deus
994 1379 1104 1415 esse
1130 1364 1212 1416 de-

215 1435 392 1489 sistet?
422 1465 490 1475 -
521 1437 583 1489 Et
619 1436 856 1490 Salvator
894 1437 958 1489 ad
998 1437 1210 1505 Aposto-

214 1511 290 1563 los
329 1512 419 1563 ait:
463 1510 584 1563 Ecce
622 1527 704 1579 eqo
743 1512 987 1563 vobiscum
1026 1527 1132 1563 sum
1161 1528 1209 1563 o-

216 1585 407 1637 mnibns
464 1585 627 1637 diebus
683 1600 835 1652 usqne
887 1586 949 1637 ad
986 1602 1211 1638 consum-

216 1659 476 1711 mationem
520 1658 820 1729 saeculi(5);
871 1675 1060 1726 ergone
1099 1667 1209 1727 post

216 1735 711 1789 consummationem
766 1734 955 1786 saeculi
997 1750 1026 1785 a
1067 1735 1210 1786 disci-

215 1808 348 1875 pulis
375 1809 481 1860 suis
508 1808 756 1862 Dominus
781 1808 1053 1860 abscedet?
1080 1808 1207 1860 Item

215 1885 267 1934 in
309 1883 571 1949 prophetia
599 1881 762 1933 David
798 1883 1036 1950 legimus:
1066 1883 1208 1934 Diania

214 1955 453 2008 Dominus
497 1956 703 2008 Domino
740 1971 865 2007 meo:
905 1957 1009 2007 sede
1037 1972 1066 2007 a
1093 1957 1207 2009 deso-

217 2031 307 2082 lris
361 2030 524 2083 meis.-
564 2030 707 2082 donec
753 2046 937 2098 ponam
987 2030 1208 2082 inimicos

216 2112 319 2156 tuos
358 2103 613 2156 scabella-m
649 2104 823 2170 pedum
869 2112 1065 2156 tuorum
1106 2104 1203 2175 (lt);

213 2178 462 2246 numquid
489 2178 732 2230 subiectis
760 2178 1022 2245 populis..
1052 2178 1208 2231 Filius

214 2252 394 2305 sedere
421 2252 619 2304 desinet
643 2252 706 2304 ad
729 2252 994 2304 dexteram
1022 2252 1206 2304 Patris?

214 2355 288 2366 --
321 2327 514 2378 lterum
552 2326 717 2378 David
756 2327 846 2379 ait:
889 2325 1044 2378 Siculi
1082 2327 1209 2379 oculi

215 2400 417 2454 ancillae
457 2400 762 2453 inmanibus
800 2400 1037 2452 Dominae
1075 2417 1207 2468 snae,

216 2476 286 2527 ila
326 2474 453 2528 oculi
492 2473 654 2526 nostri
678 2474 740 2526 ad
762 2474 1025 2527 Dominum
1054 2473 1207 2526 Deum

215 2558 453 2616 nostrum,
468 2549 611 2601 donec
633 2550 923 2600 misereatur
942 2550 1099 2602 nostri
1112 2548 1206 2620 (5):

217 2640 337 2690 ergo
378 2624 571 2677 tamdiu
612 2623 820 2675 habebit
859 2623 1110 2691 Propheta
1155 2640 1208 2676 o-

218 2697 362 2750 culos
402 2698 465 2749 ad
510 2697 803 2759 Dominum,
834 2698 1077 2766 quamdiu
1117 2698 1209 2760 mi-

217 2771 546 2824 sericordiam
586 2773 846 2839 impetret,
890 2778 940 2824 et
981 2779 1092 2839 post
1118 2774 1210 2823 im-

221 2852 474 2914 petratam
494 2845 894 2901 misericordiam
917 2845 1091 2897 oculos
1114 2853 1223 2898 tor--

221 2919 394 2987 quebit
415 2920 465 2971 in
487 2918 706 2973 terram?
737 2939 763 2970 »
797 2949 862 2960 -—
891 2918 979 2972 His
998 2919 1210 2988 aliisque

222 2992 346 3045 locis
366 2992 419 3045 S.
446 2993 632 3047 Doctor
651 2994 891 3054 ostendit,
911 2994 1211 3060 particulam

223 3066 367 3119 donec
405 3067 556 3135 s'aepe
602 3075 806 3137 tempus
849 3066 1123 3127 infinitum,
1163 3074 1213 3120 et

225 3155 448 3208 ea,quae
477 3157 737 3210 nunquam
764 3142 1019 3204 evenient,
1061 3143 1213 3211 signi-

232 3214 410 3270 ficare.

303 3285 411 3340 obi.
444 3286 497 3338 [ι’
523 3286 679 3340 Maria
691 3290 874 3358 peperit
901 3289 1059 3359 filium
1073 3305 1217 3342 suum

228 3360 606 3431 primoyenitum
618 3360 715 3433 (6):
728 3365 869 3433 atqui
892 3381 992 3418 vox
1013 3366 1106 3417 ista
1117 3365 1220 3434 pri-

515 3485 520 3491 ’
588 3491 641 3536 (2)
663 3492 771 3528 isaias
793 3492 848 3529 46.
915 3493 964 3537 (a)
990 3495 1109 3529 natm.
1134 3492 1190 3530 28.

278 3490 382 3581 {43⁸
353 3515 409 3574 pi.
418 3490 505 3572 ιὀο.
922 3537 971 3583 (5)
995 3540 1051 3576 ps.
1077 3537 1155 3575 122.

1282 549 1501 616 genitos,
1659 592 1665 597 ,
2319 603 2323 610 .

1355 621 1496 691 Resp.
1524 621 1581 674 ln
1620 622 1887 690 scripturis
1921 622 2271 691 primoqenims

1282 695 1467 749 dicitur
1503 695 1612 758 ille,
1655 702 1776 748 ante
1798 711 1951 765 quem
1980 696 2153 749 nullus
2191 705 2270 752 est

1280 773 1503 836 genituS‚
1546 772 1655 822 sive
1693 769 1824 823 alter
1851 771 2155 839 postipsum
2183 776 2271 824 na'-
2304 828 2314 832 „

1282 850 1362 897 tus
1402 846 1581 906 fuerit,
1624 846 1734 896 sive
1772 859 1893 896 non.
1935 843 1986 897 S.
2025 844 2268 914 Hierony-

1279 934 1385 970 mus
1425 918 1460 970 l.
1504 919 1591 970 cit.
1638 916 1713 989 (7)
1754 918 1804 970 id
1838 918 2017 984 probat
2055 934 2120 970 ex
2158 920 2267 985 ipsa

1276 991 1538 1060 Scriptura
1560 990 1659 1063 (8),
1684 999 1734 1045 et
1760 991 1921 1045 addit:
1970 1012 1992 1041 (ι
2023 991 2268 1046 Definivit

1277 1082 1443 1119 sermo
1483 1067 1710 1129 Domini,
1753 1066 1872 1134 quid
1911 1065 1976 1119 sit
2016 1067 2266 1132 primoge-

1277 1142 1459 1192 nitum:
1503 1157 1660 1202 omne,
1703 1140 1901 1208 inquit,
1942 1139 2075 1207 quod
2109 1141 2266 1208 aperit
2304 1159 2315 1163 ‘

1275 1215 1528 1267 vulcam...
1574 1215 1810 1282 Alioquin
1837 1254 1849 1275 ,
1906 1215 1948 1266 si
1991 1230 2089 1265 non
2130 1221 2267 1267 esset
2320 1223 2321 1226 ’

1275 1290 1660 1356 primogenitus,
1681 1289 1775 1340 nisi
1797 1290 1840 1340 is
1862 1294 2079 1350 tantum,
2111 1303 2263 1356 quem

1274 1370 1559 1430 sequuntur
1597 1364 1808 1423 fratres,
1861 1361 2055 1413 tamdiu
2094 1377 2263 1415 sacer-

1273 1436 1473 1489 dotibus
1514 1437 1849 1505 primogenita
1877 1451 1978 1486 non
2017 1434 2263 1489 deberen-

1274 1518 1376 1571 tur,
1406 1511 1647 1579 quamdiu
1675 1510 1777 1562 alia
1804 1525 1904 1561 non
1934 1509 2122 1562 fuerint
2149 1525 2263 1577 pro-

1272 1593 1465 1646 creata,
1511 1602 1574 1637 ne
1602 1585 1729 1636 forte
1760 1590 1907 1651 partu
1951 1589 2124 1650 postea
2157 1599 2259 1637 non

1271 1666 1517 1727 sequente
1574 1659 1869 1725 unigenitus
1926 1658 1993 1709 sit
2049 1663 2101 1709 et
2159 1673 2282 1723 non*

1272 1734 1659 1801 primogenitus,
1694 1752 1720 1782 »
1763 1731 1959 1785 Paritas
1997 1730 2059 1783 de
2100 1727 2289 1799 prima

1272 1808 1352 1860 die
1379 1816 1469 1860 aut
1495 1808 1656 1876 primo
1693 1822 1867 1859 mense
1898 1805 2020 1858 nihil
2052 1821 2259 1872 prorsus
2304 1838 2308 1843 -

1271 1882 1492 1947 evincit3
1537 1897 1656 1934 nam
1694 1882 1735 1933 si
1794 1880 1958 1932 dicam
2012 1879 2275 1933 infantem·
2315 1881 2318 1883 *

1273 1957 1432 2024 primo
1472 1956 1572 2017 die,
1603 1962 1693 2008 aut
1732 1955 1892 2023 primo
1919 1969 2092 2006 mense
2128 1969 2258 2009 mor-

1272 2038 1417 2082 tuum
1458 2046 1590 2091 esse,
1623 2045 1723 2081 non
1749 2030 1997 2097 sequitur,
2035 2027 2257 2082 alterum

1270 2105 1404 2157 diem
1444 2111 1534 2158 aut
1591 2104 1813 2156 alterum
1851 2117 2082 2154 mensem
2122 2103 2259 2155 vitae
2289 2098 2307 2105 ”

1270 2195 1393 2231 suae
1433 2180 1765 2232 subsecutum
1803 2192 1934 2241 esse3
1978 2175 2067 2229 sed
2095 2176 2259 2243 prima

1270 2253 1376 2306 dies
1417 2254 1572 2305 etiam
1600 2252 1750 2304 unica
1778 2251 1886 2303 dies
1920 2251 2055 2302 vitae
2093 2250 2258 2303 infan-

1272 2329 1333 2378 tis
1373 2343 1483 2379 esse
1525 2332 1707 2394 potest.
1740 2325 1931 2378 Eodem
1966 2323 2116 2376 modo
2156 2339 2256 2376 non
2318 2368 2332 2390 „

1270 2401 1516 2469 implicat,
1567 2399 1699 2469 quod
1741 2399 1873 2452 idem
1910 2398 2257 2467 primoqenitus
2321 2399 2330 2412 ’·

1271 2482 1321 2528 et
1358 2475 1510 2527 simul
1551 2475 1825 2541 nniqenitns
1858 2473 1938 2535 sit,
1977 2472 2076 2524 imo
2114 2470 2164 2524 id
2193 2472 2256 2523 de
2309 2473 2318 2478 ”

1270 2549 1470 2603 Christo
1509 2549 1610 2601 iam
1636 2547 1791 2600 allata
1818 2551 2119 2613 argumenta
2147 2560 2258 2613 pro-
2328 2571 2332 2574 ·

1272 2625 1414 2676 bant.

1344 2696 1450 2750 obi.
1496 2695 1577 2748 53²
1611 2694 1666 2747 ln
1709 2692 1999 2761 Evangeliis
2037 2706 2258 2745 comme-
2298 2695 2332 2762 173ss

1274 2776 1537 2823 morantur
1576 2769 1758 2822 fratres
1798 2775 1850 2822 et
1886 2782 2087 2820 sorores
2114 2765 2257 2818 Chri·

1273 2845 1374 2897 sti:
1415 2843 1591 2897 Nonne
1652 2843 1729 2896 hio
1788 2850 1855 2895 est
1909 2840 2040 2909 fabri
2082 2838 2259 2910 filius?

1273 2935 1435 2971 nonne
1490 2925 1645 2970 mater
1689 2919 1793 2969 eius
1847 2916 2029 2969 dicitur
2066 2914 2327 2978 Maria,

1273 3001 1315 3045 et
1354 2994 1537 3060 fratres
1562 2993 1666 3044 eins
1710 2990 1907 3043 Iacobus
1943 2997 1988 3042 et
2027 2987 2191 3057 Ioseph

1275 3065 1450 3120 Simon
1489 3073 1533 3118 et
1573 3065 1741 3124 Iudas,
1807 3072 1850 3117 el
1903 3077 2090 3116 sorores
2153 3060 2260 3122 eins

1275 3157 1431 3194 nonne
1475 3155 1637 3192 omnes
1679 3137 1807 3207 apud
1855 3153 1941 3190 nos
1989 3141 2111 3190 num⁴
2150 3132 2261 3202 (9)3
2325 3147 2327 3150 ·

1275 3215 1327 3267 Si
1367 3221 1538 3273 autem
1580 3212 1810 3265 Christus
1849 3211 2026 3264 habuit
2054 3208 2283 3270 fratrea,¹

1277 3288 1436 3343 Maria
1475 3287 1601 3340 alios
1638 3286 1817 3340 habuit
1854 3283 2003 3338 filios·
2275 3278 2288 3288 “

1325 3446 1376 3489 (ο)
1402 3447 1524 3481 Manu
1537 3447 1572 3485 1.
1595 3446 1650 3481 25.
1914 3442 1966 3488 (7)
1992 3444 2030 3480 i..
2054 3451 2132 3479 en
2147 3441 2168 3478 ο
2189 3431 2287 3482 «ως

1325 3491 1376 3535 (8)
1400 3492 1512 3526 Exod.
1537 3491 1591 3530 13,
1618 3491 1650 3531 33
1675 3490 1780 3526 Num
1798 3485 1856 3531 18,
1880 3487 1936 3526 15.
2186 3519 2192 3529 ¹
2264 3525 2266 3530 Ι

1325 3535 1374 3581 (9)
1401 3536 1530 3573 Manu.
1556 3516 1599 3570 izi
1622 3516 1677 3570 5'5.
