2332 3860
157 220 206 275 m
225 217 291 274 dc
304 213 455 271 coeto
474 214 818 277 descenderit,
837 215 925 268 sed
946 215 1066 286 quia

117 295 273 349 irtute
291 290 520 351 coelesti,
562 290 596 342 i.
628 304 677 342 e.
721 288 915 358 Spiritu
943 290 1069 343 San-

44 357 165 441 {21th
201 371 280 419 est
323 366 434 418 eius
471 379 656 432 corpus
694 363 993 417 formatum
1020 383 1047 414 n

30 426 78 509 1}ss
155 438 261 494 Οὸί.
292 439 372 491 2.·
407 435 603 506 Corpus
641 435 828 490 Christi
883 438 1069 490 dicitur

39 526 57 583 ’ζ
75 507 259 571 ‘hatum
289 512 342 565 in
371 511 544 566 Maria
570 527 667 563 non
690 527 752 563 ex
772 511 940 563 Maria
969 510 1062 580 (1).

40 620 54 657 ‘s-
83 585 308 655 Angelus
327 586 464 639 enim
488 585 714 637 referens
743 584 953 652 losepho
976 585 1070 636 hoc

39 675 327 721 ⁸»arcanum
367 660 736 712 incarnationis
765 658 1070 727 mysterium

38 730 190 797 ‘mitt
232 733 370 798 Quod
407 735 462 785 in
505 749 564 785 ea
617 732 848 802 (Virgine
888 730 1068 802 Maria)

62 816 252 862 ‘natum
288 814 377 869 est,
419 807 475 859 de
517 804 714 874 Spiritu
750 805 924 858 Sancto
965 813 1067 857 est:

85 897 204 950 ergo
229 897 414 950 corpus
451 879 640 932 Christi
684 896 784 931 non
824 879 918 931 fuit
975 879 1071 931 for-

59 962 278 1011 :matum
316 971 383 1007 ex
412 954 696 1007 substantia
723 953 922 1005 matris.

52 1058 90 1113 ν(
154 1027 298 1097 Resp.
340 1028 394 1081 S.
438 1027 701 1096 Scriptura
729 1028 860 1079 sicut
887 1028 936 1078 in
966 1025 1073 1079 Ma-

62 1103 179 1169 Ὶξὶει,
219 1104 290 1155 ita
329 1102 483 1155 etiam
524 1102 586 1153 de
614 1101 771 1155 Maria
800 1108 851 1153 et
879 1117 944 1153 ex
971 1099 1074 1153 Ma·

56 1178 161 1230 -ria
197 1174 455 1229 Christum
499 1183 678 1227 natum
739 1175 879 1227 dicit.
943 1173 1071 1226 Nam

56 1249 266 1319 matth.
332 1250 384 1312 l,
449 1250 538 1312 16,
596 1250 812 1315 legitur:
868 1248 939 1300 De
977 1265 1074 1316 qua

86 1321 287 1393 (Maria)
327 1330 475 1375 natus
525 1331 591 1375 est
637 1323 772 1375 Iesus
784 1340 806 1384 ;
854 1329 906 1374 et
946 1322 1066 1373 Luc.

83 1394 124 1450 1.
188 1397 296 1452 55:
357 1396 586 1464 Angelus
648 1397 775 1448 dixit
840 1396 1070 1448 Mariae:

63 1469 227 1534 Quod
265 1479 491 1523 nascetur
528 1487 590 1522 ex
629 1478 669 1522 ιε
720 1477 959 1530 sanctum,
1004 1486 1077 1522 ‹³0-

86 1544 276 1597 cabitur
314 1544 477 1597 Filius
533 1544 643 1596 Dei.
694 1542 780 1595 Isti
822 1560 943 1610 ergo
1009 1544 1078 1596 lo-

86 1618 272 1688 quendi
297 1619 431 1670 modi
454 1618 546 1670 sibi
571 1634 671 1669 non
700 1619 1075 1682 contradicunt,

64 1691 175 1758 „sed
214 1692 350 1743 idem
389 1692 687 1744 enunciant.
720 1691 899 1744 Merito
922 1692 1077 1758 igitur

91 1764 418 1818 Tertullianus
469 1765 543 1835 (2)
587 1766 720 1818 hanc
758 1765 1078 1817 adversario-

0 201 22 389 .v*-··v··-w!
0 152 17 174 e.

24 134 34 139 i

75 1854 203 1897 rum
239 1840 575 1893 obiectionem
615 1855 803 1891 vanam
853 1838 1077 1907 appellat

71 1915 463 1967 tortuositatem
486 1955 498 1976 ,
564 1929 782 1982 eamque
846 1913 1077 1966 confutat

0 1991 1 2028 l
89 1985 301 2040 dicens:
337 2008 362 2038 α
408 1987 464 2039 In
493 2003 553 2040 ea
593 1989 728 2040 enim
769 1995 900 2050 erat,
944 1987 1076 2056 quod

93 2068 202 2114 erat
240 2078 306 2114 ex
345 2078 426 2115 ea.
462 2082 488 2110 n

162 2134 274 2187 obi.
320 2136 402 2187 5.⁸
441 2135 676 2188 Christus
715 2135 840 2202 ipse,
880 2136 1076 2186 cumin

79 2210 239 2262 :terris
281 2210 543 2262 nobiscum
583 2216 912 2267 versaretur,
957 2210 1079 2260 satis

80 2283 355 2343 indicavit,
385 2300 440 2335 se
466 2284 691 2350 corporis
723 2284 799 2334 sui
829 2283 1079 2348 originem

79 2354 279 2411 ‘Mariae
320 2373 421 2409 non
462 2357 670 2416 debere,
714 2357 827 2408 ideo
867 2356 1078 2408 Mariam

93 2445 370 2499 numquam
385 2430 663 2499 appellavit
689 2437 902 2482 matrem
918 2446 1081 2495 suam,

94 2504 182 2556 sed
209 2505 259 2556 in
288 2502 426 2556 Cana
454 2504 715 2557 Galilaeae
761 2504 824 2555 ad
866 2520 978 2556 eam
1008 2504 1082 2555 di-

93 2577 189 2629 xit:
232 2576 362 2641 Quid
397 2578 523 2630 mihi
552 2586 596 2630 ει
636 2578 723 2630 tibi
759 2585 827 2629 est
866 2578 1084 2630 mittier?

60 2658 71 2673 ⁸
96 2647 193 2721 (5),
223 2658 275 2704 et
311 2653 361 2703 in
403 2668 555 2704 cruce
596 2653 843 2720 pendens:
875 2651 1079 2711 Mulier,

93 2722 255 2793 inquit
282 2765 294 2785 ‚
338 2741 437 2778 ecce
475 2725 608 2795 filius
661 2733 773 2777 tuus
814 2724 926 2795 (lt):
983 2728 1083 2778 imo

94 2804 312 2850 matrem
362 2806 414 2851 et
464 2802 872 2863 consanguineos
909 2807 1084 2867 aperte

95 2870 370 2939 abnegavit
408 2872 603 2925 dicens:
649 2871 781 2935 Quae
818 2881 886 2924 εει
930 2881 1086 2926 'nater

75 2959 220 3003 «πιθα,
263 2952 307 2996 ει
345 2946 432 3014 qui
469 2954 582 2998 sunt
619 2946 800 3013 fratres
839 2948 965 2999 mei.
956 2947 978 2986 2
1014 2977 1087 2987 —

74 3014 394 3086 {Quicumque
430 3020 597 3087 fecerit
649 3019 936 3072 voluntatem
991 3021 1088 3073 Ρα-

77 3091 189 3145 ,ln's
224 3092 356 3154 mei,
399 3096 487 3161 qui
524 3095 578 3145 in
628 3093 767 3146 coelis
823 3101 928 3153 εει,
989 3096 1087 3163 ipse

73 3167 232 3219 'meus
265 3166 425 3233 frater
459 3175 504 3220 ει
542 3181 683 3219 soror
720 3175 764 3220 ει
809 3175 965 3220 mater
1021 3177 1087 3221 εει

632 152 642 156 -
704 133 829 172 PARS
860 134 935 173 m.
975 132 1141 172 samo
1178 129 1217 172 Ῑ.
1259 131 1413 171 CAPUT
1448 131 1487 169 1.

1128 215 1328 277 tuisset,
1371 212 1414 266 si
1453 209 1614 267 Maria
1651 208 1748 280 ipsi
1785 224 1997 263 carnem
2028 209 2123 263 de·

1129 291 1322 351 disset,
1363 292 1417 341 et
1474 301 1598 361 vera
1638 286 1750 339 eius
1788 282 1952 339 Mater
1992 284 2125 337 exti-

1130 364 1297 416 tisset.

1202 436 1343 505 Resp.
1402 434 1837 502 Quotiescumque
1893 430 2127 485 Christus

1130 527 1184 561 se
1237 510 1400 563 filium
1441 509 1663 561 hominis
1712 507 1969 575 professus
2008 510 2123 565 est,

1130 583 1343 638 Mariam
1378 583 1624 651 implicite
1666 581 1871 633 vocavit
1909 585 2130 631 matrem

1132 674 1298 710 suam.
1341 657 1422 709 An
1482 672 1606 709 vero
1655 654 1919 723 conceptis
1958 653 2131 705 verbis

1133 746 1247 783 eam
1288 732 1550 783 vocaverit
1590 737 1810 781 matrem
1849 742 2024 787 suam,
2069 726 2132 777 Ε-

1135 804 1370 873 vangelia
1404 804 1454 856 id
1495 803 1703 872 quidem
1743 819 1844 856 non
1887 801 2130 870 produnt,

1133 877 1219 930 sed
1265 894 1429 947 neque
1469 878 1799 930 inficiantur:
1844 877 1953 945 ipso
2000 875 2133 927 facto

1134 951 1366 1005 Christus
1423 952 1637 1005 Mariam
1690 959 1746 1003 ut
1787 957 2006 1002 matrem
2047 964 2136 1000 ve-

1138 1034 1348 1079 neratus
1387 1033 1486 1087 est,
1530 1028 1615 1096 qui
1656 1032 1768 1078 erat
1795 1024 2032 1078 subditus
2060 1022 2135 1075 illi

1136 1098 1232 1171 (ὃ).
1278 1100 1549 1153 Praeterea
1578 1101 1787 1152 omnino
1814 1106 2012 1151 certum
2042 1101 2135 1160 est,

1135 1174 1350 1226 Mariam
1407 1190 1438 1226 a
1477 1174 1531 1226 S.
1576 1173 1766 1226 Ioanne
1819 1173 2007 1225 diserte
2047 1187 2137 1239 ap-

1139 1248 1313 1315 pellari
1358 1255 1576 1300 matrem
1606 1247 1816 1311 Christi3
1859 1247 1931 1298 ait
1971 1245 2134 1297 enim:

1135 1321 1341 1374 Stabant
1392 1330 1553 1373 atatem
1604 1324 1746 1374 iuxta
1790 1335 1982 1373 crucem
2026 1318 2141 1370 Iesu

1137 1396 1300 1448 Mater
1337 1397 1442 1447 eius
1481 1403 1607 1459 etc.;
1652 1403 1730 1448 et:
1775 1410 1887 1447 cum
1941 1393 2140 1445 vidisset

1136 1486 1251 1537 erqo
1291 1470 1425 1521 Iesus
1465 1478 1670 1522 matrem
1697 1511 1709 1531 ,
1763 1477 1806 1520 et
1846 1466 2141 1535 discipulum

1138 1552 1371 1606 stantem,
1414 1560 1554 1611 quem
1588 1542 1835 1611 dil'e‘yebat,
1877 1542 1995 1595 dicit
2040 1556 2142 1592 ma·

1140 1619 1206 1669 tri
1244 1634 1359 1669 suae
1399 1626 1499 1669 etc,
1546 1617 1640 1687 (7).
1687 1617 1765 1668 Ex
1794 1616 1918 1668 locis
1946 1621 2141 1680 autem,

1140 1708 1270 1759 quae
1311 1692 1456 1744 nobis
1485 1692 1819 1750 obiiciuntur,
1864 1689 1992 1741 nihil
2019 1704 2143 1741 con-

1143 1773 1219 1816 tra
1258 1767 1437 1817 matris
1470 1765 1774 1832 dignitatem
1815 1764 1992 1815 inferri
2036 1767 2143 1831 pot·

1140 1846 1235 1891 est.
1281 1838 1407 1891 Cum
1450 1842 1587 1891 enim
1628 1838 1864 1890 Christus
1894 1837 1970 1907 (8)
2013 1836 2143 1888 dixit

1140 1914 1202 1964 ad
1243 1912 1498 1965 Matrem:
1546 1913 1675 1976 Quid
1723 1912 1849 1964 mihi
1892 1918 1993 1963 etc.
2042 1925 2143 1963 non

1143 1989 1381 2055 negavit,
1426 1987 1643 2039 Mariam
1698 2003 1811 2039 esse
1851 2001 1998 2038 suam
2040 2000 2144 2037 ma-

1143 2069 1293 2122 trem,
1326 2061 1414 2112 sed
1455 2063 1684 2129 apposite
1710 2062 1774 2113 ad
1812 2061 2146 2113 circumstan-

1144 2137 1238 2187 tias
1279 2136 1523 2203 temporis
1583 2143 1635 2188 et
1695 2135 1927 2187 miraculi
1954 2176 1966 2196 ,
2010 2133 2145 2203 quod

1145 2226 1262 2261 mox
1302 2216 1608 2278 operaturus
1643 2217 1756 2262 erat
1794 2207 2145 2262 convertendo

1142 2284 1338 2335 scilicet
1389 2299 1574 2351 aquam
1619 2284 1668 2334 in
1713 2284 1890 2335 vinum
1941 2283 1992 2334 in
2049 2298 2144 2333 nu-

1145 2358 1259 2425 ptiis
1298 2357 1466 2408 Canae
1507 2356 1766 2409 Galilaeae
1796 2355 1950 2426 (quod
1992 2357 2146 2407 mira-

1145 2431 1316 2482 culum
1341 2430 1692 2498 postulaverat
1715 2430 1773 2481 B.
1809 2426 1986 2500 Virgo)
2001 2427 2146 2481 Chri-

1144 2511 1253 2556 stus
1293 2506 1515 2572 reponit,
1562 2503 1631 2556 nil
1671 2505 1764 2555 sibi
1807 2509 1859 2555 et
1898 2503 2048 2555 matri
2086 2518 2149 2554 ea

1147 2581 1195 2630 in
1238 2595 1292 2630 re
1319 2594 1593 2631 commune
1633 2594 1766 2643 esse3
1806 2578 2053 2629 virtutem
2094 2591 2150 2627 e-

1149 2654 1253 2704 nim
1292 2660 1343 2704 et
1384 2656 1665 2720 potentiam
1724 2652 1852 2703 tanti
1913 2649 2149 2703 miraculi

1149 2727 1383 2795 patrandi
1444 2743 1544 2778 non
1586 2743 1616 2779 a
1673 2725 1837 2778 Matre
1886 2740 1977 2793 per
2019 2731 2148 2776 tem-

1149 2801 1407 2868 poralem,
1452 2802 1541 2853 sed
1581 2818 1611 2852 a
1654 2799 1802 2851 Patre
1844 2814 1933 2866 per
1980 2805 2149 2850 aeter-

1150 2890 1268 2926 nam
1300 2876 1687 2941 generationem
1715 2875 1935 2942 accepit.⁴
1977 2871 2053 2924 lta
2083 2871 2143 2926 S.

1147 2947 1454 3017 Auqustirius
1495 2947 1570 3019 (9)
1614 2949 1797 3016 inquit·
1845 2966 1871 2996 «
1914 2936 2020 3000 Nec
2058 2961 2149 2998 nos

1147 3023 1212 3074 ad
1254 3022 1543 3091 negandam
1582 3020 1769 3072 Christi
1811 3027 2029 3073 matrem
2069 3035 2152 3071 co-

1148 3097 1242 3162 git,
1285 3096 1416 3164 quod
1459 3096 1523 3147 ab
1563 3111 1622 3147 eo
1662 3094 1858 3147 dictum
1885 3101 1983 3147 est.
2017 3091 2150 3157 Quid

1148 3169 1292 3234 mihi,
1335 3179 1379 3221 ει
1407 3169 1494 3221 tibi
1519 3176 1588 3220 est
1613 3168 1823 3221 mulier?
1848 3168 1936 3222 sed
1977 3168 2152 3220 admo-

72 3233 201 3309 (Β).
219 3237 346 3293 Nou
388 3240 458 3293 ita
514 3240 748 3295 Christus
803 3241 940 3311 loqui
999 3258 1086 3311 po·
1153 3251 1238 3296 net
1265 3244 1451 3312 potius
1481 3249 1538 3296 ut
1565 3243 1938 3312 intento-amus
1963 3256 2148 3296 secun-

146 3395 196 3438 (ί)
221 3395 348 3434 umh.
367 3397 405 3440 1.
429 3398 487 3435 20.

55 3467 58 3469 .
148 3422 701 3483 (tlbdecnmechrimcio

91 3440 274 3530 -mlo
297 3483 332 3530 2,
355 3483 389 3521 ⁴.

71 3674 130 3720 «ἰ

75 3738 122 3792 ε.
199 3762 217 3770 -

783 3485 840 3527 (υ
861 3485 978 3530 1010.
1001 3486 1055 3525 20.
1115 3524 1119 3527 ,

1209 3401 1246 3445 5)
1268 3400 1538 3489 {wazu-2218.
1840 3402 1890 3445 (a)
1917 3403 2003 3480 mitt}
2031 3397 2147 3480 23⁰1..

1190 3401 1458 3534 {glssoe'mo
1478 3494 1518 3530 ct
1538 3445 1772 3531 ”mbaeg-{o
1785 3454 1816 3481 c
1830 3445 1886 3489 η’
1910 3454 1932 3481 v
2022 3448 2060 3478 a
