2332 3860
306 104 404 157 222

238 193 400 246 nihilo
434 207 459 248 a
508 193 608 246 Deo
653 196 857 248 creante
910 199 1123 259 peracta.
1165 190 1250 244 ln-

235 269 396 331 signis
462 269 522 320 ad
590 270 681 320 hoc
740 268 1053 334 probandum
1114 268 1252 319 locus

234 342 426 407 legitur
494 343 535 394 11
598 341 755 397 Mach.
818 342 943 405 VII,
1006 343 1104 403 28,
1165 343 1247 394 ubi

234 423 398 470 mater
437 417 599 469 filium
635 431 783 468 suum
822 424 945 469 natu
973 418 1246 468 minimum

233 492 294 543 ad
365 492 672 557 martyrium
724 493 956 542 hortatur
1035 492 1247 542 dicens:

233 557 384 626 Peto,
421 572 541 617 nate
563 605 575 627 ,
613 572 671 616 ut
708 567 925 632 aspicias
964 564 1027 615 ad
1063 565 1251 617 coelum

233 645 278 690 et
321 645 514 692 terram
536 680 549 702 ‚
585 646 631 691 et
668 641 732 691 acl
791 641 992 699 omnia,
1030 653 1156 706 quae
1196 640 1249 689 in

234 715 303 765 eis
338 720 501 777 sunt,·
535 719 582 765 et
616 714 887 781 intelliyas,
926 715 1044 780 quia
1080 730 1137 764 ex
1174 714 1249 764 ni-

235 788 332 840 hilo
372 789 491 853 fecit
538 788 627 839 illa
679 790 832 841 Deus.
881 789 1039 849 Quem
1087 789 1247 839 locum

187 907 190 910 .
235 869 491 929 tamquam
548 877 753 929 prorsus
798 865 1138 915 decretorium
1188 866 1247 916 ad

233 940 542 988 creationem
595 952 653 988 ex
708 939 868 988 nihilo
915 940 1246 1003 probandam,

240 1010 469 1077 Ori'qenes
521 1012 776 1076 adlegavit
821 1012 907 1077 (1).
950 1042 1015 1050 —
1068 1014 1248 1065 Paulus

231 1100 433 1152 quoque
469 1089 778 1137 creationem
826 1101 893 1138 ex
941 1089 1102 1139 nihilo
1148 1090 1247 1140 Deo

230 1161 509 1221 adscribit,
548 1161 668 1212 dum
712 1162 847 1212 Rom.
885 1161 967 1225 IV,
1009 1164 1066 1214 17
1091 1205 1103 1226 ,
1141 1166 1245 1215 ait·

231 1235 367 1286 Deus
423 1240 564 1286 vocat
622 1249 679 1285 ea
738 1250 866 1301 quae
925 1251 1025 1289 uon
1084 1245 1246 1303 suut,

230 1312 494 1374 tamquam
542 1324 605 1360 ea
644 1324 770 1376 quae
812 1316 953 1361 suut.
994 1312 1053 1361 Et
1092 1313 1243 1366 Hebr.

230 1381 321 1442 Xl,
377 1384 432 1445 3,
493 1387 694 1435 scribit:
751 1385 870 1436 Fide
923 1387 1248 1454 inlelliyimus

231 1462 411 1523 aptata
466 1474 568 1509 esse
625 1459 860 1521 saecula,
925 1461 1052 1512 idest
1111 1465 1243 1514 entia

229 1534 444 1596 tempori
483 1534 726 1596 subiecta,
762 1533 906 1586 verbo
942 1536 1050 1597 Dei,
1088 1542 1147 1588 ul
1183 1553 1246 1589 ese

229 1606 563 1659 invisibilibus
604 1610 638 1660 i.
684 1623 725 1659 e.
778 1624 878 1660 non
932 1612 1245 1674 extantibus,

227 1679 443 1732 visibilia
469 1684 502 1732 i.
538 1697 583 1734 e.
623 1684 895 1735 existentia
931 1685 1118 1736 fierent
1153 1686 1242 1751 (2).

295 1755 343 1808 2.
395 1757 560 1809 Deum
607 1760 771 1809 omnia
821 1773 883 1810 ex
933 1759 1095 1810 nihilo
1136 1775 1246 1811 cre-

227 1843 379 1892 asse,
439 1840 666 1883 constans
735 1834 831 1883 fuit
889 1832 976 1883 SS.
1037 1834 1243 1886 Patrum

228 1903 485 1967 doctrina,
532 1912 582 1957 et
629 1907 879 1958 Ecclesiae
927 1908 1065 1960 fideS.
1113 1911 1246 1961 Her-

227 1992 338 2030 mas
373 1979 460 2032 lib.
502 1980 627 2032 Past.
666 1982 738 2046 (3)
783 1988 1085 2047 sequentem
1134 1998 1246 2049 pro-

226 2053 497 2106 fessionem
568 2056 686 2107 fidei
757 2055 851 2106 sibi
922 2057 982 2108 ab
1049 2057 1245 2122 Angelo

226 2128 511 2181 iniunctam
549 2131 734 2181 refert:
774 2149 794 2176 «
825 2131 978 2183 Credo
1003 2132 1056 2183 in
1083 2135 1243 2185 Deum

226 2203 315 2268 qui
354 2205 523 2256 omnia
566 2206 783 2264 creavit,
827 2206 1040 2271 perfecit
1092 2215 1135 2260 el
1183 2224 1245 2260 eac

226 2278 383 2330 nihilo
418 2279 671 2344 produxit.
711 2301 730 2326 υ
778 2281 1013 2333 Iustinus
1049 2284 1123 2334 M.
1156 2286 1241 2348 qui

227 2353 413 2405 iniuste
464 2369 490 2406 a
543 2355 799 2407 Rousseau
847 2362 897 2407 et
945 2357 1056 2407 aliis
1099 2371 1244 2409 accu-

227 2434 408 2491 satur,
468 2429 600 2495 quod
669 2444 786 2481 cum
857 2430 1067 2483 Platone
1137 2445 1245 2484 ma-

228 2503 408 2553 teriam
477 2505 738 2556 admiserit
805 2512 1105 2569 aeternam,
1190 2508 1242 2558 in

228 2576 430 2629 exhort.
490 2580 550 2630 ad
609 2576 783 2632 Graec.
851 2580 917 2646 (4)
975 2583 1240 2633 veritatem

231 2649 359 2701 hanc
404 2653 669 2716 profitetur
721 2654 923 2706 dicens:
974 2673 994 2701 «
1039 2652 1243 2707 Creator

230 2724 368 2775 enim
407 2726 545 2779 nulla
589 2742 646 2780 re
696 2729 791 2781 alia
846 2729 1117 2792 indigem,
1154 2745 1240 2783 sua

194 2842 197 2845 .
230 2799 421 2851 virtute
467 2807 519 2853 et
563 2807 804 2868 potestate
856 2804 940 2864 id,
980 2804 1114 2869 quod
1150 2805 1241 2867 fit,

229 2872 399 2924 efficit.
468 2875 645 2942 Opisex
715 2891 838 2930 vero
905 2884 1103 2943 accepta
1180 2893 1241 2931 ex

230 2950 439 3000 materia
498 2952 746 3004 condendi
816 2951 1053 3004 facultate
1122 2966 1243 3018 opus

228 3035 379 3073 suum
426 3028 694 3081 construit.
737 3046 758 3075 υ
813 3026 942 3078 Hinc
983 3026 1240 3078 Platonem

229 3098 432 3160 arguit,
478 3101 609 3164 quod
662 3102 824 3153 Deum
877 3114 981 3153 non
1041 3100 1241 3153 Creato-

229 3184 378 3235 rem,
413 3173 500 3224 sed
553 3175 788 3240 opificem
842 3176 1036 3229 fecerit.
1088 3178 1144 3230 S.
1192 3176 1242 3227 1-

273 3313 307 3357 (1
348 3312 431 3350 Lib.
454 3313 477 3348 2
503 3311 700 3351 Periarch.
726 3325 759 3352 c
786 3319 819 3352 1.

273 3359 310 3399 (2
348 3357 400 3394 cf.
426 3357 524 3393 Klee
544 3358 676 3403 dogm.
701 3359 750 3396 de
777 3363 895 3399 creat.
918 3363 994 3409 §2-
1011 3373 1049 3400 n.
1076 3363 1109 3400 1.

274 3402 323 3447 (3)
349 3402 386 3440 L.
410 3403 443 3439 2.
467 3403 596 3438 mand
622 3403 651 3439 1
1039 3406 1162 3453 (4)Ν.
1186 3406 1243 3443 23.

351 3447 389 3484 1..
414 3448 437 3482 2
459 3446 550 3485 adv.
573 3447 684 3486 haer.
708 3457 742 3485 c.
770 3449 824 3492 10,
847 3459 884 3486 n.
911 3452 946 3487 4.

292 3491 444 3538 ‹Qcap
470 3491 526 3531 1³.

1287 3408 1412 3441 contr.
1441 3404 1611 3440 Manio.

2230 0 2289 20 ...φ
2312 0 2332 18 Ἲξ

2229 27 2258 43 ,,,
2276 0 2332 49 ἐξ,

2287 59 2306 88 3¹*
2329 60 2332 61 .

2283 97 2301 113 1·

645 117 710 156 DE
744 117 841 157 DEO
874 117 931 155 IN
966 115 1250 158 RELATIONE
1285 115 1355 154 AD
1388 114 1626 156 MUNmm
1638 113 1910 155 SPECTATO·

1297 205 1516 244 renaeus
1549 190 1623 256 (5)
1646 193 1747 243 ait:
1784 207 1810 243 ι
1843 190 2089 243 Homines
2113 145 2332 259 quideffil

1299 281 1362 318 ex
1399 266 1560 317 nihilo
1600 279 1700 318 non
1746 272 1961 333 possunt
2007 264 2197 330 aliquid
2238 263 2332 346 faui]

1301 355 1452 399 cere
1488 340 1574 391 sed
1610 341 1670 392 de
1722 341 1933 392 materia
1986 311 2332 413 subiacente&

1304 415 1430 465 Deus
1481 421 1688 476 autem,
1726 429 1877 480 quam
1925 415 2155 465 homines
2204 422 2332 475 mei}

1304 489 1433 550 lior,
1484 490 1747 539 materiam
1798 489 2145 540 fabricationis
2195 499 2332 558 suaet

1301 576 1415 613 cum
1467 568 1583 613 ante
1638 575 1740 613 non
1792 569 1958 620 esset.
2016 565 2123 628 ipse
2174 562 2332 614 adina.

1302 638 1460 687 venit.
1489 657 1509 684 »
1553 637 1899 688 Tertullianus
1922 638 1984 688 de
2016 637 2332 702 Praescriptas

1302 711 1389 776 (6),
1430 711 1567 762 illam
1620 712 1744 762 dicit
1799 725 1972 763 veram
2025 726 2131 763 esse
2190 729 2211 757 α
2258 712 2332 762 fi-·

1298 784 1442 845 dem,
1481 799 1573 851 qua
1612 786 1867 847 creditur,
1908 799 2068 837 unum
2105 787 2332 838 omninoi

1302 859 1458 910 Deum
1516 874 1662 922 esse,
1725 874 1817 911 nec
1885 861 2044 912 alium
2115 866 2329 924 praeter·

1302 934 1477 984 mundi
1533 935 1882 995 conditorem,
1932 936 2020 1000 qui
2074 935 2332 988 universa

1299 1009 1357 1059 de
1407 1009 1567 1061 nihilo
1617 1010 1910 1074 produxerit
1961 1023 2047 1074 per
2095 1010 2329 1063 verbum·

1291 1097 1466 1134 suum.
1507 1104 1526 1131 ι)
1574 1087 1629 1137 S.
1669 1084 1991 1136 Athanasius
2045 1085 2200 1149 Epist.
2251 1072 2327 1138 adt

1299 1158 1474 1223 Serap.
1514 1159 1692 1210 docet:
1743 1179 1763 1204 a
1800 1160 1998 1210 Patrem
2053 1172 2139 1224 per
2188 1159 2326 1212 Verw

1300 1233 1419 1283 bum
1466 1234 1518 1283 in
1570 1233 1758 1298 Spiritu
1807 1233 1990 1285 Sancto
2040 1236 2210 1286 omnia
2247 1248 2312 1287 ex

1298 1307 1457 1358 nihilo
1494 1309 1687 1360 fecisse.
1727 1326 1750 1358 >³
1794 1308 1843 1360 S.
1886 1306 2187 1360 Ambrosius
2227 1322 2326 1360 ex·-

1298 1394 1491 1444 ponens
1539 1383 1690 1434 verba
1737 1383 1873 1434 Pauli
1925 1384 2071 1435 Rom.
2111 1383 2213 1442 Xl,
2251 1383 2328 1436 36⁵

1295 1457 1362 1519 (7)
1415 1458 1624 1523 scribit:
1680 1474 1703 1507 c<
1755 1456 1896 1509 Unus
1949 1459 2078 1509 Deus
2127 1458 2310 1523 Pater,

1295 1545 1354 1580 ex
1407 1545 1506 1596 quo
1559 1534 1748 1584 omnia.
1803 1534 2005 1583 Etenim
2057 1539 2323 1598 tamquam.

1295 1619 1357 1655 ex
1414 1619 1504 1657 suo
1562 1608 1693 1669 scit,
1752 1609 1870 1672 quia
1942 1600 2077 1658 unde
2148 1607 2323 1660 voluit-z

1294 1681 1427 1731 fecit.
1472 1681 1542 1731 Ex
1597 1682 1702 1747 ipso
1749 1695 1873 1746 ergo
1921 1684 2148 1734 materia.
2190 1699 2213 1733 »
2256 1683 2306 1736 S.

1294 1756 1622 1821 Auqustinus
1694 1757 1758 1823 (8)
1823 1758 2027 1822 inquit:
2099 1776 2120 1803 α
2177 1758 2322 1810 Deus

1297 1832 1577 1881 rectissime
1622 1832 1849 1882 creditur
1894 1831 2068 1882 omnia
2114 1846 2179 1884 ex
2232 1834 2322 1884 ni·-

1297 1904 1398 1955 hilo
1443 1905 1635 1967 fecisse,
1682 1907 1825 1972 quia,
1864 1907 1958 1957 etsi
2006 1907 2178 1960 omnia
2213 1907 2324 1961 for--

1296 1986 1425 2031 mata
1479 1982 1539 2031 de
1592 1982 1683 2032 ista
1735 1982 1945 2033 materia
1995 1982 2122 2034 facta
2173 1984 2324 2048 sint„

1297 2055 1415 2106 haec
1467 2057 1573 2121 ipsa
1627 2057 1839 2108 materia
1892 2064 2065 2108 tamen
2117 2058 2179 2108 de
2227 2058 2322 2110 ni·-

1296 2130 1399 2182 hilo
1449 2131 1576 2183 facta
1629 2138 1704 2182 est
1755 2150 1774 2178 »
1840 2131 1931 2197 (9).
1979 2159 2044 2166 -
2094 2131 2325 2187 Εὓοίθεία.

1293 2219 1490 2270 semper
1537 2205 1786 2268 credidit,
1822 2206 2080 2257 mundum
2125 2220 2188 2258 ex
2234 2209 2309 2260 ni-

1296 2280 1398 2331 hilo
1451 2286 1677 2332 creatum
1731 2294 1856 2334 esse.
1905 2279 1998 2331 Cui
2047 2282 2323 2335 traditioni¹

1295 2356 1527 2406 insistens
1568 2354 1846 2407 Concilium
1869 2357 2212 2408 Lateranense
2235 2356 2324 2410 IV

1294 2430 1558 2481 definivit:
1614 2430 1775 2481 Deum
1829 2443 1937 2481 esse
1988 2457 2053 2467 —
2111 2429 2319 2483 Creato-·

1293 2519 1403 2556 rem
1440 2506 1674 2555 omnium
1711 2532 1777 2540 -
1810 2506 1897 2570 qui
1934 2503 2086 2556 simul
2121 2505 2183 2557 ab
2207 2505 2322 2558 ini-·

1295 2580 1362 2629 tio
1415 2579 1660 2645 temporis
1711 2584 1978 2645 utramque
2028 2579 2092 2631 de
2145 2580 2320 2635 nihilo·

1291 2654 1512 2704 condidit
1581 2657 1910 2715 creaturam,
1989 2654 2326 2719 spiritualem*

1291 2733 1340 2778 et
1373 2730 1715 2794 corporalem,
1755 2727 2035 2792 angelicam
2069 2730 2322 2784 videlicetz

1290 2808 1340 2853 et
1376 2803 1688 2854 mundanam
1726 2802 1849 2869 (10).

1371 2876 1419 2929 3.
1479 2878 1643 2929 Etiam
1711 2891 1774 2929 ex
1842 2878 2039 2930 ratione
2105 2879 2330 2934 ostendis·

1291 2956 1484 3018 potest,
1522 2965 1676 3018 quam
1722 2952 1939 3005 absurda
1985 2953 2050 3004 sit
2098 2953 2332 3008 illorumi

1288 3028 1576 3091 sententia,
1627 3027 1713 3094 qui
1772 3027 2023 3079 mundum
2081 3041 2145 3079 ex
2202 3041 2319 3082 ma·-

1292 3104 1415 3153 teria
1450 3109 1653 3154 aeterna
1694 3101 1970 3154 formatum
2011 3103 2332 3156 autumant&

1288 3175 1415 3228 Nam
1489 3176 1543 3226 in
1611 3175 1706 3228 hac
1772 3174 2026 3228 sententia
2094 3177 2332 3260 materiai

1330 3313 2332 3368 (7)1nHexaem.....llc5n.19.‘

1287 3361 1381 3404 (8)
1409 3360 1489 3396 Lib.
1520 3361 1570 3395 im
1602 3387 1612 3398 .
1639 3362 1676 3396 in
1713 3369 1800 3406 gen.
1826 3369 1858 3397 c.
1884 3360 1913 3396 1.
1938 3360 1989 3398 al.
2011 3361 2038 3398 l.
2067 3363 2104 3399 1
2124 3361 2176 3402 de
2209 3355 2332 3416 862}ss

1331 3451 1383 3493 (9)
1409 3448 1462 3485 Cf
1485 3448 1552 3485 lib.
1578 3449 1601 3486 2
1602 3407 1794 3487 0⁰0n‘iess.
1813 3458 1901 3496 cap.
1925 3451 1961 3496 Β,
1985 3452 2064 3490 etc.

1330 3488 1403 3539 (10)
1427 3493 1518 3540 Cap.
1544 3493 1725 3533 firmiter.

2078 3672 2082 3674 ἡ
2200 3671 2203 3676 v
2276 3670 2278 3677 ¹
2313 3677 2321 3681 Α

2132 3694 2134 3696 .
2269 3686 2278 3705 g,

2076 3743 2080 3746 ⁴
2229 3682 2332 3860 ’Β

2247 3774 2253 3781 ‹

2193 3789 2195 3799 ¹
2232 3798 2255 3806 .-

2138 3840 2141 3847 .
