<?xml version="1.0" encoding="UTF-8"?>
<!DOCTYPE html PUBLIC "-//W3C//DTD XHTML 1.0 Transitional//EN"
    "http://www.w3.org/TR/xhtml1/DTD/xhtml1-transitional.dtd">
<html xmlns="http://www.w3.org/1999/xhtml" xml:lang="en" lang="en">
 <head>
  <title>
</title>
<meta http-equiv="Content-Type" content="text/html;charset=utf-8" />
  <meta name='ocr-system' content='tesseract 3.04.00' />
  <meta name='ocr-capabilities' content='ocr_page ocr_carea ocr_par ocr_line ocrx_word'/>
</head>
<body>
  <div class='ocr_page' id='page_1' title='image "./theologiae00knoluoft_0361.png"; bbox 0 0 2332 3860; ppageno 0'>
   <div class='ocr_carea' id='block_1_1' title="bbox 0 0 200 198">
    <p class='ocr_par' dir='ltr' id='par_1_1' title="bbox 0 0 200 198">
     <span class='ocr_line' id='line_1_1' title="bbox 0 0 200 198; baseline 0 3662"><span class='ocrx_word' id='word_1_1' title='bbox 0 0 200 198; x_wconf 95' lang='lat' dir='ltr'> </span> 
     </span>
    </p>
   </div>
   <div class='ocr_carea' id='block_1_2' title="bbox 6 246 1008 400">
    <p class='ocr_par' dir='ltr' id='par_1_2' title="bbox 6 246 1008 400">
     <span class='ocr_line' id='line_1_2' title="bbox 6 246 1007 329; baseline -0.005 -25.912"><span class='ocrx_word' id='word_1_2' title='bbox 6 246 410 329; x_wconf 43' lang='lat' dir='ltr'>gmqqxfparte</span> <span class='ocrx_word' id='word_1_3' title='bbox 429 247 720 328; x_wconf 37' lang='lat' dir='ltr'>peccatu-m,</span> <span class='ocrx_word' id='word_1_4' title='bbox 738 260 871 314; x_wconf 80' lang='lat' dir='ltr'>quae</span> <span class='ocrx_word' id='word_1_5' title='bbox 891 257 1007 299; x_wconf 84' lang='lat' dir='ltr'>con·</span> 
     </span>
     <span class='ocr_line' id='line_1_3' title="bbox 8 318 1008 400; baseline -0.005 -22.893"><span class='ocrx_word' id='word_1_6' title='bbox 8 325 219 400; x_wconf 69' lang='lat' dir='ltr'>cipere,</span> <span class='ocrx_word' id='word_1_7' title='bbox 212 331 275 375; x_wconf 83' lang='lat' dir='ltr'>ac·</span> <span class='ocrx_word' id='word_1_8' title='bbox 292 333 472 388; x_wconf 85' lang='lat' dir='ltr'>parere</span> <span class='ocrx_word' id='word_1_9' title='bbox 490 318 678 373; x_wconf 87' lang='lat' dir='ltr'>meruit</span> <span class='ocrx_word' id='word_1_10' title='bbox 692 335 831 380; x_wconf 87' lang='lat' dir='ltr'>eum,</span> <span class='ocrx_word' id='word_1_11' title='bbox 856 334 1008 389; x_wconf 92' lang='lat' dir='ltr'>quem</span> 
     </span>
    </p>
   </div>
   <div class='ocr_carea' id='block_1_3' title="bbox 11 391 1034 3435">
    <p class='ocr_par' dir='ltr' id='par_1_3' title="bbox 18 391 1010 462">
     <span class='ocr_line' id='line_1_4' title="bbox 18 391 1010 462; baseline -0.005 -10.942"><span class='ocrx_word' id='word_1_12' title='bbox 18 401 259 461; x_wconf 72' lang='lat' dir='ltr'>constat,</span> <span class='ocrx_word' id='word_1_13' title='bbox 299 391 500 446; x_wconf 89' lang='lat' dir='ltr'>nullum</span> <span class='ocrx_word' id='word_1_14' title='bbox 550 391 791 447; x_wconf 83' lang='lat' dir='ltr'>babuisse</span> <span class='ocrx_word' id='word_1_15' title='bbox 831 409 1010 462; x_wconf 89' lang='lat' dir='ltr'>pecca-</span> 
     </span>
    </p>

    <p class='ocr_par' dir='ltr' id='par_1_4' title="bbox 26 465 1010 614">
     <span class='ocr_line' id='line_1_5' title="bbox 26 465 1010 538; baseline 0.003 -20"><span class='ocrx_word' id='word_1_16' title='bbox 26 468 168 531; x_wconf 67' lang='lat' dir='ltr'>mm.</span> <span class='ocrx_word' id='word_1_17' title='bbox 200 488 229 519; x_wconf 73' lang='grc' dir='ltr'>ιι</span> <span class='ocrx_word' id='word_1_18' title='bbox 267 465 326 522; x_wconf 99' lang='lat' dir='ltr'>S.</span> <span class='ocrx_word' id='word_1_19' title='bbox 369 466 699 535; x_wconf 73' lang='lat' dir='ltr'><strong><em>Hieronymus</em></strong></span> <span class='ocrx_word' id='word_1_20' title='bbox 733 466 838 538; x_wconf 91' lang='lat' dir='ltr'>(vel</span> <span class='ocrx_word' id='word_1_21' title='bbox 876 469 1010 521; x_wconf 86' lang='lat' dir='ltr'>alius</span> 
     </span>
     <span class='ocr_line' id='line_1_6' title="bbox 26 533 1009 616; baseline -0.006 -17"><span class='ocrx_word' id='word_1_22' title='bbox 26 533 264 616; x_wconf 53' lang='lat' dir='ltr'>antiquus</span> <span class='ocrx_word' id='word_1_23' title='bbox 299 539 500 612; x_wconf 83' lang='lat' dir='ltr'>auctor)</span> <span class='ocrx_word' id='word_1_24' title='bbox 529 539 606 612; x_wconf 76' lang='lat' dir='ltr'>(l)</span> <span class='ocrx_word' id='word_1_25' title='bbox 635 542 923 610; x_wconf 84' lang='lat' dir='ltr'>explanans</span> <span class='ocrx_word' id='word_1_26' title='bbox 951 541 1009 594; x_wconf 90' lang='lat' dir='ltr'>il-</span> 
     </span>
    </p>

    <p class='ocr_par' dir='ltr' id='par_1_5' title="bbox 13 604 1009 758">
     <span class='ocr_line' id='line_1_7' title="bbox 25 604 1009 682; baseline -0.003 -11"><span class='ocrx_word' id='word_1_27' title='bbox 25 604 134 682; x_wconf 63' lang='lat' dir='ltr'>Iud.</span> <span class='ocrx_word' id='word_1_28' title='bbox 171 615 387 676; x_wconf 69' lang='lat' dir='ltr'>Deduxit</span> <span class='ocrx_word' id='word_1_29' title='bbox 425 626 502 668; x_wconf 82' lang='lat' dir='ltr'>eos</span> <span class='ocrx_word' id='word_1_30' title='bbox 541 615 592 668; x_wconf 84' lang='lat' dir='ltr'>in</span> <span class='ocrx_word' id='word_1_31' title='bbox 631 616 754 669; x_wconf 78' lang='lat' dir='ltr'>nube</span> <span class='ocrx_word' id='word_1_32' title='bbox 791 617 908 677; x_wconf 81' lang='lat' dir='ltr'>diei,</span> <span class='ocrx_word' id='word_1_33' title='bbox 940 616 1009 668; x_wconf 89' lang='lat' dir='ltr'>ita</span> 
     </span>
     <span class='ocr_line' id='line_1_8' title="bbox 13 683 1005 769; baseline -0.004 -23"><span class='ocrx_word' id='word_1_34' title='bbox 13 683 254 769; x_wconf 68' lang='lat' dir='ltr'>disserit.</span> <span class='ocrx_word' id='word_1_35' title='bbox 302 709 328 740; x_wconf 78' lang='grc' dir='ltr'>α</span> <span class='ocrx_word' id='word_1_36' title='bbox 375 688 548 745; x_wconf 82' lang='lat' dir='ltr'><strong>Nubes</strong></span> <span class='ocrx_word' id='word_1_37' title='bbox 587 697 663 743; x_wconf 91' lang='lat' dir='ltr'>est</span> <span class='ocrx_word' id='word_1_38' title='bbox 713 690 772 743; x_wconf 92' lang='lat' dir='ltr'>B.</span> <span class='ocrx_word' id='word_1_39' title='bbox 832 689 1005 756; x_wconf 89' lang='lat' dir='ltr'>Virgo,</span> 
     </span>
    </p>

    <p class='ocr_par' dir='ltr' id='par_1_6' title="bbox 24 764 1005 839">
     <span class='ocr_line' id='line_1_9' title="bbox 24 764 1005 839; baseline -0.005 -19"><span class='ocrx_word' id='word_1_40' title='bbox 24 780 154 839; x_wconf 78' lang='lat' dir='ltr'>quae</span> <span class='ocrx_word' id='word_1_41' title='bbox 191 764 370 834; x_wconf 91' lang='lat' dir='ltr'>pulcre</span> <span class='ocrx_word' id='word_1_42' title='bbox 428 764 614 817; x_wconf 89' lang='lat' dir='ltr'>dicitur</span> <span class='ocrx_word' id='word_1_43' title='bbox 670 765 831 818; x_wconf 83' lang='lat' dir='ltr'>nubes</span> <span class='ocrx_word' id='word_1_44' title='bbox 871 764 1005 825; x_wconf 87' lang='lat' dir='ltr'>diei,</span> 
     </span>
    </p>

    <p class='ocr_par' dir='ltr' id='par_1_7' title="bbox 22 838 1012 911">
     <span class='ocr_line' id='line_1_10' title="bbox 22 838 1012 911; baseline -0.005 -15.984"><span class='ocrx_word' id='word_1_45' title='bbox 22 840 142 911; x_wconf 70' lang='lat' dir='ltr'>quia</span> <span class='ocrx_word' id='word_1_46' title='bbox 169 855 268 893; x_wconf 92' lang='lat' dir='ltr'>non</span> <span class='ocrx_word' id='word_1_47' title='bbox 296 838 422 892; x_wconf 84' lang='lat' dir='ltr'>fuit</span> <span class='ocrx_word' id='word_1_48' title='bbox 412 855 463 891; x_wconf 83' lang='lat' dir='ltr'>in</span> <span class='ocrx_word' id='word_1_49' title='bbox 492 839 736 901; x_wconf 79' lang='lat' dir='ltr'>tenebriS,</span> <span class='ocrx_word' id='word_1_50' title='bbox 761 839 850 892; x_wconf 91' lang='lat' dir='ltr'>sed</span> <span class='ocrx_word' id='word_1_51' title='bbox 878 854 1012 891; x_wconf 90' lang='lat' dir='ltr'>sem-</span> 
     </span>
    </p>

    <p class='ocr_par' dir='ltr' id='par_1_8' title="bbox 24 912 1003 1057">
     <span class='ocr_line' id='line_1_11' title="bbox 24 912 1003 1001; baseline -0.002 -34"><span class='ocrx_word' id='word_1_52' title='bbox 24 928 118 1001; x_wconf 72' lang='lat' dir='ltr'>per</span> <span class='ocrx_word' id='word_1_53' title='bbox 151 913 202 966; x_wconf 90' lang='lat' dir='ltr'>in</span> <span class='ocrx_word' id='word_1_54' title='bbox 244 912 377 966; x_wconf 87' lang='lat' dir='ltr'>luce.</span> <span class='ocrx_word' id='word_1_55' title='bbox 405 933 427 962; x_wconf 63' lang='grc' dir='ltr'>»ι</span> <span class='ocrx_word' id='word_1_56' title='bbox 471 912 523 967; x_wconf 91' lang='lat' dir='ltr'>S.</span> <span class='ocrx_word' id='word_1_57' title='bbox 567 912 774 967; x_wconf 75' lang='lat' dir='ltr'>Proetus</span> <span class='ocrx_word' id='word_1_58' title='bbox 802 912 942 966; x_wconf 83' lang='lat' dir='ltr'><strong><em>Orat.</em></strong></span> <span class='ocrx_word' id='word_1_59' title='bbox 978 913 1003 964; x_wconf 83' lang='lat' dir='ltr'>t</span> 
     </span>
     <span class='ocr_line' id='line_1_12' title="bbox 23 985 1012 1060; baseline -0.006 -14.994"><span class='ocrx_word' id='word_1_60' title='bbox 23 986 105 1060; x_wconf 69' lang='lat' dir='ltr'>in</span> <span class='ocrx_word' id='word_1_61' title='bbox 115 985 168 1041; x_wconf 91' lang='lat' dir='ltr'><strong><em>S.</em></strong></span> <span class='ocrx_word' id='word_1_62' title='bbox 211 987 302 1041; x_wconf 91' lang='lat' dir='ltr'>Dei</span> <span class='ocrx_word' id='word_1_63' title='bbox 341 986 470 1041; x_wconf 87' lang='lat' dir='ltr'>Gen.</span> <span class='ocrx_word' id='word_1_64' title='bbox 524 986 625 1057; x_wconf 57' lang='lat' dir='ltr'>siti:</span> <span class='ocrx_word' id='word_1_65' title='bbox 674 1007 699 1036; x_wconf 76' lang='grc' dir='ltr'>α</span> <span class='ocrx_word' id='word_1_66' title='bbox 740 986 1012 1057; x_wconf 88' lang='lat' dir='ltr'>Haudqua-</span> 
     </span>
    </p>

    <p class='ocr_par' dir='ltr' id='par_1_9' title="bbox 11 1062 1011 1430">
     <span class='ocr_line' id='line_1_13' title="bbox 26 1062 1011 1147; baseline -0.001 -32"><span class='ocrx_word' id='word_1_67' title='bbox 26 1076 178 1147; x_wconf 63' lang='lat' dir='ltr'>quam</span> <span class='ocrx_word' id='word_1_68' title='bbox 214 1062 494 1116; x_wconf 84' lang='lat' dir='ltr'>architecto</span> <span class='ocrx_word' id='word_1_69' title='bbox 533 1062 769 1115; x_wconf 84' lang='lat' dir='ltr'><strong>dedecori</strong></span> <span class='ocrx_word' id='word_1_70' title='bbox 809 1069 911 1124; x_wconf 84' lang='lat' dir='ltr'>est,</span> <span class='ocrx_word' id='word_1_71' title='bbox 957 1068 1011 1113; x_wconf 91' lang='lat' dir='ltr'>ut</span> 
     </span>
     <span class='ocr_line' id='line_1_14' title="bbox 24 1136 1011 1206; baseline -0.004 -15"><span class='ocrx_word' id='word_1_72' title='bbox 24 1148 138 1191; x_wconf 64' lang='lat' dir='ltr'>cam</span> <span class='ocrx_word' id='word_1_73' title='bbox 163 1136 355 1190; x_wconf 85' lang='lat' dir='ltr'>incolat</span> <span class='ocrx_word' id='word_1_74' title='bbox 374 1137 600 1205; x_wconf 91' lang='lat' dir='ltr'>domum,</span> <span class='ocrx_word' id='word_1_75' title='bbox 620 1153 773 1206; x_wconf 82' lang='lat' dir='ltr'>quam</span> <span class='ocrx_word' id='word_1_76' title='bbox 798 1138 1011 1204; x_wconf 78' lang='lat' dir='ltr'><strong>ipsemet</strong></span> 
     </span>
     <span class='ocr_line' id='line_1_15' title="bbox 25 1211 1009 1280; baseline -0.004 -15"><span class='ocrx_word' id='word_1_77' title='bbox 25 1212 340 1273; x_wconf 66' lang='lat' dir='ltr'>extruxerit,</span> <span class='ocrx_word' id='word_1_78' title='bbox 384 1227 551 1280; x_wconf 87' lang='lat' dir='ltr'>neque</span> <span class='ocrx_word' id='word_1_79' title='bbox 590 1211 756 1263; x_wconf 89' lang='lat' dir='ltr'>lutum</span> <span class='ocrx_word' id='word_1_80' title='bbox 795 1212 862 1279; x_wconf 76' lang='lat' dir='ltr'>{ig</span> <span class='ocrx_word' id='word_1_81' title='bbox 850 1211 1009 1262; x_wconf 84' lang='lat' dir='ltr'>ulum</span> 
     </span>
     <span class='ocr_line' id='line_1_16' title="bbox 25 1279 1011 1354; baseline -0.004 -14"><span class='ocrx_word' id='word_1_82' title='bbox 25 1279 203 1347; x_wconf 81' lang='lat' dir='ltr'>inficit,</span> <span class='ocrx_word' id='word_1_83' title='bbox 245 1300 363 1338; x_wconf 91' lang='lat' dir='ltr'>cum</span> <span class='ocrx_word' id='word_1_84' title='bbox 404 1285 490 1338; x_wconf 91' lang='lat' dir='ltr'>ille</span> <span class='ocrx_word' id='word_1_85' title='bbox 530 1286 835 1347; x_wconf 85' lang='lat' dir='ltr'>vasculum,</span> <span class='ocrx_word' id='word_1_86' title='bbox 879 1286 1011 1354; x_wconf 87' lang='lat' dir='ltr'>quod</span> 
     </span>
     <span class='ocr_line' id='line_1_17' title="bbox 11 1358 1013 1430; baseline -0.002 -17"><span class='ocrx_word' id='word_1_87' title='bbox 11 1358 279 1421; x_wconf 66' lang='lat' dir='ltr'>finxerat,</span> <span class='ocrx_word' id='word_1_88' title='bbox 323 1359 566 1430; x_wconf 87' lang='lat' dir='ltr'>refingit3</span> <span class='ocrx_word' id='word_1_89' title='bbox 610 1362 677 1412; x_wconf 88' lang='lat' dir='ltr'>ita</span> <span class='ocrx_word' id='word_1_90' title='bbox 726 1376 819 1413; x_wconf 89' lang='lat' dir='ltr'>nec</span> <span class='ocrx_word' id='word_1_91' title='bbox 869 1359 1013 1428; x_wconf 86' lang='lat' dir='ltr'>quid-</span> 
     </span>
    </p>

    <p class='ocr_par' dir='ltr' id='par_1_10' title="bbox 23 1432 1020 2461">
     <span class='ocr_line' id='line_1_18' title="bbox 25 1432 1009 1503; baseline 0 -17"><span class='ocrx_word' id='word_1_92' title='bbox 25 1449 179 1503; x_wconf 84' lang='lat' dir='ltr'>quam</span> <span class='ocrx_word' id='word_1_93' title='bbox 216 1432 383 1488; x_wconf 90' lang='lat' dir='ltr'>Deum</span> <span class='ocrx_word' id='word_1_94' title='bbox 422 1435 751 1503; x_wconf 90' lang='lat' dir='ltr'>purissimum</span> <span class='ocrx_word' id='word_1_95' title='bbox 794 1434 1009 1503; x_wconf 89' lang='lat' dir='ltr'>polluit,</span> 
     </span>
     <span class='ocr_line' id='line_1_19' title="bbox 27 1508 1008 1577; baseline -0.001 -16"><span class='ocrx_word' id='word_1_96' title='bbox 27 1508 161 1577; x_wconf 89' lang='lat' dir='ltr'>quod</span> <span class='ocrx_word' id='word_1_97' title='bbox 218 1524 285 1561; x_wconf 85' lang='lat' dir='ltr'>ex</span> <span class='ocrx_word' id='word_1_98' title='bbox 342 1509 579 1575; x_wconf 86' lang='lat' dir='ltr'>virginali</span> <span class='ocrx_word' id='word_1_99' title='bbox 623 1515 766 1561; x_wconf 87' lang='lat' dir='ltr'>utero</span> <span class='ocrx_word' id='word_1_100' title='bbox 810 1509 1008 1577; x_wconf 87' lang='lat' dir='ltr'>prodiit.</span> 
     </span>
     <span class='ocr_line' id='line_1_20' title="bbox 23 1581 1013 1646; baseline 0 -12"><span class='ocrx_word' id='word_1_101' title='bbox 23 1581 183 1646; x_wconf 84' lang='lat' dir='ltr'>Quam</span> <span class='ocrx_word' id='word_1_102' title='bbox 223 1583 363 1636; x_wconf 89' lang='lat' dir='ltr'>enim</span> <span class='ocrx_word' id='word_1_103' title='bbox 402 1584 530 1636; x_wconf 87' lang='lat' dir='ltr'>citra</span> <span class='ocrx_word' id='word_1_104' title='bbox 584 1598 789 1636; x_wconf 87' lang='lat' dir='ltr'>omnem</span> <span class='ocrx_word' id='word_1_105' title='bbox 828 1584 907 1635; x_wconf 88' lang='lat' dir='ltr'>sui</span> <span class='ocrx_word' id='word_1_106' title='bbox 942 1583 1013 1634; x_wconf 82' lang='lat' dir='ltr'>la·</span> 
     </span>
     <span class='ocr_line' id='line_1_21' title="bbox 26 1655 1017 1719; baseline -0.001 -9"><span class='ocrx_word' id='word_1_107' title='bbox 26 1655 140 1711; x_wconf 88' lang='lat' dir='ltr'>bem</span> <span class='ocrx_word' id='word_1_108' title='bbox 180 1657 510 1719; x_wconf 79' lang='lat' dir='ltr'>formaverat,</span> <span class='ocrx_word' id='word_1_109' title='bbox 538 1674 604 1710; x_wconf 80' lang='lat' dir='ltr'>ex</span> <span class='ocrx_word' id='word_1_110' title='bbox 630 1675 689 1711; x_wconf 88' lang='lat' dir='ltr'>ea</span> <span class='ocrx_word' id='word_1_111' title='bbox 730 1658 869 1710; x_wconf 86' lang='lat' dir='ltr'>nulla</span> <span class='ocrx_word' id='word_1_112' title='bbox 900 1674 1017 1710; x_wconf 89' lang='lat' dir='ltr'>con-</span> 
     </span>
     <span class='ocr_line' id='line_1_22' title="bbox 28 1732 1015 1801; baseline -0.002 -15"><span class='ocrx_word' id='word_1_113' title='bbox 28 1735 187 1797; x_wconf 19' lang='lat' dir='ltr'>tra-cta</span> <span class='ocrx_word' id='word_1_114' title='bbox 229 1732 429 1786; x_wconf 88' lang='lat' dir='ltr'>macula</span> <span class='ocrx_word' id='word_1_115' title='bbox 472 1734 734 1801; x_wconf 77' lang='lat' dir='ltr'>processit.</span> <span class='ocrx_word' id='word_1_116' title='bbox 784 1753 809 1781; x_wconf 72' lang='lat' dir='ltr'>n</span> <span class='ocrx_word' id='word_1_117' title='bbox 853 1732 904 1784; x_wconf 92' lang='lat' dir='ltr'><strong><em>S.</em></strong></span> <span class='ocrx_word' id='word_1_118' title='bbox 951 1732 1015 1783; x_wconf 77' lang='lat' dir='ltr'>Il-</span> 
     </span>
     <span class='ocr_line' id='line_1_23' title="bbox 26 1804 1017 1874; baseline -0.005 -13"><span class='ocrx_word' id='word_1_119' title='bbox 26 1804 310 1874; x_wconf 71' lang='lat' dir='ltr'>dephonsuS,</span> <span class='ocrx_word' id='word_1_120' title='bbox 352 1822 443 1858; x_wconf 90' lang='lat' dir='ltr'>seu</span> <span class='ocrx_word' id='word_1_121' title='bbox 484 1807 674 1859; x_wconf 89' lang='lat' dir='ltr'>rectius</span> <span class='ocrx_word' id='word_1_122' title='bbox 713 1806 1017 1859; x_wconf 76' lang='lat' dir='ltr'>Paschasius</span> 
     </span>
     <span class='ocr_line' id='line_1_24' title="bbox 25 1875 1015 1949; baseline 0 -18"><span class='ocrx_word' id='word_1_123' title='bbox 25 1875 276 1948; x_wconf 68' lang='lat' dir='ltr'>liat-bertas</span> <span class='ocrx_word' id='word_1_124' title='bbox 324 1880 410 1933; x_wconf 89' lang='lat' dir='ltr'>lib.</span> <span class='ocrx_word' id='word_1_125' title='bbox 456 1881 518 1932; x_wconf 91' lang='lat' dir='ltr'>de</span> <span class='ocrx_word' id='word_1_126' title='bbox 547 1880 690 1949; x_wconf 89' lang='lat' dir='ltr'>Virg.</span> <span class='ocrx_word' id='word_1_127' title='bbox 736 1881 790 1934; x_wconf 86' lang='lat' dir='ltr'><strong><em>S.</em></strong></span> <span class='ocrx_word' id='word_1_128' title='bbox 824 1880 1015 1932; x_wconf 82' lang='lat' dir='ltr'>Mariae</span> 
     </span>
     <span class='ocr_line' id='line_1_25' title="bbox 31 1952 1017 2015; baseline -0.001 -9"><span class='ocrx_word' id='word_1_129' title='bbox 31 1952 87 2012; x_wconf 77' lang='lat' dir='ltr'>:le</span> <span class='ocrx_word' id='word_1_130' title='bbox 113 1954 293 2008; x_wconf 87' lang='lat' dir='ltr'>eadem</span> <span class='ocrx_word' id='word_1_131' title='bbox 320 1955 461 2007; x_wconf 85' lang='lat' dir='ltr'>dicit:</span> <span class='ocrx_word' id='word_1_132' title='bbox 492 1974 518 2004; x_wconf 87' lang='lat'>«</span> <span class='ocrx_word' id='word_1_133' title='bbox 539 1954 769 2015; x_wconf 85' lang='lat' dir='ltr'>Constat,</span> <span class='ocrx_word' id='word_1_134' title='bbox 813 1971 925 2008; x_wconf 81' lang='lat' dir='ltr'>eain</span> <span class='ocrx_word' id='word_1_135' title='bbox 954 1956 1017 2006; x_wconf 85' lang='lat' dir='ltr'>ab</span> 
     </span>
     <span class='ocr_line' id='line_1_26' title="bbox 30 2028 1018 2098; baseline 0 -17"><span class='ocrx_word' id='word_1_136' title='bbox 30 2028 163 2090; x_wconf 78' lang='lat' dir='ltr'>omni</span> <span class='ocrx_word' id='word_1_137' title='bbox 202 2030 438 2095; x_wconf 80' lang='lat' dir='ltr'>originali</span> <span class='ocrx_word' id='word_1_138' title='bbox 489 2038 695 2098; x_wconf 88' lang='lat' dir='ltr'>peccato</span> <span class='ocrx_word' id='word_1_139' title='bbox 735 2032 1018 2083; x_wconf 84' lang='lat' dir='ltr'>immunem</span> 
     </span>
     <span class='ocr_line' id='line_1_27' title="bbox 30 2101 1013 2172; baseline -0.002 -15"><span class='ocrx_word' id='word_1_140' title='bbox 30 2101 242 2158; x_wconf 78' lang='lat' dir='ltr'>fuisse.»</span> <span class='ocrx_word' id='word_1_141' title='bbox 276 2101 334 2157; x_wconf 84' lang='lat' dir='ltr'>S.</span> <span class='ocrx_word' id='word_1_142' title='bbox 366 2101 674 2172; x_wconf 72' lang='lat' dir='ltr'>Sophronias</span> <span class='ocrx_word' id='word_1_143' title='bbox 703 2104 839 2157; x_wconf 79' lang='lat' dir='ltr'>Patr.</span> <span class='ocrx_word' id='word_1_144' title='bbox 873 2104 1013 2156; x_wconf 78' lang='lat' dir='ltr'>Hier.</span> 
     </span>
     <span class='ocr_line' id='line_1_28' title="bbox 31 2176 1019 2247; baseline -0.001 -17"><span class='ocrx_word' id='word_1_145' title='bbox 31 2192 79 2245; x_wconf 76' lang='lat' dir='ltr'>tn</span> <span class='ocrx_word' id='word_1_146' title='bbox 95 2177 188 2246; x_wconf 85' lang='lat' dir='ltr'><strong><em>Ep.</em></strong></span> <span class='ocrx_word' id='word_1_147' title='bbox 221 2179 462 2246; x_wconf 80' lang='lat' dir='ltr'>synodica</span> <span class='ocrx_word' id='word_1_148' title='bbox 483 2179 546 2231; x_wconf 89' lang='lat' dir='ltr'>ad</span> <span class='ocrx_word' id='word_1_149' title='bbox 567 2179 714 2247; x_wconf 84' lang='lat' dir='ltr'>Serg.</span> <span class='ocrx_word' id='word_1_150' title='bbox 740 2176 1019 2244; x_wconf 82' lang='lat' dir='ltr'>CPtanum,</span> 
     </span>
     <span class='ocr_line' id='line_1_29' title="bbox 32 2251 1019 2323; baseline 0.002 -19"><span class='ocrx_word' id='word_1_151' title='bbox 32 2267 159 2322; x_wconf 71' lang='lat' dir='ltr'>quae</span> <span class='ocrx_word' id='word_1_152' title='bbox 198 2268 227 2304; x_wconf 88' lang='lat' dir='ltr'>a</span> <span class='ocrx_word' id='word_1_153' title='bbox 253 2251 454 2305; x_wconf 82' lang='lat' dir='ltr'>CPtana</span> <span class='ocrx_word' id='word_1_154' title='bbox 483 2252 549 2305; x_wconf 82' lang='lat'>111</span> <span class='ocrx_word' id='word_1_155' title='bbox 575 2253 782 2323; x_wconf 85' lang='lat' dir='ltr'>Synodo</span> <span class='ocrx_word' id='word_1_156' title='bbox 812 2254 906 2306; x_wconf 82' lang='lat' dir='ltr'>fuit</span> <span class='ocrx_word' id='word_1_157' title='bbox 933 2270 1019 2321; x_wconf 85' lang='lat' dir='ltr'>ap-</span> 
     </span>
     <span class='ocr_line' id='line_1_30' title="bbox 33 2326 1020 2396; baseline 0.003 -18"><span class='ocrx_word' id='word_1_158' title='bbox 33 2326 262 2396; x_wconf 87' lang='lat' dir='ltr'>probata,</span> <span class='ocrx_word' id='word_1_159' title='bbox 303 2327 488 2380; x_wconf 86' lang='lat' dir='ltr'>asserit</span> <span class='ocrx_word' id='word_1_160' title='bbox 525 2326 582 2380; x_wconf 92' lang='lat' dir='ltr'>B.</span> <span class='ocrx_word' id='word_1_161' title='bbox 627 2328 841 2382; x_wconf 86' lang='lat' dir='ltr'>Mariam</span> <span class='ocrx_word' id='word_1_162' title='bbox 887 2348 912 2377; x_wconf 87' lang='lat'>«</span> <span class='ocrx_word' id='word_1_163' title='bbox 956 2329 1020 2380; x_wconf 79' lang='lat' dir='ltr'>ab</span> 
     </span>
     <span class='ocr_line' id='line_1_31' title="bbox 34 2402 1024 2469; baseline 0 -15"><span class='ocrx_word' id='word_1_164' title='bbox 34 2404 168 2454; x_wconf 85' lang='lat' dir='ltr'>omni</span> <span class='ocrx_word' id='word_1_165' title='bbox 208 2402 511 2469; x_wconf 72' lang='lat' dir='ltr'>contagione</span> <span class='ocrx_word' id='word_1_166' title='bbox 549 2418 610 2455; x_wconf 91' lang='lat' dir='ltr'>ac</span> <span class='ocrx_word' id='word_1_167' title='bbox 650 2403 850 2455; x_wconf 74' lang='lat' dir='ltr'>macuti</span> <span class='ocrx_word' id='word_1_168' title='bbox 899 2403 1024 2455; x_wconf 84' lang='lat' dir='ltr'>libe-</span> 
     </span>
    </p>

    <p class='ocr_par' dir='ltr' id='par_1_11' title="bbox 15 2474 1030 2989">
     <span class='ocr_line' id='line_1_32' title="bbox 36 2474 1022 2544; baseline 0 -16"><span class='ocrx_word' id='word_1_169' title='bbox 36 2489 139 2528; x_wconf 83' lang='lat' dir='ltr'>ram</span> <span class='ocrx_word' id='word_1_170' title='bbox 163 2474 315 2528; x_wconf 80' lang='lat' dir='ltr'>fuisse</span> <span class='ocrx_word' id='word_1_171' title='bbox 338 2491 575 2544; x_wconf 71' lang='lat' dir='ltr'>co1p01e</span> <span class='ocrx_word' id='word_1_172' title='bbox 595 2477 766 2529; x_wconf 88' lang='lat' dir='ltr'>anima</span> <span class='ocrx_word' id='word_1_173' title='bbox 791 2484 840 2529; x_wconf 88' lang='lat' dir='ltr'>et</span> <span class='ocrx_word' id='word_1_174' title='bbox 874 2477 1022 2530; x_wconf 87' lang='lat' dir='ltr'>intel-</span> 
     </span>
     <span class='ocr_line' id='line_1_33' title="bbox 37 2543 1014 2607; baseline 0.002 -7"><span class='ocrx_word' id='word_1_175' title='bbox 37 2543 188 2602; x_wconf 83' lang='lat' dir='ltr'>lectu.</span> <span class='ocrx_word' id='word_1_176' title='bbox 202 2569 227 2598; x_wconf 80' lang='lat'>»</span> <span class='ocrx_word' id='word_1_177' title='bbox 256 2548 310 2603; x_wconf 89' lang='lat' dir='ltr'>S.</span> <span class='ocrx_word' id='word_1_178' title='bbox 342 2550 414 2604; x_wconf 89' lang='lat'>10.</span> <span class='ocrx_word' id='word_1_179' title='bbox 442 2550 767 2604; x_wconf 76' lang='lat' dir='ltr'>Damascenus</span> <span class='ocrx_word' id='word_1_180' title='bbox 795 2551 943 2607; x_wconf 82' lang='lat' dir='ltr'>llum.</span> <span class='ocrx_word' id='word_1_181' title='bbox 993 2551 1014 2602; x_wconf 83' lang='lat' dir='ltr'>t</span> 
     </span>
     <span class='ocr_line' id='line_1_34' title="bbox 35 2621 1026 2695; baseline 0.002 -20"><span class='ocrx_word' id='word_1_182' title='bbox 35 2621 86 2675; x_wconf 88' lang='lat' dir='ltr'>in</span> <span class='ocrx_word' id='word_1_183' title='bbox 124 2621 295 2676; x_wconf 89' lang='lat' dir='ltr'>Nativ.</span> <span class='ocrx_word' id='word_1_184' title='bbox 326 2623 384 2688; x_wconf 83' lang='lat' dir='ltr'><strong>B</strong></span> <span class='ocrx_word' id='word_1_185' title='bbox 434 2624 492 2680; x_wconf 88' lang='lat' dir='ltr'><strong><em>V.</em></strong></span> <span class='ocrx_word' id='word_1_186' title='bbox 544 2626 606 2678; x_wconf 90' lang='lat' dir='ltr'>de</span> <span class='ocrx_word' id='word_1_187' title='bbox 651 2626 748 2679; x_wconf 87' lang='lat' dir='ltr'>hac</span> <span class='ocrx_word' id='word_1_188' title='bbox 795 2627 903 2695; x_wconf 85' lang='lat' dir='ltr'>ipsa</span> <span class='ocrx_word' id='word_1_189' title='bbox 951 2625 1026 2677; x_wconf 86' lang='lat' dir='ltr'>di-</span> 
     </span>
     <span class='ocr_line' id='line_1_35' title="bbox 15 2696 1026 2772; baseline -0.001 -19"><span class='ocrx_word' id='word_1_190' title='bbox 15 2696 123 2753; x_wconf 68' lang='lat' dir='ltr'>¹eit:</span> <span class='ocrx_word' id='word_1_191' title='bbox 171 2717 198 2746; x_wconf 89' lang='lat'>«</span> <span class='ocrx_word' id='word_1_192' title='bbox 241 2696 435 2752; x_wconf 85' lang='lat' dir='ltr'>Natura</span> <span class='ocrx_word' id='word_1_193' title='bbox 461 2700 658 2768; x_wconf 89' lang='lat' dir='ltr'>gratiae</span> <span class='ocrx_word' id='word_1_194' title='bbox 691 2716 902 2772; x_wconf 84' lang='lat' dir='ltr'>germen</span> <span class='ocrx_word' id='word_1_195' title='bbox 934 2717 1026 2752; x_wconf 86' lang='lat' dir='ltr'>an-</span> 
     </span>
     <span class='ocr_line' id='line_1_36' title="bbox 39 2775 1025 2837; baseline 0.003 -12"><span class='ocrx_word' id='word_1_196' title='bbox 39 2776 292 2825; x_wconf 80' lang='lat' dir='ltr'>tevertere</span> <span class='ocrx_word' id='word_1_197' title='bbox 331 2788 430 2827; x_wconf 90' lang='lat' dir='ltr'>non</span> <span class='ocrx_word' id='word_1_198' title='bbox 460 2789 585 2827; x_wconf 90' lang='lat' dir='ltr'>ausa</span> <span class='ocrx_word' id='word_1_199' title='bbox 613 2781 710 2837; x_wconf 86' lang='lat' dir='ltr'>est3</span> <span class='ocrx_word' id='word_1_200' title='bbox 747 2795 772 2824; x_wconf 89' lang='lat'>»</span> <span class='ocrx_word' id='word_1_201' title='bbox 806 2783 858 2828; x_wconf 90' lang='lat' dir='ltr'>et</span> <span class='ocrx_word' id='word_1_202' title='bbox 889 2775 1025 2828; x_wconf 90' lang='lat' dir='ltr'>hom.</span> 
     </span>
     <span class='ocr_line' id='line_1_37' title="bbox 36 2844 1030 2903; baseline 0.008 -8"><span class='ocrx_word' id='word_1_203' title='bbox 36 2844 71 2903; x_wconf 77' lang='lat'>2</span> <span class='ocrx_word' id='word_1_204' title='bbox 110 2844 173 2896; x_wconf 89' lang='lat' dir='ltr'>de</span> <span class='ocrx_word' id='word_1_205' title='bbox 211 2844 417 2899; x_wconf 85' lang='lat' dir='ltr'><strong><em>dormit.</em></strong></span> <span class='ocrx_word' id='word_1_206' title='bbox 461 2844 518 2900; x_wconf 92' lang='lat' dir='ltr'>B.</span> <span class='ocrx_word' id='word_1_207' title='bbox 562 2847 631 2902; x_wconf 88' lang='lat' dir='ltr'>M.</span> <span class='ocrx_word' id='word_1_208' title='bbox 676 2847 739 2902; x_wconf 90' lang='lat' dir='ltr'>V.</span> <span class='ocrx_word' id='word_1_209' title='bbox 786 2849 918 2901; x_wconf 87' lang='lat' dir='ltr'>banc</span> <span class='ocrx_word' id='word_1_210' title='bbox 948 2866 1030 2903; x_wconf 89' lang='lat' dir='ltr'>vo-</span> 
     </span>
     <span class='ocr_line' id='line_1_38' title="bbox 17 2920 1025 2989; baseline 0.002 -17"><span class='ocrx_word' id='word_1_211' title='bbox 17 2923 156 2972; x_wconf 85' lang='lat' dir='ltr'>·cat:</span> <span class='ocrx_word' id='word_1_212' title='bbox 207 2938 234 2968; x_wconf 87' lang='lat'>«</span> <span class='ocrx_word' id='word_1_213' title='bbox 285 2920 547 2989; x_wconf 80' lang='lat' dir='ltr'>Virginem</span> <span class='ocrx_word' id='word_1_214' title='bbox 600 2923 1025 2985; x_wconf 88' lang='lat' dir='ltr'>immaculatam,</span> 
     </span>
    </p>

    <p class='ocr_par' dir='ltr' id='par_1_12' title="bbox 19 2992 1034 3435">
     <span class='ocr_line' id='line_1_39' title="bbox 19 2992 1029 3063; baseline 0.006 -19"><span class='ocrx_word' id='word_1_215' title='bbox 19 3007 168 3063; x_wconf 80' lang='lat' dir='ltr'>·q.uae</span> <span class='ocrx_word' id='word_1_216' title='bbox 191 2992 316 3049; x_wconf 87' lang='lat' dir='ltr'>nihil</span> <span class='ocrx_word' id='word_1_217' title='bbox 347 3001 669 3048; x_wconf 89' lang='lat' dir='ltr'>terrenarum</span> <span class='ocrx_word' id='word_1_218' title='bbox 702 2996 1029 3050; x_wconf 82' lang='lat' dir='ltr'>affectionum</span> 
     </span>
     <span class='ocr_line' id='line_1_40' title="bbox 19 3066 1029 3130; baseline 0.002 -10"><span class='ocrx_word' id='word_1_219' title='bbox 19 3066 300 3123; x_wconf 51' lang='lat' dir='ltr'>admistis»</span> <span class='ocrx_word' id='word_1_220' title='bbox 343 3075 395 3122; x_wconf 91' lang='lat' dir='ltr'>et</span> <span class='ocrx_word' id='word_1_221' title='bbox 420 3069 609 3122; x_wconf 85' lang='lat' dir='ltr'>ibidem</span> <span class='ocrx_word' id='word_1_222' title='bbox 636 3085 846 3130; x_wconf 87' lang='lat' dir='ltr'>sensum</span> <span class='ocrx_word' id='word_1_223' title='bbox 879 3088 1029 3125; x_wconf 87' lang='lat' dir='ltr'>suum</span> 
     </span>
     <span class='ocr_line' id='line_1_41' title="bbox 21 3139 1030 3212; baseline 0.003 -18"><span class='ocrx_word' id='word_1_224' title='bbox 21 3139 324 3196; x_wconf 67' lang='lat' dir='ltr'>¹clarissime</span> <span class='ocrx_word' id='word_1_225' title='bbox 375 3143 542 3212; x_wconf 84' lang='lat' dir='ltr'>prodit</span> <span class='ocrx_word' id='word_1_226' title='bbox 605 3145 817 3198; x_wconf 86' lang='lat' dir='ltr'>dicens:</span> <span class='ocrx_word' id='word_1_227' title='bbox 879 3166 901 3196; x_wconf 89' lang='lat'>«</span> <span class='ocrx_word' id='word_1_228' title='bbox 954 3142 1030 3199; x_wconf 71' lang='lat' dir='ltr'>Aa</span> 
     </span>
     <span class='ocr_line' id='line_1_42' title="bbox 44 3212 1030 3290; baseline 0.007 -22"><span class='ocrx_word' id='word_1_229' title='bbox 44 3212 185 3277; x_wconf 75' lang='lat' dir='ltr'>hunc</span> <span class='ocrx_word' id='word_1_230' title='bbox 215 3215 521 3271; x_wconf 84' lang='lat' dir='ltr'>Paradisum</span> <span class='ocrx_word' id='word_1_231' title='bbox 560 3215 641 3290; x_wconf 86' lang='grc' dir='ltr'>(Β.</span> <span class='ocrx_word' id='word_1_232' title='bbox 686 3219 751 3274; x_wconf 89' lang='lat' dir='ltr'>V.</span> <span class='ocrx_word' id='word_1_233' title='bbox 795 3219 1030 3290; x_wconf 86' lang='lat' dir='ltr'>Mariam)</span> 
     </span>
     <span class='ocr_line' id='line_1_43' title="bbox 46 3290 1034 3364; baseline 0.008 -24"><span class='ocrx_word' id='word_1_234' title='bbox 46 3290 271 3358; x_wconf 79' lang='lat' dir='ltr'>serpenti</span> <span class='ocrx_word' id='word_1_235' title='bbox 307 3292 477 3345; x_wconf 85' lang='lat' dir='ltr'>aditus</span> <span class='ocrx_word' id='word_1_236' title='bbox 517 3309 618 3346; x_wconf 91' lang='lat' dir='ltr'>non</span> <span class='ocrx_word' id='word_1_237' title='bbox 658 3295 891 3362; x_wconf 54' lang='lat' dir='ltr'>patuit·</span> <span class='ocrx_word' id='word_1_238' title='bbox 870 3294 1034 3364; x_wconf 86' lang='lat' dir='ltr'>·1pse</span> 
     </span>
     <span class='ocr_line' id='line_1_44' title="bbox 24 3362 1034 3435; baseline 0.007 -18.178"><span class='ocrx_word' id='word_1_239' title='bbox 24 3362 188 3424; x_wconf 77' lang='lat' dir='ltr'>enim</span> <span class='ocrx_word' id='word_1_240' title='bbox 242 3362 549 3435; x_wconf 86' lang='lat' dir='ltr'>Unigenitus</span> <span class='ocrx_word' id='word_1_241' title='bbox 605 3367 698 3421; x_wconf 86' lang='lat' dir='ltr'>Dei</span> <span class='ocrx_word' id='word_1_242' title='bbox 738 3367 944 3424; x_wconf 85' lang='lat' dir='ltr'>Filius·</span> <span class='ocrx_word' id='word_1_243' title='bbox 922 3386 1034 3424; x_wconf 86' lang='lat' dir='ltr'>-ex</span> 
     </span>
    </p>
   </div>
   <div class='ocr_carea' id='block_1_4' title="bbox 109 3496 738 3589">
    <p class='ocr_par' dir='ltr' id='par_1_13' title="bbox 109 3496 738 3589">
     <span class='ocr_line' id='line_1_45' title="bbox 109 3496 596 3579; baseline 0.006 -45"><span class='ocrx_word' id='word_1_244' title='bbox 109 3496 148 3579; x_wconf 60' lang='grc' dir='ltr'>Ιζ</span> <span class='ocrx_word' id='word_1_245' title='bbox 170 3498 372 3536; x_wconf 83' lang='lat' dir='ltr'>comment.</span> <span class='ocrx_word' id='word_1_246' title='bbox 397 3499 435 3536; x_wconf 83' lang='lat' dir='ltr'>in</span> <span class='ocrx_word' id='word_1_247' title='bbox 458 3500 516 3536; x_wconf 78' lang='lat' dir='ltr'>Ps.</span> <span class='ocrx_word' id='word_1_248' title='bbox 540 3500 596 3537; x_wconf 74' lang='lat'><strong><em>⁷7.</em></strong></span> 
     </span>
     <span class='ocr_line' id='line_1_46' title="bbox 111 3497 738 3589; baseline 0.006 -11"><span class='ocrx_word' id='word_1_249' title='bbox 111 3497 148 3588; x_wconf 64' lang='grc' dir='ltr'>Ω,</span> <span class='ocrx_word' id='word_1_250' title='bbox 171 3544 208 3577; x_wconf 79' lang='lat'>1..</span> <span class='ocrx_word' id='word_1_251' title='bbox 221 3543 265 3578; x_wconf 81' lang='lat' dir='ltr'>de</span> <span class='ocrx_word' id='word_1_252' title='bbox 287 3548 467 3589; x_wconf 77' lang='lat' dir='ltr'>conceptu</span> <span class='ocrx_word' id='word_1_253' title='bbox 488 3545 665 3589; x_wconf 71' lang='lat' dir='ltr'>virgime.</span> <span class='ocrx_word' id='word_1_254' title='bbox 685 3543 738 3582; x_wconf 79' lang='lat'><strong><em>18.</em></strong></span> 
     </span>
    </p>
   </div>
   <div class='ocr_carea' id='block_1_5' title="bbox 192 3623 961 3674">
    <p class='ocr_par' dir='ltr' id='par_1_14' title="bbox 192 3623 961 3674">
     <span class='ocr_line' id='line_1_47' title="bbox 192 3623 961 3674; baseline 0.007 -5"><span class='ocrx_word' id='word_1_255' title='bbox 192 3625 337 3672; x_wconf 69' lang='lat' dir='ltr'><strong><em>Knoll.</em></strong></span> <span class='ocrx_word' id='word_1_256' title='bbox 358 3623 506 3671; x_wconf 69' lang='lat' dir='ltr'>Theol-</span> <span class='ocrx_word' id='word_1_257' title='bbox 543 3626 691 3672; x_wconf 75' lang='lat' dir='ltr'>doum.</span> <span class='ocrx_word' id='word_1_258' title='bbox 730 3650 768 3661; x_wconf 76' lang='lat'><em>-</em></span> <span class='ocrx_word' id='word_1_259' title='bbox 802 3628 895 3674; x_wconf 77' lang='lat' dir='ltr'><strong><em>Vol.</em></strong></span> <span class='ocrx_word' id='word_1_260' title='bbox 918 3629 961 3674; x_wconf 84' lang='lat'>1.</span> 
     </span>
    </p>
   </div>
   <div class='ocr_carea' id='block_1_6' title="bbox 630 159 1417 204">
    <p class='ocr_par' dir='ltr' id='par_1_15' title="bbox 630 159 1417 204">
     <span class='ocr_line' id='line_1_48' title="bbox 630 159 1417 204; baseline -0.001 -3"><span class='ocrx_word' id='word_1_261' title='bbox 630 161 749 201; x_wconf 72' lang='lat' dir='ltr'>PARS</span> <span class='ocrx_word' id='word_1_262' title='bbox 786 162 840 201; x_wconf 86' lang='lat' dir='ltr'>n.</span> <span class='ocrx_word' id='word_1_263' title='bbox 879 167 1046 204; x_wconf 66' lang='lat' dir='ltr'>sturm</span> <span class='ocrx_word' id='word_1_264' title='bbox 1082 164 1118 201; x_wconf 77' lang='lat'>¹.</span> <span class='ocrx_word' id='word_1_265' title='bbox 1162 162 1315 201; x_wconf 63' lang='lat' dir='ltr'>metr!</span> <span class='ocrx_word' id='word_1_266' title='bbox 1349 159 1417 200; x_wconf 71' lang='lat' dir='ltr'>tv.</span> 
     </span>
    </p>
   </div>
   <div class='ocr_carea' id='block_1_7' title="bbox 1867 138 1977 198">
    <p class='ocr_par' dir='ltr' id='par_1_16' title="bbox 1867 138 1977 198">
     <span class='ocr_line' id='line_1_49' title="bbox 1867 138 1977 198; baseline 0.018 -2"><span class='ocrx_word' id='word_1_267' title='bbox 1867 138 1977 198; x_wconf 73' lang='lat'>555</span> 
     </span>
    </p>
   </div>
   <div class='ocr_carea' id='block_1_8' title="bbox 1070 241 2093 3368">
    <p class='ocr_par' dir='ltr' id='par_1_17' title="bbox 1070 241 2086 2547">
     <span class='ocr_line' id='line_1_50' title="bbox 1070 241 2057 312; baseline -0.002 -14"><span class='ocrx_word' id='word_1_268' title='bbox 1070 242 1165 298; x_wconf 81' lang='lat' dir='ltr'>hac</span> <span class='ocrx_word' id='word_1_269' title='bbox 1202 241 1452 312; x_wconf 85' lang='lat' dir='ltr'>Virgine,</span> <span class='ocrx_word' id='word_1_270' title='bbox 1491 247 1544 296; x_wconf 88' lang='lat' dir='ltr'>et</span> <span class='ocrx_word' id='word_1_271' title='bbox 1582 255 1711 311; x_wconf 89' lang='lat' dir='ltr'>pura</span> <span class='ocrx_word' id='word_1_272' title='bbox 1750 246 1888 296; x_wconf 90' lang='lat' dir='ltr'>terra</span> <span class='ocrx_word' id='word_1_273' title='bbox 1925 258 1982 296; x_wconf 88' lang='lat' dir='ltr'>se</span> <span class='ocrx_word' id='word_1_274' title='bbox 2020 241 2057 295; x_wconf 84' lang='lat' dir='ltr'>i-</span> 
     </span>
     <span class='ocr_line' id='line_1_51' title="bbox 1072 314 2056 387; baseline -0.006 -14"><span class='ocrx_word' id='word_1_275' title='bbox 1072 333 1219 387; x_wconf 90' lang='lat' dir='ltr'>psum</span> <span class='ocrx_word' id='word_1_276' title='bbox 1255 318 1308 370; x_wconf 92' lang='lat' dir='ltr'>in</span> <span class='ocrx_word' id='word_1_277' title='bbox 1348 316 1610 374; x_wconf 75' lang='lat' dir='ltr'>hominem</span> <span class='ocrx_word' id='word_1_278' title='bbox 1637 315 1895 369; x_wconf 75' lang='lat' dir='ltr'>formavit.</span> <span class='ocrx_word' id='word_1_279' title='bbox 1931 335 1958 365; x_wconf 82' lang='lat'>»</span> <span class='ocrx_word' id='word_1_280' title='bbox 2001 314 2056 369; x_wconf 92' lang='lat' dir='ltr'>S.</span> 
     </span>
     <span class='ocr_line' id='line_1_52' title="bbox 1070 388 2058 458; baseline -0.004 -11"><span class='ocrx_word' id='word_1_281' title='bbox 1070 393 1242 447; x_wconf 78' lang='lat' dir='ltr'>Petrus</span> <span class='ocrx_word' id='word_1_282' title='bbox 1260 390 1496 446; x_wconf 60' lang='lat' dir='ltr'>Damam.</span> <span class='ocrx_word' id='word_1_283' title='bbox 1521 390 1689 444; x_wconf 88' lang='lat' dir='ltr'>Serm.</span> <span class='ocrx_word' id='word_1_284' title='bbox 1714 389 1778 444; x_wconf 93' lang='lat' dir='ltr'>de</span> <span class='ocrx_word' id='word_1_285' title='bbox 1799 388 2058 458; x_wconf 82' lang='lat' dir='ltr'>Assumpt.</span> 
     </span>
     <span class='ocr_line' id='line_1_53' title="bbox 1070 462 2062 534; baseline -0.004 -14"><span class='ocrx_word' id='word_1_286' title='bbox 1070 468 1192 521; x_wconf 88' lang='lat' dir='ltr'>dicit</span> <span class='ocrx_word' id='word_1_287' title='bbox 1215 483 1242 520; x_wconf 55' lang='lat' dir='ltr'>z&lt;</span> <span class='ocrx_word' id='word_1_288' title='bbox 1277 486 1304 517; x_wconf 86' lang='lat'>«</span> <span class='ocrx_word' id='word_1_289' title='bbox 1346 464 1477 519; x_wconf 90' lang='lat' dir='ltr'>Caro</span> <span class='ocrx_word' id='word_1_290' title='bbox 1515 464 1742 534; x_wconf 88' lang='lat' dir='ltr'>Virginis</span> <span class='ocrx_word' id='word_1_291' title='bbox 1792 480 1859 517; x_wconf 83' lang='lat' dir='ltr'>ex</span> <span class='ocrx_word' id='word_1_292' title='bbox 1896 462 2062 517; x_wconf 90' lang='lat' dir='ltr'>Adam</span> 
     </span>
     <span class='ocr_line' id='line_1_54' title="bbox 1072 538 2063 597; baseline -0.007 -2"><span class='ocrx_word' id='word_1_293' title='bbox 1072 549 1296 596; x_wconf 89' lang='lat' dir='ltr'>assumta</span> <span class='ocrx_word' id='word_1_294' title='bbox 1336 539 1566 597; x_wconf 89' lang='lat' dir='ltr'>maculas</span> <span class='ocrx_word' id='word_1_295' title='bbox 1591 538 1735 592; x_wconf 86' lang='lat' dir='ltr'>Adae</span> <span class='ocrx_word' id='word_1_296' title='bbox 1775 554 1876 593; x_wconf 88' lang='lat' dir='ltr'>non</span> <span class='ocrx_word' id='word_1_297' title='bbox 1904 538 2063 591; x_wconf 87' lang='lat' dir='ltr'>admi-</span> 
     </span>
     <span class='ocr_line' id='line_1_55' title="bbox 1070 611 2061 685; baseline -0.006 -16"><span class='ocrx_word' id='word_1_298' title='bbox 1070 617 1154 669; x_wconf 90' lang='lat' dir='ltr'>sit.</span> <span class='ocrx_word' id='word_1_299' title='bbox 1204 636 1230 666; x_wconf 73' lang='lat'>2»</span> <span class='ocrx_word' id='word_1_300' title='bbox 1267 615 1326 670; x_wconf 88' lang='lat' dir='ltr'>S.</span> <span class='ocrx_word' id='word_1_301' title='bbox 1390 613 1647 667; x_wconf 79' lang='lat' dir='ltr'>Anselmus</span> <span class='ocrx_word' id='word_1_302' title='bbox 1711 611 1790 685; x_wconf 74' lang='lat'><strong>(⁶2)</strong></span> <span class='ocrx_word' id='word_1_303' title='bbox 1853 612 2061 665; x_wconf 85' lang='lat' dir='ltr'>scribit:</span> 
     </span>
     <span class='ocr_line' id='line_1_56' title="bbox 1073 681 2065 758; baseline -0.007 -14"><span class='ocrx_word' id='word_1_304' title='bbox 1073 681 1317 751; x_wconf 84' lang='lat' dir='ltr'>Decebat,</span> <span class='ocrx_word' id='word_1_305' title='bbox 1350 694 1405 741; x_wconf 91' lang='lat' dir='ltr'>ut</span> <span class='ocrx_word' id='word_1_306' title='bbox 1430 689 1571 742; x_wconf 90' lang='lat' dir='ltr'>illius</span> <span class='ocrx_word' id='word_1_307' title='bbox 1598 688 1817 745; x_wconf 87' lang='lat' dir='ltr'>bominis</span> <span class='ocrx_word' id='word_1_308' title='bbox 1839 685 2065 758; x_wconf 76' lang='lat' dir='ltr'>(Christi)</span> 
     </span>
     <span class='ocr_line' id='line_1_57' title="bbox 1072 759 2069 833; baseline -0.006 -15"><span class='ocrx_word' id='word_1_309' title='bbox 1072 764 1336 832; x_wconf 79' lang='lat' dir='ltr'>conceptio</span> <span class='ocrx_word' id='word_1_310' title='bbox 1375 764 1438 817; x_wconf 90' lang='lat' dir='ltr'>de</span> <span class='ocrx_word' id='word_1_311' title='bbox 1479 770 1644 819; x_wconf 86' lang='lat' dir='ltr'>matre</span> <span class='ocrx_word' id='word_1_312' title='bbox 1681 761 1955 833; x_wconf 88' lang='lat' dir='ltr'>purissima</span> <span class='ocrx_word' id='word_1_313' title='bbox 1983 759 2069 812; x_wconf 88' lang='lat' dir='ltr'>fic-</span> 
     </span>
     <span class='ocr_line' id='line_1_58' title="bbox 1074 834 2070 907; baseline -0.005 -16"><span class='ocrx_word' id='word_1_314' title='bbox 1074 847 1169 893; x_wconf 85' lang='lat' dir='ltr'>ret.</span> <span class='ocrx_word' id='word_1_315' title='bbox 1213 837 1407 907; x_wconf 84' lang='lat' dir='ltr'>Nempe</span> <span class='ocrx_word' id='word_1_316' title='bbox 1460 840 1649 895; x_wconf 87' lang='lat' dir='ltr'>decens</span> <span class='ocrx_word' id='word_1_317' title='bbox 1702 844 1842 900; x_wconf 88' lang='lat' dir='ltr'>erat,</span> <span class='ocrx_word' id='word_1_318' title='bbox 1887 843 1944 888; x_wconf 92' lang='lat' dir='ltr'>ut</span> <span class='ocrx_word' id='word_1_319' title='bbox 1982 834 2070 887; x_wconf 88' lang='lat' dir='ltr'>illa</span> 
     </span>
     <span class='ocr_line' id='line_1_59' title="bbox 1074 908 2072 983; baseline -0.005 -17"><span class='ocrx_word' id='word_1_320' title='bbox 1074 914 1315 983; x_wconf 87' lang='lat' dir='ltr'>puritate,</span> <span class='ocrx_word' id='word_1_321' title='bbox 1359 929 1459 982; x_wconf 91' lang='lat' dir='ltr'>qua</span> <span class='ocrx_word' id='word_1_322' title='bbox 1501 914 1663 966; x_wconf 88' lang='lat' dir='ltr'>maior</span> <span class='ocrx_word' id='word_1_323' title='bbox 1700 912 1796 966; x_wconf 93' lang='lat' dir='ltr'>sub</span> <span class='ocrx_word' id='word_1_324' title='bbox 1836 908 1943 963; x_wconf 89' lang='lat' dir='ltr'>Deo</span> <span class='ocrx_word' id='word_1_325' title='bbox 1986 925 2072 962; x_wconf 91' lang='lat' dir='ltr'>ne-</span> 
     </span>
     <span class='ocr_line' id='line_1_60' title="bbox 1073 986 2069 1058; baseline -0.005 -17"><span class='ocrx_word' id='word_1_326' title='bbox 1073 989 1181 1058; x_wconf 91' lang='lat' dir='ltr'>quit</span> <span class='ocrx_word' id='word_1_327' title='bbox 1224 986 1486 1056; x_wconf 90' lang='lat' dir='ltr'>intelligi,</span> <span class='ocrx_word' id='word_1_328' title='bbox 1531 987 1687 1057; x_wconf 87' lang='lat' dir='ltr'>Virgo</span> <span class='ocrx_word' id='word_1_329' title='bbox 1727 986 1816 1039; x_wconf 89' lang='lat' dir='ltr'>illa</span> <span class='ocrx_word' id='word_1_330' title='bbox 1858 987 2069 1046; x_wconf 87' lang='lat' dir='ltr'>niteret,</span> 
     </span>
     <span class='ocr_line' id='line_1_61' title="bbox 1073 1058 2074 1115; baseline -0.004 0"><span class='ocrx_word' id='word_1_331' title='bbox 1073 1064 1154 1115; x_wconf 89' lang='lat' dir='ltr'>cui</span> <span class='ocrx_word' id='word_1_332' title='bbox 1218 1062 1356 1115; x_wconf 88' lang='lat' dir='ltr'>Deus</span> <span class='ocrx_word' id='word_1_333' title='bbox 1415 1062 1567 1115; x_wconf 87' lang='lat' dir='ltr'>Pater</span> <span class='ocrx_word' id='word_1_334' title='bbox 1622 1062 1830 1114; x_wconf 91' lang='lat' dir='ltr'>unicum</span> <span class='ocrx_word' id='word_1_335' title='bbox 1884 1058 2074 1112; x_wconf 89' lang='lat' dir='ltr'>Filium</span> 
     </span>
     <span class='ocr_line' id='line_1_62' title="bbox 1074 1135 2075 1205; baseline -0.004 -15"><span class='ocrx_word' id='word_1_336' title='bbox 1074 1154 1294 1190; x_wconf 90' lang='lat' dir='ltr'><strong><em>suum...</em></strong></span> <span class='ocrx_word' id='word_1_337' title='bbox 1340 1138 1410 1190; x_wconf 86' lang='lat' dir='ltr'>ita</span> <span class='ocrx_word' id='word_1_338' title='bbox 1469 1137 1593 1190; x_wconf 90' lang='lat' dir='ltr'>dare</span> <span class='ocrx_word' id='word_1_339' title='bbox 1633 1135 1971 1205; x_wconf 84' lang='lat' dir='ltr'>disponebat,</span> <span class='ocrx_word' id='word_1_340' title='bbox 2018 1139 2075 1186; x_wconf 88' lang='lat' dir='ltr'>ut</span> 
     </span>
     <span class='ocr_line' id='line_1_63' title="bbox 1077 1210 2073 1277; baseline -0.004 -13"><span class='ocrx_word' id='word_1_341' title='bbox 1077 1211 1380 1265; x_wconf 88' lang='lat' dir='ltr'>naturaliter</span> <span class='ocrx_word' id='word_1_342' title='bbox 1444 1219 1581 1265; x_wconf 85' lang='lat' dir='ltr'>esset</span> <span class='ocrx_word' id='word_1_343' title='bbox 1634 1227 1768 1265; x_wconf 90' lang='lat' dir='ltr'>unus</span> <span class='ocrx_word' id='word_1_344' title='bbox 1833 1210 2073 1277; x_wconf 86' lang='lat' dir='ltr'>idemque</span> 
     </span>
     <span class='ocr_line' id='line_1_64' title="bbox 1076 1282 2075 1353; baseline -0.004 -14"><span class='ocrx_word' id='word_1_345' title='bbox 1076 1286 1361 1339; x_wconf 86' lang='lat' dir='ltr'>communis</span> <span class='ocrx_word' id='word_1_346' title='bbox 1400 1285 1491 1338; x_wconf 83' lang='lat' dir='ltr'>Dei</span> <span class='ocrx_word' id='word_1_347' title='bbox 1533 1285 1717 1353; x_wconf 80' lang='lat' dir='ltr'>Patris,</span> <span class='ocrx_word' id='word_1_348' title='bbox 1756 1291 1808 1338; x_wconf 88' lang='lat' dir='ltr'>et</span> <span class='ocrx_word' id='word_1_349' title='bbox 1846 1282 2075 1350; x_wconf 86' lang='lat' dir='ltr'>Virginis</span> 
     </span>
     <span class='ocr_line' id='line_1_65' title="bbox 1078 1357 2077 1427; baseline -0.003 -15"><span class='ocrx_word' id='word_1_350' title='bbox 1078 1362 1210 1414; x_wconf 87' lang='lat' dir='ltr'>filius</span> <span class='ocrx_word' id='word_1_351' title='bbox 1252 1369 1348 1414; x_wconf 86' lang='lat' dir='ltr'>etc.</span> <span class='ocrx_word' id='word_1_352' title='bbox 1409 1382 1430 1410; x_wconf 86' lang='lat'>»</span> <span class='ocrx_word' id='word_1_353' title='bbox 1475 1360 1638 1413; x_wconf 87' lang='lat' dir='ltr'>Tanta</span> <span class='ocrx_word' id='word_1_354' title='bbox 1689 1376 1812 1414; x_wconf 90' lang='lat' dir='ltr'>vero</span> <span class='ocrx_word' id='word_1_355' title='bbox 1880 1357 2077 1427; x_wconf 84' lang='lat' dir='ltr'>puritas</span> 
     </span>
     <span class='ocr_line' id='line_1_66' title="bbox 1076 1436 2077 1504; baseline -0.003 -17"><span class='ocrx_word' id='word_1_356' title='bbox 1076 1436 1173 1488; x_wconf 84' lang='lat' dir='ltr'>alia</span> <span class='ocrx_word' id='word_1_357' title='bbox 1215 1452 1328 1490; x_wconf 88' lang='lat' dir='ltr'>esse</span> <span class='ocrx_word' id='word_1_358' title='bbox 1382 1437 1556 1504; x_wconf 90' lang='lat' dir='ltr'>nequit</span> <span class='ocrx_word' id='word_1_359' title='bbox 1595 1451 1750 1504; x_wconf 89' lang='lat' dir='ltr'>quam</span> <span class='ocrx_word' id='word_1_360' title='bbox 1811 1449 1906 1495; x_wconf 90' lang='lat' dir='ltr'>ea,</span> <span class='ocrx_word' id='word_1_361' title='bbox 1973 1447 2077 1502; x_wconf 88' lang='lat' dir='ltr'>qua</span> 
     </span>
     <span class='ocr_line' id='line_1_67' title="bbox 1079 1507 2076 1578; baseline -0.006 -14"><span class='ocrx_word' id='word_1_362' title='bbox 1079 1510 1233 1577; x_wconf 87' lang='lat' dir='ltr'>Virgo</span> <span class='ocrx_word' id='word_1_363' title='bbox 1290 1512 1354 1564; x_wconf 92' lang='lat' dir='ltr'>ab</span> <span class='ocrx_word' id='word_1_364' title='bbox 1393 1510 1504 1578; x_wconf 89' lang='lat' dir='ltr'>ipsa</span> <span class='ocrx_word' id='word_1_365' title='bbox 1546 1510 1660 1563; x_wconf 89' lang='lat' dir='ltr'>labe</span> <span class='ocrx_word' id='word_1_366' title='bbox 1699 1507 1935 1577; x_wconf 89' lang='lat' dir='ltr'>originali</span> <span class='ocrx_word' id='word_1_367' title='bbox 1978 1510 2076 1559; x_wconf 90' lang='lat' dir='ltr'>im-</span> 
     </span>
     <span class='ocr_line' id='line_1_68' title="bbox 1080 1583 2077 1653; baseline -0.002 -18"><span class='ocrx_word' id='word_1_368' title='bbox 1080 1586 1248 1638; x_wconf 85' lang='lat' dir='ltr'>munis</span> <span class='ocrx_word' id='word_1_369' title='bbox 1288 1594 1365 1638; x_wconf 88' lang='lat' dir='ltr'>est</span> <span class='ocrx_word' id='word_1_370' title='bbox 1392 1591 1619 1646; x_wconf 88' lang='lat' dir='ltr'>servata,</span> <span class='ocrx_word' id='word_1_371' title='bbox 1654 1590 1803 1653; x_wconf 90' lang='lat' dir='ltr'>prout</span> <span class='ocrx_word' id='word_1_372' title='bbox 1831 1583 1960 1635; x_wconf 90' lang='lat' dir='ltr'>haec</span> <span class='ocrx_word' id='word_1_373' title='bbox 1990 1598 2077 1634; x_wconf 90' lang='lat' dir='ltr'>ea-</span> 
     </span>
     <span class='ocr_line' id='line_1_69' title="bbox 1079 1656 2079 1712; baseline -0.003 -2"><span class='ocrx_word' id='word_1_374' title='bbox 1079 1660 1195 1711; x_wconf 84' lang='lat' dir='ltr'>dem</span> <span class='ocrx_word' id='word_1_375' title='bbox 1248 1659 1477 1712; x_wconf 87' lang='lat' dir='ltr'>Anselmi</span> <span class='ocrx_word' id='word_1_376' title='bbox 1542 1659 1698 1712; x_wconf 88' lang='lat' dir='ltr'>verba</span> <span class='ocrx_word' id='word_1_377' title='bbox 1756 1657 1808 1711; x_wconf 93' lang='lat' dir='ltr'>S.</span> <span class='ocrx_word' id='word_1_378' title='bbox 1871 1656 2079 1709; x_wconf 81' lang='lat' dir='ltr'>Thomas</span> 
     </span>
     <span class='ocr_line' id='line_1_70' title="bbox 1080 1730 2079 1803; baseline -0.003 -18"><span class='ocrx_word' id='word_1_379' title='bbox 1080 1735 1174 1786; x_wconf 82' lang='lat' dir='ltr'>rite</span> <span class='ocrx_word' id='word_1_380' title='bbox 1214 1735 1464 1786; x_wconf 86' lang='lat' dir='ltr'>conclusit</span> <span class='ocrx_word' id='word_1_381' title='bbox 1500 1733 1674 1786; x_wconf 90' lang='lat' dir='ltr'>dicens</span> <span class='ocrx_word' id='word_1_382' title='bbox 1716 1732 1814 1803; x_wconf 74' lang='lat'>(5):</span> <span class='ocrx_word' id='word_1_383' title='bbox 1863 1750 1890 1780; x_wconf 82' lang='lat'>«</span> <span class='ocrx_word' id='word_1_384' title='bbox 1935 1730 2079 1783; x_wconf 85' lang='lat' dir='ltr'>Puri-</span> 
     </span>
     <span class='ocr_line' id='line_1_71' title="bbox 1082 1810 2081 1877; baseline -0.002 -18"><span class='ocrx_word' id='word_1_385' title='bbox 1082 1816 1157 1860; x_wconf 88' lang='lat' dir='ltr'>tas</span> <span class='ocrx_word' id='word_1_386' title='bbox 1186 1810 1470 1862; x_wconf 84' lang='lat' dir='ltr'>intenditur</span> <span class='ocrx_word' id='word_1_387' title='bbox 1500 1824 1588 1877; x_wconf 91' lang='lat' dir='ltr'>per</span> <span class='ocrx_word' id='word_1_388' title='bbox 1617 1822 1879 1859; x_wconf 89' lang='lat' dir='ltr'>recessum</span> <span class='ocrx_word' id='word_1_389' title='bbox 1900 1821 1930 1859; x_wconf 86' lang='lat' dir='ltr'>a</span> <span class='ocrx_word' id='word_1_390' title='bbox 1958 1821 2081 1858; x_wconf 90' lang='lat' dir='ltr'>con-</span> 
     </span>
     <span class='ocr_line' id='line_1_72' title="bbox 1084 1881 2080 1951; baseline -0.003 -17"><span class='ocrx_word' id='word_1_391' title='bbox 1084 1883 1257 1943; x_wconf 87' lang='lat' dir='ltr'>trario,</span> <span class='ocrx_word' id='word_1_392' title='bbox 1289 1891 1339 1934; x_wconf 89' lang='lat' dir='ltr'>et</span> <span class='ocrx_word' id='word_1_393' title='bbox 1369 1883 1480 1934; x_wconf 88' lang='lat' dir='ltr'>ideo</span> <span class='ocrx_word' id='word_1_394' title='bbox 1510 1888 1676 1951; x_wconf 86' lang='lat' dir='ltr'>potest</span> <span class='ocrx_word' id='word_1_395' title='bbox 1700 1881 1907 1951; x_wconf 89' lang='lat' dir='ltr'>aliquod</span> <span class='ocrx_word' id='word_1_396' title='bbox 1937 1894 2080 1932; x_wconf 87' lang='lat' dir='ltr'>crea-</span> 
     </span>
     <span class='ocr_line' id='line_1_73' title="bbox 1083 1955 2082 2026; baseline -0.004 -16"><span class='ocrx_word' id='word_1_397' title='bbox 1083 1964 1186 2010; x_wconf 88' lang='lat' dir='ltr'>tum</span> <span class='ocrx_word' id='word_1_398' title='bbox 1218 1958 1458 2019; x_wconf 86' lang='lat' dir='ltr'>inveniri,</span> <span class='ocrx_word' id='word_1_399' title='bbox 1491 1974 1590 2026; x_wconf 85' lang='lat' dir='ltr'>quo</span> <span class='ocrx_word' id='word_1_400' title='bbox 1634 1957 1755 2008; x_wconf 83' lang='lat' dir='ltr'>nibil</span> <span class='ocrx_word' id='word_1_401' title='bbox 1788 1956 1965 2025; x_wconf 87' lang='lat' dir='ltr'>purius</span> <span class='ocrx_word' id='word_1_402' title='bbox 2005 1955 2082 2006; x_wconf 88' lang='lat' dir='ltr'>iu-</span> 
     </span>
     <span class='ocr_line' id='line_1_74' title="bbox 1083 2028 2082 2101; baseline -0.002 -18"><span class='ocrx_word' id='word_1_403' title='bbox 1083 2033 1244 2085; x_wconf 87' lang='lat' dir='ltr'>veniri</span> <span class='ocrx_word' id='word_1_404' title='bbox 1287 2040 1452 2101; x_wconf 83' lang='lat' dir='ltr'>potest</span> <span class='ocrx_word' id='word_1_405' title='bbox 1502 2033 1551 2084; x_wconf 88' lang='lat' dir='ltr'>in</span> <span class='ocrx_word' id='word_1_406' title='bbox 1594 2032 1747 2084; x_wconf 89' lang='lat' dir='ltr'>rebus</span> <span class='ocrx_word' id='word_1_407' title='bbox 1787 2031 1995 2091; x_wconf 81' lang='lat' dir='ltr'>creatiS,</span> <span class='ocrx_word' id='word_1_408' title='bbox 2038 2028 2082 2081; x_wconf 86' lang='lat' dir='ltr'>si</span> 
     </span>
     <span class='ocr_line' id='line_1_75' title="bbox 1084 2106 2084 2175; baseline -0.003 -17"><span class='ocrx_word' id='word_1_409' title='bbox 1084 2106 1224 2159; x_wconf 84' lang='lat' dir='ltr'>nulla</span> <span class='ocrx_word' id='word_1_410' title='bbox 1263 2108 1570 2175; x_wconf 90' lang='lat' dir='ltr'>contagione</span> <span class='ocrx_word' id='word_1_411' title='bbox 1614 2107 1806 2175; x_wconf 89' lang='lat' dir='ltr'>peccati</span> <span class='ocrx_word' id='word_1_412' title='bbox 1849 2106 2084 2175; x_wconf 85' lang='lat' dir='ltr'>inquina-</span> 
     </span>
     <span class='ocr_line' id='line_1_76' title="bbox 1084 2178 2077 2249; baseline -0.004 -16"><span class='ocrx_word' id='word_1_413' title='bbox 1084 2188 1191 2236; x_wconf 88' lang='lat' dir='ltr'>tum</span> <span class='ocrx_word' id='word_1_414' title='bbox 1244 2184 1347 2234; x_wconf 89' lang='lat' dir='ltr'>sit:</span> <span class='ocrx_word' id='word_1_415' title='bbox 1392 2188 1442 2234; x_wconf 90' lang='lat' dir='ltr'>et</span> <span class='ocrx_word' id='word_1_416' title='bbox 1484 2182 1602 2234; x_wconf 87' lang='lat' dir='ltr'>talis</span> <span class='ocrx_word' id='word_1_417' title='bbox 1632 2182 1725 2233; x_wconf 81' lang='lat' dir='ltr'>fuit</span> <span class='ocrx_word' id='word_1_418' title='bbox 1766 2181 1964 2249; x_wconf 88' lang='lat' dir='ltr'>puritas</span> <span class='ocrx_word' id='word_1_419' title='bbox 2016 2178 2077 2233; x_wconf 91' lang='lat' dir='ltr'>B.</span> 
     </span>
     <span class='ocr_line' id='line_1_77' title="bbox 1087 2252 2085 2325; baseline -0.006 -16"><span class='ocrx_word' id='word_1_420' title='bbox 1087 2255 1329 2324; x_wconf 85' lang='lat' dir='ltr'>Virginis,</span> <span class='ocrx_word' id='word_1_421' title='bbox 1375 2273 1507 2325; x_wconf 88' lang='lat' dir='ltr'>quae</span> <span class='ocrx_word' id='word_1_422' title='bbox 1536 2273 1565 2308; x_wconf 86' lang='lat' dir='ltr'>a</span> <span class='ocrx_word' id='word_1_423' title='bbox 1594 2263 1804 2324; x_wconf 86' lang='lat' dir='ltr'>peccato</span> <span class='ocrx_word' id='word_1_424' title='bbox 1845 2252 2085 2322; x_wconf 85' lang='lat' dir='ltr'>originali</span> 
     </span>
     <span class='ocr_line' id='line_1_78' title="bbox 1084 2327 2086 2383; baseline -0.004 -1"><span class='ocrx_word' id='word_1_425' title='bbox 1084 2337 1133 2383; x_wconf 87' lang='lat' dir='ltr'>et</span> <span class='ocrx_word' id='word_1_426' title='bbox 1172 2332 1362 2383; x_wconf 82' lang='lat' dir='ltr'>actuali</span> <span class='ocrx_word' id='word_1_427' title='bbox 1406 2331 1649 2383; x_wconf 89' lang='lat' dir='ltr'>immunis</span> <span class='ocrx_word' id='word_1_428' title='bbox 1690 2330 1803 2383; x_wconf 86' lang='lat' dir='ltr'>fuit.</span> <span class='ocrx_word' id='word_1_429' title='bbox 1851 2327 1969 2381; x_wconf 89' lang='lat' dir='ltr'>Fuit</span> <span class='ocrx_word' id='word_1_430' title='bbox 2011 2334 2086 2379; x_wconf 84' lang='lat' dir='ltr'>ta-</span> 
     </span>
     <span class='ocr_line' id='line_1_79' title="bbox 1087 2405 2086 2473; baseline -0.007 -14"><span class='ocrx_word' id='word_1_431' title='bbox 1087 2422 1201 2459; x_wconf 84' lang='lat' dir='ltr'>men</span> <span class='ocrx_word' id='word_1_432' title='bbox 1242 2408 1336 2458; x_wconf 91' lang='lat' dir='ltr'>sub</span> <span class='ocrx_word' id='word_1_433' title='bbox 1379 2405 1525 2467; x_wconf 82' lang='lat' dir='ltr'>Deo,</span> <span class='ocrx_word' id='word_1_434' title='bbox 1569 2406 1621 2457; x_wconf 93' lang='lat' dir='ltr'>in</span> <span class='ocrx_word' id='word_1_435' title='bbox 1675 2410 1927 2473; x_wconf 83' lang='lat' dir='ltr'>quantum</span> <span class='ocrx_word' id='word_1_436' title='bbox 1971 2407 2086 2454; x_wconf 83' lang='lat' dir='ltr'>erat</span> 
     </span>
     <span class='ocr_line' id='line_1_80' title="bbox 1086 2472 2086 2547; baseline -0.003 -17"><span class='ocrx_word' id='word_1_437' title='bbox 1086 2480 1135 2531; x_wconf 88' lang='lat' dir='ltr'>in</span> <span class='ocrx_word' id='word_1_438' title='bbox 1165 2496 1224 2532; x_wconf 88' lang='lat' dir='ltr'>ea</span> <span class='ocrx_word' id='word_1_439' title='bbox 1256 2480 1479 2547; x_wconf 88' lang='lat' dir='ltr'>potentia</span> <span class='ocrx_word' id='word_1_440' title='bbox 1504 2479 1567 2532; x_wconf 88' lang='lat' dir='ltr'>ad</span> <span class='ocrx_word' id='word_1_441' title='bbox 1594 2479 1960 2547; x_wconf 88' lang='lat' dir='ltr'>peccandum»</span> <span class='ocrx_word' id='word_1_442' title='bbox 1991 2472 2086 2546; x_wconf 75' lang='lat' dir='ltr'>(lt).</span> 
     </span>
    </p>

    <p class='ocr_par' dir='ltr' id='par_1_18' title="bbox 1087 2550 2093 3368">
     <span class='ocr_line' id='line_1_81' title="bbox 1163 2550 2085 2619; baseline -0.005 -14"><span class='ocrx_word' id='word_1_443' title='bbox 1163 2554 1213 2606; x_wconf 75' lang='lat' dir='ltr'>lt.</span> <span class='ocrx_word' id='word_1_444' title='bbox 1261 2554 1408 2606; x_wconf 85' lang='lat' dir='ltr'>Fides</span> <span class='ocrx_word' id='word_1_445' title='bbox 1445 2553 1706 2606; x_wconf 85' lang='lat' dir='ltr'>Ecclesiae</span> <span class='ocrx_word' id='word_1_446' title='bbox 1735 2569 1802 2606; x_wconf 81' lang='lat' dir='ltr'>ex</span> <span class='ocrx_word' id='word_1_447' title='bbox 1840 2550 2085 2619; x_wconf 72' lang='lat' dir='ltr'>liturqz&#39;iS,</span> 
     </span>
     <span class='ocr_line' id='line_1_82' title="bbox 1089 2625 2088 2697; baseline -0.006 -17"><span class='ocrx_word' id='word_1_448' title='bbox 1089 2644 1218 2696; x_wconf 88' lang='lat' dir='ltr'>quae</span> <span class='ocrx_word' id='word_1_449' title='bbox 1249 2628 1450 2697; x_wconf 80' lang='lat' dir='ltr'>publica.</span> <span class='ocrx_word' id='word_1_450' title='bbox 1481 2629 1790 2681; x_wconf 87' lang='lat' dir='ltr'>auctoritate</span> <span class='ocrx_word' id='word_1_451' title='bbox 1826 2625 2088 2679; x_wconf 88' lang='lat' dir='ltr'>stabiliun-</span> 
     </span>
     <span class='ocr_line' id='line_1_83' title="bbox 1090 2697 2089 2771; baseline -0.005 -17"><span class='ocrx_word' id='word_1_452' title='bbox 1090 2709 1193 2764; x_wconf 88' lang='lat' dir='ltr'>tur,</span> <span class='ocrx_word' id='word_1_453' title='bbox 1239 2710 1290 2755; x_wconf 90' lang='lat' dir='ltr'>et</span> <span class='ocrx_word' id='word_1_454' title='bbox 1329 2719 1392 2755; x_wconf 82' lang='lat' dir='ltr'>ex</span> <span class='ocrx_word' id='word_1_455' title='bbox 1418 2703 1593 2771; x_wconf 67' lang='lat' dir='ltr'>festiS,</span> <span class='ocrx_word' id='word_1_456' title='bbox 1625 2718 1757 2771; x_wconf 88' lang='lat' dir='ltr'>quae</span> <span class='ocrx_word' id='word_1_457' title='bbox 1795 2701 1998 2753; x_wconf 90' lang='lat' dir='ltr'>nonnisi</span> <span class='ocrx_word' id='word_1_458' title='bbox 2026 2697 2089 2750; x_wconf 91' lang='lat' dir='ltr'>de</span> 
     </span>
     <span class='ocr_line' id='line_1_84' title="bbox 1087 2774 2090 2852; baseline -0.004 -24"><span class='ocrx_word' id='word_1_459' title='bbox 1087 2776 1290 2829; x_wconf 89' lang='lat' dir='ltr'>Sanctis</span> <span class='ocrx_word' id='word_1_460' title='bbox 1330 2776 1683 2838; x_wconf 88' lang='lat' dir='ltr'>celebrantur</span> <span class='ocrx_word' id='word_1_461' title='bbox 1729 2774 1958 2852; x_wconf 79' lang='lat' dir='ltr'>dignosci</span> <span class='ocrx_word' id='word_1_462' title='bbox 1987 2777 2090 2842; x_wconf 90' lang='lat' dir='ltr'>pot-</span> 
     </span>
     <span class='ocr_line' id='line_1_85' title="bbox 1091 2851 2090 2920; baseline -0.005 -16"><span class='ocrx_word' id='word_1_463' title='bbox 1091 2858 1185 2904; x_wconf 90' lang='lat' dir='ltr'>est.</span> <span class='ocrx_word' id='word_1_464' title='bbox 1249 2852 1328 2904; x_wconf 79' lang='lat' dir='ltr'>Ex</span> <span class='ocrx_word' id='word_1_465' title='bbox 1368 2859 1585 2920; x_wconf 86' lang='lat' dir='ltr'>utroque</span> <span class='ocrx_word' id='word_1_466' title='bbox 1638 2851 1776 2903; x_wconf 85' lang='lat' dir='ltr'>fonte</span> <span class='ocrx_word' id='word_1_467' title='bbox 1817 2862 2090 2916; x_wconf 87' lang='lat' dir='ltr'>argumen-</span> 
     </span>
     <span class='ocr_line' id='line_1_86' title="bbox 1094 2923 2090 2995; baseline -0.005 -17"><span class='ocrx_word' id='word_1_468' title='bbox 1094 2933 1199 2978; x_wconf 89' lang='lat' dir='ltr'>tum</span> <span class='ocrx_word' id='word_1_469' title='bbox 1242 2943 1332 2995; x_wconf 90' lang='lat' dir='ltr'>pro</span> <span class='ocrx_word' id='word_1_470' title='bbox 1373 2925 1707 2978; x_wconf 88' lang='lat' dir='ltr'>immaculata</span> <span class='ocrx_word' id='word_1_471' title='bbox 1748 2925 1806 2978; x_wconf 91' lang='lat' dir='ltr'>B.</span> <span class='ocrx_word' id='word_1_472' title='bbox 1858 2923 1917 2979; x_wconf 90' lang='lat' dir='ltr'>V.</span> <span class='ocrx_word' id='word_1_473' title='bbox 1969 2937 2090 2975; x_wconf 85' lang='lat' dir='ltr'>con·</span> 
     </span>
     <span class='ocr_line' id='line_1_87' title="bbox 1092 2996 2092 3067; baseline -0.004 -15"><span class='ocrx_word' id='word_1_474' title='bbox 1092 3001 1325 3067; x_wconf 86' lang='lat' dir='ltr'>ceptione</span> <span class='ocrx_word' id='word_1_475' title='bbox 1391 3001 1598 3052; x_wconf 87' lang='lat' dir='ltr'>haurire</span> <span class='ocrx_word' id='word_1_476' title='bbox 1666 2999 1803 3052; x_wconf 85' lang='lat' dir='ltr'>licet.</span> <span class='ocrx_word' id='word_1_477' title='bbox 1860 2997 1919 3050; x_wconf 88' lang='lat' dir='ltr'>In</span> <span class='ocrx_word' id='word_1_478' title='bbox 1959 2996 2092 3049; x_wconf 86' lang='lat' dir='ltr'>anti·</span> 
     </span>
     <span class='ocr_line' id='line_1_88' title="bbox 1092 3069 2090 3142; baseline -0.004 -17"><span class='ocrx_word' id='word_1_479' title='bbox 1092 3075 1336 3142; x_wconf 88' lang='lat' dir='ltr'>quissima</span> <span class='ocrx_word' id='word_1_480' title='bbox 1403 3074 1614 3142; x_wconf 79' lang='lat' dir='ltr'>liturgia</span> <span class='ocrx_word' id='word_1_481' title='bbox 1663 3073 1716 3127; x_wconf 92' lang='lat' dir='ltr'>S.</span> <span class='ocrx_word' id='word_1_482' title='bbox 1778 3071 1941 3126; x_wconf 75' lang='lat' dir='ltr'>Iacobi</span> <span class='ocrx_word' id='word_1_483' title='bbox 1995 3069 2090 3139; x_wconf 86' lang='lat' dir='ltr'><strong><em>Ap.</em></strong></span> 
     </span>
     <span class='ocr_line' id='line_1_89' title="bbox 1097 3143 2093 3216; baseline -0.004 -17"><span class='ocrx_word' id='word_1_484' title='bbox 1097 3148 1261 3216; x_wconf 86' lang='lat' dir='ltr'>Episc.</span> <span class='ocrx_word' id='word_1_485' title='bbox 1320 3147 1462 3201; x_wconf 88' lang='lat' dir='ltr'>Hier.</span> <span class='ocrx_word' id='word_1_486' title='bbox 1528 3148 1752 3201; x_wconf 86' lang='lat' dir='ltr'>dicitur:</span> <span class='ocrx_word' id='word_1_487' title='bbox 1803 3166 1827 3198; x_wconf 72' lang='grc' dir='ltr'><strong>α</strong></span> <span class='ocrx_word' id='word_1_488' title='bbox 1870 3143 2093 3213; x_wconf 72' lang='lat' dir='ltr'>Dignum</span> 
     </span>
     <span class='ocr_line' id='line_1_90' title="bbox 1095 3219 2093 3284; baseline -0.006 -9"><span class='ocrx_word' id='word_1_489' title='bbox 1095 3229 1214 3284; x_wconf 81' lang='lat' dir='ltr'>est,</span> <span class='ocrx_word' id='word_1_490' title='bbox 1258 3229 1315 3275; x_wconf 89' lang='lat' dir='ltr'>ut</span> <span class='ocrx_word' id='word_1_491' title='bbox 1357 3230 1404 3274; x_wconf 89' lang='lat' dir='ltr'>tc</span> <span class='ocrx_word' id='word_1_492' title='bbox 1447 3238 1570 3275; x_wconf 87' lang='lat' dir='ltr'>vcrc</span> <span class='ocrx_word' id='word_1_493' title='bbox 1610 3219 1825 3276; x_wconf 90' lang='lat' dir='ltr'>Beatam</span> <span class='ocrx_word' id='word_1_494' title='bbox 1865 3221 2093 3273; x_wconf 80' lang='lat' dir='ltr'>dicamus</span> 
     </span>
     <span class='ocr_line' id='line_1_91' title="bbox 1098 3293 2092 3368; baseline -0.005 -18"><span class='ocrx_word' id='word_1_495' title='bbox 1098 3295 1391 3366; x_wconf 89' lang='lat' dir='ltr'>Deiparam,</span> <span class='ocrx_word' id='word_1_496' title='bbox 1423 3313 1628 3368; x_wconf 86' lang='lat' dir='ltr'>semper</span> <span class='ocrx_word' id='word_1_497' title='bbox 1648 3293 1881 3360; x_wconf 87' lang='lat' dir='ltr'>Beatam,</span> <span class='ocrx_word' id='word_1_498' title='bbox 1913 3301 2092 3348; x_wconf 90' lang='lat' dir='ltr'>etmo-</span> 
     </span>
    </p>
   </div>
   <div class='ocr_carea' id='block_1_9' title="bbox 1095 3456 2078 3594">
    <p class='ocr_par' dir='ltr' id='par_1_19' title="bbox 1095 3456 2078 3594">
     <span class='ocr_line' id='line_1_92' title="bbox 1141 3456 2048 3547; baseline -0.003 -53"><span class='ocrx_word' id='word_1_499' title='bbox 1141 3456 1917 3547; x_wconf 49' lang='lat' dir='ltr'>{mlnbseitmtuqlata</span> <span class='ocrx_word' id='word_1_500' title='bbox 2014 3498 2048 3536; x_wconf 88' lang='lat' dir='ltr'>p</span> 
     </span>
     <span class='ocr_line' id='line_1_93' title="bbox 1095 3498 2078 3594; baseline -0.004 -12"><span class='ocrx_word' id='word_1_501' title='bbox 1095 3556 1130 3585; x_wconf 56' lang='grc' dir='ltr'>ο.</span> <span class='ocrx_word' id='word_1_502' title='bbox 1157 3502 1350 3592; x_wconf 50' lang='grc' dir='ltr'>ἲέιέἷὶρέἔ</span> <span class='ocrx_word' id='word_1_503' title='bbox 1354 3504 1530 3594; x_wconf 50' lang='grc' dir='ltr'>ἲὲθὲἷ,</span> <span class='ocrx_word' id='word_1_504' title='bbox 1534 3511 1687 3592; x_wconf 66' lang='grc' dir='ltr'>“ὶίἶ’ὲξ“ῐ.</span> <span class='ocrx_word' id='word_1_505' title='bbox 1707 3502 1798 3591; x_wconf 59' lang='lat' dir='ltr'>{ivs</span> <span class='ocrx_word' id='word_1_506' title='bbox 1821 3498 2078 3588; x_wconf 49' lang='lat' dir='ltr'>impoegt‘mz&#39;</span> 
     </span>
    </p>
   </div>
   <div class='ocr_carea' id='block_1_10' title="bbox 1929 3621 1990 3666">
    <p class='ocr_par' dir='ltr' id='par_1_20' title="bbox 1929 3621 1990 3666">
     <span class='ocr_line' id='line_1_94' title="bbox 1929 3621 1990 3666; baseline 0 0"><span class='ocrx_word' id='word_1_507' title='bbox 1929 3621 1990 3666; x_wconf 66' lang='lat'>28</span> 
     </span>
    </p>
   </div>
  </div>
 </body>
</html>
