2332 3860
243 78 316 130 70

173 172 306 244 quod
337 173 583 241 competit
608 173 714 226 soli
742 173 871 226 Deo:
914 181 967 226 et
993 175 1066 227 sic
1087 189 1166 226 re-

177 263 299 300 vera
329 249 496 300 omnis
520 254 880 302 'creaturarum
923 248 1166 316 perfectio

173 322 310 375 sicut
344 338 377 374 a
414 321 544 384 De0,
592 323 665 374 ita
703 324 860 375 etiam
899 323 950 374 in
992 321 1098 374 Deo
1137 338 1168 374 a

175 395 544 464 nobis-concipi
580 397 751 448 debet.
797 395 902 448 Nec
942 396 1166 448 dubitari

176 476 362 538 potest,
395 470 492 523 hoc
518 471 568 522 in
592 486 746 522 sensu
769 468 1072 538 Apostolum
1095 470 1167 520 di-

176 544 342 597 xisse:
374 544 459 596 Em
487 545 608 614 ipse,
640 553 682 596 et
702 560 794 614 per
821 545 1001 612 ipsum,
1046 552 1086 595 et
1116 544 1168 596 in

175 618 279 687 ipso
317 626 429 670 sunt
456 620 644 672 omnia.

249 691 382 755 Nota
410 693 466 745 2.
507 692 705 760 Dogma
746 691 810 743 de
848 691 1047 744 infinita
1075 691 1167 743 Dei

179 766 492 834 perfectione
517 767 907 818 tundamentum
927 773 1002 818 ost
1019 766 1167 834 primi

178 847 230 892 et
256 842 468 892 maximi
500 841 749 901 mandati,
783 857 882 909 quo
911 840 1076 892 Deum
1105 857 1171 891 ex

177 920 284 967 toto
305 915 458 966 corde
484 914 696 983 diligere
726 915 982 986 iubemur.
1015 915 1169 982 Egre-

178 989 261 1056 gie
288 988 340 1040 S.
372 989 659 1050 Bernartius
690 987 766 1058 (l)
808 990 897 1040 ait:
949 1009 970 1037 <z
1005 988 1170 1040 Causa

179 1062 424 1131 diligendi
453 1062 640 1123 Deum,
670 1062 810 1116 Deus
837 1070 933 1115 cst:
969 1063 1167 1124 moduS,

186 1138 297 1188 sine
324 1137 475 1189 modo
498 1137 729 1204 diligere.
769 1157 791 1184 »
825 1168 891 1175 --
923 1137 1014 1189 Dei
1056 1137 1169 1188 inli-

185 1211 275 1262 niti
307 1210 488 1263 laudes
528 1211 790 1265 celebrare
819 1210 1042 1263 osticium
1083 1216 1168 1262 lio·

180 1284 334 1335 minis
393 1287 592 1337 ratione
652 1286 868 1353 praediti
926 1286 1171 1352 gravissi·

181 1374 342 1420 mum,
377 1359 750 1411 nobilissimum
781 1365 832 1412 et
859 1359 1170 1411 iucundissi-

180 1448 321 1484 mum
345 1440 443 1493 est,
475 1450 505 1485 a
533 1449 632 1502 quo
660 1450 925 1502 nunquam
968 1449 1173 1485 cessare

157 1508 399 1575 oportet,
432 1507 634 1559 dicente
654 1509 707 1560 S.
724 1507 1018 1575 Auqustino:
1039 1528 1063 1555 «
1085 1507 1174 1559 Dei

181 1580 482 1643 magnitudo
534 1582 644 1634 sine
686 1582 786 1634 fine
838 1590 952 1642 est,
997 1588 1047 1634 et
1088 1588 1175 1633 tua

180 1655 409 1707 laudatio
437 1656 548 1708 sine
571 1656 673 1708 fine
699 1656 763 1708 sit
787 1654 885 1725 (Ξ).
917 1656 1177 1707 »--Deus

179 1729 380 1782 infinite
434 1730 691 1798 perfectus
738 1737 814 1783 est
855 1701 1210 1782 excellentis·¹

182 1805 369 1856 simum
400 1805 730 1872 perfectionis
765 1811 970 1855 nostrae
998 1819 1175 1855 exem·

182 1878 314 1945 piar,
346 1879 428 1929 cui
453 1894 566 1938 noe,
591 1879 915 1946 quantumin
950 1876 1044 1929 bac
1073 1879 1173 1928 vila

184 1952 387 2003 mortali
410 1951 520 2003 fieri
547 1958 731 2019 potest,
752 1951 1074 2003 conforma-re
1096 1951 1175 2002 de-

180 2026 384 2086 bemuS,
418 2026 621 2077 dicente
656 2024 879 2078 Christo:
913 2025 1074 2076 Estote
1104 2041 1178 2076 ros

179 2101 401 2168 perfecti,
444 2100 568 2151 sicut
599 2100 743 2152 Pater
785 2107 932 2154 vester
972 2099 1177 2151 coelestis

179 2175 419 2243 perfectus
456 2181 525 2226 est
555 2173 653 2245 (5).

595 2296 634 2355 ς
673 2297 766 2342 ιη.

491 2387 543 2421 De
568 2387 631 2422 Dei
664 2386 883 2430 cognitione.

253 2468 367 2523 Non
407 2467 595 2522 sufficit
635 2469 827 2523 homini
870 2468 1174 2531 christiam,

185 2551 237 2598 et
275 2543 439 2596 multo
495 2545 666 2596 minus
709 2543 967 2611 Theologo
1008 2545 1175 2605 scire,

183 2619 350 2672 Deum
381 2619 631 2680 existere,
677 2624 727 2670 et
759 2635 851 2670 ens
879 2635 904 2670 a
936 2635 990 2670 se
1031 2625 1082 2671 et
1108 2619 1180 2670 in-

185 2694 327 2746 finite
357 2693 647 2761 perfectum
676 2708 808 2754 esse,
835 2693 922 2744 sed
956 2692 1080 2743 nulli
1113 2692 1179 2744 la-

186 2768 294 2820 bori
325 2782 540 2835 parcere
569 2767 742 2829 debet,
786 2773 843 2819 ut
882 2775 1181 2834 'supremum

120 2852 123 2861 ⁸
185 2840 387 2894 Numen
411 2841 643 2893 divinum
666 2857 870 2908 semper
895 2841 1057 2907 magis
1077 2856 1180 2892 ma-

189 2916 370 2984 gisque
411 2922 708 2982 cognoscat.
762 2914 831 2968 Ut
871 2922 1043 2968 autem
1082 2914 1182 2966 tale

189 2989 418 3041 studium
459 3004 578 3040 cum
625 2989 803 3041 maiori
851 2989 1178 3049 assiduitate,

190 3071 242 3115 et
269 3069 410 3114 recto
437 3062 587 3114 modo
628 3063 981 3130 suscipiatur,
1002 3063 1051 3115 in
1092 3078 1181 3130 ge-

191 3151 315 3188 nere
338 3135 510 3203 aliqua
535 3136 590 3187 de
611 3137 897 3202 eeqnitz'om‘s
922 3135 1014 3188 Dei
1035 3151 1182 3202 prae-

189 3211 376 3263 stantia
402 3216 446 3262 et
471 3210 763 3271 necessitate,
808 3211 863 3263 de
889 3210 1101 3263 eiusdem
1130 3210 1186 3263 tt-

252 3367 288 3414 1)
310 3368 376 3418 Tr.
403 3368 448 3402 de
471 3367 574 3410 dilig.
601 3369 689 3405 Deo.

232 3413 290 3455 ’2)
314 3413 370 3447 Ps.
397 3411 474 3454 144,
501 3421 535 3446 v.
563 3411 596 3448 3.

250 3457 288 3503 3)
313 3457 403 3494 Mat-
427 3456 462 3500 δ,
485 3455 543 3491 48.

851 86 912 131 nn
951 93 1045 131 neo
1083 72 1227 131 1N'sn
1263 89 1521 144 sremsro.

1227 174 1427 229 mitibus
1453 190 1513 227 ac
1538 175 1751 242 fontibus
1790 181 1842 230 et
1868 177 1931 229 de
1955 155 2242 248 praecipuav
2311 176 2314 178 ’

1227 248 1498 301 conditione
1537 249 1604 302 ad
1640 266 1747 303 eam
1786 253 2023 320 requisita
2062 252 2219 306 disse-

1229 323 1386 375 renda
1427 328 1567 375 sunt.

1306 396 1356 447 1.
1390 395 1659 458 Quaelibet
1683 399 1907 466 cognitio
1942 401 2042 454 iam
2083 400 2137 452 in
2164 416 2220 453 se

1230 485 1289 522 eo
1332 471 1672 537 praestantior
1712 479 1816 534 est,
1860 489 1960 543 quo
2003 473 2220 527 nobilius
2296 508 2309 521 ·

1230 550 1308 595 est
1347 544 1638 606 obiectum,
1683 545 1747 598 ad
1786 547 1920 615 quod
1959 548 2216 616 dirigitur.
2264 608 2281 621 ,

1231 616 1328 669 Sed
1367 618 1587 671 nobilius
1610 619 2057 691 excellentiusque
2088 623 2223 674 obie-

1231 698 1371 743 ctum
1396 708 1494 744 non
1515 693 1682 761 datur,
1700 710 1853 762 quam
1867 695 2004 748 Deus
2025 695 2224 749 infinite

1229 767 1507 833 perfectu&
1529 775 1580 819 et
1601 769 1833 820 omnium
1856 785 2029 822 rerum
2041 786 2219 822 causa:

1233 856 1354 907 ergo
1403 847 1542 893 recta
1583 842 1645 893 de
1685 841 1790 894 Deo
1842 844 2064 912 cognitio
2124 845 2225 896 iam

1234 915 1283 965 in
1324 930 1377 966 se
1418 915 1885 976 excellentissima,
1925 923 1977 969 et
2015 918 2226 970 cuilibet

1234 987 1318 1039 alii
1340 989 1585 1042 scientiae
1605 989 1754 1057 longe
1771 991 2222 1058 praeferendaest.

1232 1061 1351 1114 Ideo
1382 1079 1470 1130 per
1502 1063 1596 1115 ler.
1629 1064 1767 1116 Deus
1798 1066 1904 1133 ipse
1933 1065 2075 1118 dicit:
2114 1066 2227 1117 Non

1234 1136 1469 1203 qlort‘etttr
1507 1139 1699 1206 sapiens
1739 1138 1790 1190 in
1828 1140 2070 1208 sapientia
2114 1156 2224 1198 sua,

1234 1217 1276 1261 et
1302 1227 1398 1262 iton
1425 1211 1664 1277 ylor‘ietur
1692 1213 1836 1278 fortis
1863 1214 2228 1281 infortitudine

1236 1300 1342 1342 sust,
1374 1293 1415 1336 et
1442 1302 1539 1336 non
1560 1286 1796 1353 morietur
1822 1287 1947 1339 clives
1969 1289 2023 1339 in
2045 1288 2229 1340 divitiis

1235 1359 1361 1419 satu
1401 1360 1482 1410 sed
1522 1362 1571 1411 in
1614 1360 1699 1412 ltoc
1738 1360 1994 1426 qlort‘etztr,
2029 1361 2231 1429 quinto·

1236 1433 1422 1490 riatur,
1468 1436 1592 1485 seire
1626 1442 1669 1486 et
1709 1450 1844 1486 nosse
1885 1452 1977 1492 me,
2004 1436 2122 1504 qnia
2149 1450 2230 1502 eqo

1236 1523 1346 1557 sum
1384 1507 1626 1559 Dominus
1648 1515 1747 1560 ete.
1783 1506 1879 1578 (lt).
1918 1509 2164 1577 Sapsffi,
2197 1509 2230 1560 5

1241 1580 1455 1647 legitur:
1507 1581 1661 1634 Nosse
1709 1590 1750 1633 te
1787 1581 1965 1653 (Deus)
2007 1598 2230 1636 consum-

1239 1663 1366 1705 ma-lct
1424 1655 1614 1706 iustitia
1671 1663 1770 1707 est:
1824 1664 1866 1708 et
1912 1657 2035 1710 scire
2091 1657 2232 1709 iusti·
2262 1670 2267 1675 ·

1241 1730 1362 1779 tiam
1402 1737 1443 1779 et
1485 1732 1731 1782 veritatem
1772 1738 1933 1791 tuum,
1978 1731 2128 1783 radix
2166 1739 2231 1781 est

1242 1802 1644 1854 inmortalitatis
1673 1803 1904 1855 Christus
1926 1820 2129 1874 quoque
2157 1821 2231 1857 re-

1241 1883 1376 1927 ctam
1407 1876 1469 1926 de
1490 1875 1962 1943 Deocoguitionem
1988 1885 2232 1947 tanquam

1243 1950 1465 2001 medium
1499 1951 1719 2002 maxime
1744 1955 2093 2005 necessarium
2124 1969 2231 2020 pro-

1242 2025 1382 2091 ponit
1410 2024 1471 2075 ad
1508 2041 1683 2076 verani
1707 2025 2025 2088 felicitatem,
2057 2043 2146 2079 seu
2169 2026 2231 2078 ad

1243 2098 1401 2149 vitam
1441 2105 1707 2151 aeternam
1750 2099 2117 2165 obtinendam3
2162 2101 2234 2152 ait

1241 2173 1399 2223 enim:
1420 2172 1550 2224 Haec
1567 2181 1809 2225 escatilem
1831 2175 1926 2228 vita
1945 2183 2159 2241 aeterna,
2182 2183 2234 2226 ut

1243 2254 1530 2314 coynoscunt
1564 2255 1603 2298 te
1625 2247 1779 2299 solum
1803 2265 1969 2301 rernm
1990 2249 2167 2309 Deum,
2193 2257 2236 2300 et

1242 2336 1380 2387 quent
1423 2321 1628 2381 misisti,
1658 2321 1818 2374 Iesum
1858 2321 2108 2375 Christum
2133 2321 2230 2393 (ὅ).

1244 2394 1354 2461 lpsa
1385 2395 1513 2446 ratio
1547 2395 1694 2447 facile
1737 2397 1996 2466 perspicit,
2024 2398 2074 2448 in
2103 2397 2237 2449 Reli-

1241 2469 1406 2535 gionis
1457 2484 1515 2520 ac
1566 2468 1871 2536 Tlicologiae
1920 2472 2123 2539 negotio
2161 2470 2235 2522 'nil

1242 2542 1334 2594 sibi
1365 2542 1527 2609 magis
1551 2545 1902 2596 necessarium>
1923 2560 2053 2604 esse,
2080 2560 2232 2613 quam

1245 2622 1438 2667 rectam
1474 2616 1535 2667 de
1570 2616 1675 2669 Deo
1715 2618 2081 2685 cognitionem,
2124 2623 2235 2670 sine

1244 2706 1343 2758 qua
1386 2705 1482 2742 nec
1522 2690 1798 2743 relationes
1831 2691 1997 2744 Deum
2024 2693 2158 2745 inter
2185 2699 2236 2744 et

1245 2764 1478 2816 homines
1507 2771 1644 2816 recte
1667 2765 2140 2827 determinari.‚nec
2167 2766 2232 2818 oi-

1244 2838 1359 2895 ficia
1386 2838 1506 2895 inde
1536 2840 1831 2892 emanantia
1872 2839 2044 2893 debito
2083 2840 2234 2892 modo

1246 2912 1496 2974 describi,
1549 2929 1643 2964 nec
1683 2911 1987 2966 sufficientia
2027 2913 2235 2966 morali-

1249 2986 1365 3037 tatis
1392 2987 1584 3038 motiva
1606 2988 1855 3054 assignari
1882 2994 2115 3055 possunt.
2140 2987 2237 3039 De·

1248 3060 1450 3112 ficienie
1479 3076 1601 3127 ergo
1630 3069 1768 3118 recta
1800 3060 1890 3113 Dei
1922 3062 2234 3127 cognitione,

1248 3149 1341 3186 nec
1386 3134 1627 3185 veritates
1668 3133 1946 3200 Religionis
1995 3135 2236 3186 theoreti-

1247 3223 1336 3258 cae
1365 3214 1504 3259 recte
1542 3206 1924 3274 intelliguntur,
1953 3223 2046 3259 nec
2073 3205 2233 3259 officia

1247 3280 1470 3349 practica
1512 3281 1681 3333 debito
1721 3281 1870 3336 modo
1916 3281 2234 3350 implentur-5

1293 3409 1341 3453 (4)
1367 3409 1400 3451 9,
1425 3409 1468 3444 23
1492 3414 1561 3445 etc.

1253 3497 1257 3499 ,
1293 3455 1341 3505 (ὃ)
1367 3455 1418 3490 10.
1447 3453 1501 3496 17,
1525 3452 1561 3491 3,
