2332 3860
239 146 345 200 560

170 244 234 298 cit
259 263 286 294 «
316 241 380 295 ad
401 242 705 296 servandam
727 241 942 294 Domino
963 242 1164 295 mirabi-

168 318 289 373 lium
329 317 625 371 effectorum
666 316 1043 370 excellentiam.
1082 315 1161 367 Illi

167 393 415 477 siquidem
441 391 795 460 portabantur,
826 390 1058 444 Christus
1079 405 1164 441 ve-

167 484 223 521 ro
249 469 419 521 omnia
443 472 629 534 portat;
649 465 857 519 Henoch
883 452 1161 518 translatus

169 549 265 598 est
308 548 362 594 at
402 540 543 593 lesus
582 541 852 606 ascendit3
901 539 1039 592 Elias
1097 538 1156 590 ad

169 618 415 670 orientem
438 613 669 667 Iordanis
689 620 1000 681 assumptus,
1022 612 1163 665 Chri-

169 698 278 743 stus
317 689 379 743 ad
421 690 670 742 orientem
701 690 939 741 torrentis
963 687 1155 739 Cedron

169 767 219 818 in
261 763 462 817 coelum
483 763 717 816 elevatus
739 771 831 816 est.
865 782 888 810 »
927 761 982 815 S.
1010 759 1163 831 Chry-

170 847 405 892 soslomus
465 836 542 909 (l)
592 837 788 905 inquit:
849 836 1156 896 «·CbristuS‚

170 915 409 982 apostolis
450 928 548 963 non
579 911 889 970 videntibus,
935 927 1161 963 resurre-

171 989 273 1050 xit,
316 987 404 1040 sed
445 986 544 1038 illis
573 985 884 1046 videntibuS,
931 986 1162 1038 elevatus

171 1069 267 1124 est,
310 1062 428 1131 quia
460 1076 634 1130 *neque
672 1067 910 1128 aspectus
964 1059 1046 1111 hic
1109 1076 1163 1111 o-

171 1137 308 1189 mnia
350 1135 529 1204 potuit.
581 1134 709 1187 Nam
772 1134 1163 1186 resurrectionis

170 1211 325 1264 finem
367 1210 626 1270 viderunt,
658 1208 858 1260 initium
887 1224 987 1261 non
1016 1210 1158 1261 item:

172 1284 531 1353 assumptionis
589 1299 711 1335 vero
770 1283 971 1335 init-ium
1029 1283 1165 1334 vide·

172 1367 322 1422 runt,
393 1374 493 1410 non
552 1373 675 1410 vero
733 1357 907 1409 finem.
979 1357 1163 1409 Inutile

173 1449 394 1503 namque
436 1433 614 1484 fuisset
674 1432 726 1483 in
787 1432 1164 1484 resurrectione

171 1509 372 1562 initium
413 1507 610 1568 videre,
636 1506 743 1575 ipso
766 1513 1051 1575 praesente,
1078 1507 1163 1575 qui

172 1583 300 1636 haec
340 1583 654 1651 loqueretur,
698 1588 748 1633 et
798 1576 1033 1649 sepulcro
1091 1588 1166 1634 te-

172 1658 444 1723 stificante,
484 1657 650 1725 ipsum
678 1656 742 1707 ibi
778 1655 878 1708 iam
909 1672 1008 1708 non
1037 1671 1163 1709 esse.

171 1732 270 1784 Sed
329 1746 459 1800 quae
524 1731 927 1798 assumptionem
990 1737 1164 1783 secuta

172 1812 312 1868 sunt,
375 1805 531 1857 verbo
591 1805 786 1857 discere
827 1806 1161 1873 oportebat...

172 1883 290 1950 quia
329 1879 507 1949 procul
548 1880 770 1947 positum
800 1896 899 1932 non
933 1886 1167 1948 poterant

173 1955 333 2008 oculis
383 1961 731 2021 cognoscere:
800 1954 934 2023 quod
993 1961 1166 2006 autem

173 2029 224 2082 in
265 2027 465 2080 coelum
507 2035 777 2095 susceptus
816 2029 901 2091 sit,
946 2029 1039 2096 ipsi
1083 2046 1167 2097 po-

174 2110 281 2156 stea
310 2102 492 2170 Angeli
534 2102 838 2155 docuerunt.
877 2122 899 2151 »
968 2102 1025 2155 S.
1070 2102 1170 2155 Aa·

174 2179 395 2248 {lustinus
419 2174 494 2246 (Ξ)
524 2176 586 2228 ad
609 2177 942 2230 Consentium
967 2177 1163 2230 scribit:

179 2272 204 2301 «
242 2251 348 2318 Ego
389 2249 575 2303 Christi
627 2267 812 2320 corpus
851 2252 922 2304 ita
963 2268 1075 2305 esse
1115 2254 1166 2304 in

175 2326 318 2380 coelo
356 2325 529 2388 cred0,
595 2332 652 2378 ut
715 2332 826 2379 erat
889 2326 939 2378 in
1006 2333 1164 2388 terra,

176 2400 378 2471 quando
416 2400 647 2453 ascendit
703 2402 753 2452 in
815 2400 1035 2455 coelum.
1089 2401 1171 2454 Di-

175 2481 327 2528 xerat
388 2481 562 2527 autem
627 2474 888 2544 discipulis
915 2517 927 2536 ‚
998 2483 1053 2528 ut
1118 2477 1166 2527 in

176 2548 460 2616 Evangelio
502 2548 737 2616 legimus,
783 2550 844 2601 de
884 2566 977 2603 sua
1006 2566 1172 2602 resur-

177 2625 402 2677 rectione
423 2624 787 2689 dubitantibuS,
809 2631 861 2677 et
877 2624 1019 2693 illud,
1038 2625 1168 2694 quod

178 2698 438 2759 videbant,
487 2714 586 2751 non
626 2713 810 2766 corpus
874 2699 961 2750 sed
1026 2700 1173 2767 spiri·

179 2779 288 2825 tum
329 2788 440 2825 esse
483 2774 847 2841 putantibus...
890 2771 1094 2842 Pulpatc
1129 2782 1172 2825 et

178 2847 347 2908 videte,
390 2846 506 2915 quia
532 2847 739 2916 spiritus
771 2863 968 2899 carnem
997 2856 1039 2899 et
1066 2864 1171 2900 ossa

179 2936 276 2973 non
315 2920 469 2982 habet,
511 2922 635 2974 sicut
676 2937 750 2974 me
788 2923 958 2974 videtis
981 2921 1170 2975 habere.

180 2994 323 3047 Sicut
362 3011 560 3057 eorum,
604 3012 721 3048 cum
763 3003 898 3049 esset
937 2997 989 3048 in
1018 3003 1172 3062 terra,

181 3075 528 3122 contrectatus
568 3078 646 3124 est
687 3072 940 3132 manibUS,
984 3071 1057 3123 sic
1092 3087 1173 3123 eo-

182 3158 297 3196 rum
338 3149 415 3195 est
453 3159 568 3197 cum
611 3146 706 3198 iret
744 3146 794 3197 in
836 3144 1055 3205 coelum,
1088 3145 1175 3196 de-

183 3217 368 3270 ductus
406 3219 713 3284 aspectibus,
758 3218 831 3272 lbi
873 3236 974 3272 vox
1019 3234 1176 3272 evan·

184 3291 348 3360 gelica
405 3293 604 3343 sonuit:
668 3293 753 3346 Sic
791 3295 967 3352 veniel,
1010 3309 1175 3362 quem-

185 3365 448 3418 admodum
495 3381 605 3417 eum
659 3368 850 3420 vidistis
895 3378 1083 3421 euntem
1122 3368 1176 3421 in

232 3496 287 3540 (1)
309 3496 439 3531 Homil.
466 3495 502 3534 2,
524 3496 560 3530 in
587 3497 662 3531 Act
691 3499 753 3541 Ap.
781 3507 817 3533 n
844 3498 877 3533 2.

233 3540 287 3586 (ί)
312 3540 423 3587 Epist.
451 3540 525 3576 205.
540 3551 572 3575 n.
587 3540 622 3575 2.

564 162 627 198 na
665 161 758 198 nuo
795 160 931 200 ursi
969 161 1156 199 numm
1196 161 1398 199 essenis
1435 158 1775 200 sussurrant.
2107 195 2114 210 ,
2169 199 2174 207 ,
2208 205 2219 211 ³
2247 194 2269 213 f*

1224 240 1422 295 coelum.
1466 239 1618 294 Fides
1645 241 1798 306 adsit,
1821 247 1874 296 et
1894 229 2037 296 nulla
2058 231 2266 315 quaet-q„

1223 316 1319 368 stio
1360 318 1662 370 remanebit.

1297 389 1409 442 Obi.
1439 387 1521 442 12⁰
1543 390 1776 444 Christus
1805 388 1897 458 (ait
1926 389 2216 465 Bahrdtim)
2274 364 2278 369 ¹

1225 464 1578 531 praesentibus
1652 464 1908 533 Apostolis
1982 466 2217 521 ascendit
2278 488 2283 527 i

1225 544 1477 600 montem,
1516 539 1662 592 cuius
1697 540 1875 592 vertici
1911 539 2218 594 incubuerat

1224 612 1429 674 nebula,
1462 629 1615 682 quam
1656 614 1918 680 ingressus
1945 630 2010 666 ex
2039 630 2218 668 eorum

1222 687 1381 740 oculis
1422 688 1650 754 evanuit,
1688 693 1832 740 etex
1871 689 2034 741 altera
2074 696 2220 758 parte

1223 762 1408 814 montis
1422 761 1739 814 descendens
1759 778 2020 832 nunquam
2045 770 2220 831 postea

1223 838 1447 905 seipsum
1489 836 1588 889 illis
1615 838 1948 905 conspicuum
1977 837 2213 892 reddidit.

2306 862 2314 867 ,
2302 813 2322 834 'f
2310 798 2313 802 -
2286 634 2320 786 &theti-tf

1226 910 1340 963 ldeo
1362 910 1390 961 a
1419 911 1681 979 discipulis
1701 911 1867 963 dictus
1891 912 2220 982 creditusque

1225 986 1319 1038 fuit
1339 985 1389 1037 in
1412 985 1612 1037 coelum
1633 985 1944 1039 ascendisse.
1965 985 2074 1039 Hoc
2096 1003 2218 1056 ergo

1225 1059 1590 1128 discipulorum
1632 1061 1981 1113 testimonium
2022 1061 2222 1115 nullam
2290 1105 2300 1109 ,

1225 1134 1378 1186 fidem
1401 1140 1647 1197 meretur,
1676 1136 1947 1203 praecipue
1974 1134 2114 1204 quia,
2144 1142 2222 1190 et-

1228 1210 1326 1260 iam
1354 1208 1604 1276 theologis
1633 1209 1897 1261 catholicis
1925 1209 2220 1276 fatentibuS,

1226 1284 1393 1351 ipsum
1434 1284 1483 1335 in
1525 1283 1726 1336 coelum
1773 1284 2062 1351 ingressum
2107 1300 2222 1352 pro-

1228 1359 1347 1424 priis
1386 1357 1548 1411 oculis
1588 1357 1883 1428 conspicere
1910 1374 2012 1412 non
2045 1365 2223 1428 potue·

1227 1438 1365 1483 runt.

1299 1506 1437 1575 Resp.
1496 1505 1651 1559 Facta
1692 1506 1936 1560 historica
1990 1523 2091 1560 non
2133 1522 2224 1575 per

1227 1588 1498 1648 corruptae
1521 1582 1732 1634 rationis
1761 1581 2116 1635 cavillationes
2137 1582 2226 1635 de-

1228 1655 1490 1717 claranda,
1534 1656 1623 1708 sed
1665 1672 1731 1709 ex
1772 1657 2120 1709 monumentis
2143 1655 2225 1709 hi-

1228 1731 1427 1782 storicis
1456 1730 1715 1798 probanda
1744 1738 1884 1783 sunt.
1911 1730 2004 1784 Ast
2031 1730 2227 1784 Bahrd-

1229 1806 1282 1856 tii
1323 1813 1611 1858 commento
1645 1806 1777 1858 sacri
1807 1806 1920 1858 libri
1961 1805 2225 1874 refragati·
2283 1809 2285 1811 “

1230 1886 1332 1931 tur.
1367 1879 1421 1931 ln
1452 1879 1530 1931 his
1558 1881 1695 1933 enim
1719 1880 1926 1949 legitur,
1959 1879 2221 1934 Christum

1231 1970 1329 2006 non
1372 1954 1666 2007 discessisse
1718 1955 1783 2007 ab
1828 1954 2086 2023 Apostolis
2111 1996 2124 2018 ‚
2166 1961 2226 2008 ut

1236 2028 1481 2081 verticem
1524 2030 1711 2082 montis
1750 2028 2092 2090 ascenderet,
2136 2028 2227 2082 sed

1231 2103 1409 2155 iisdem
1451 2104 1522 2155 ita
1563 2104 1906 2172 propinquum
1946 2103 2128 2164 fuisse,
2174 2109 2230 2156 ut

1231 2193 1350 2229 eum
1391 2178 1686 2246 loquentem
1727 2178 1984 2238 audirent,
2028 2177 2226 2246 quando
2308 2200 2310 2202 ’

1231 2260 1508 2320 assumptus
1542 2260 1609 2305 est
1639 2253 1696 2304 in
1735 2251 1917 2304 coelum
1958 2249 2056 2323 (5).
2100 2251 2230 2304 Dein

1234 2343 1332 2379 non
1375 2327 1581 2389 dicitur,
1614 2326 1747 2396 quod
1783 2333 2009 2379 montem
2049 2341 2229 2379 ascen-

1232 2401 1390 2462 derit,
1434 2402 1522 2454 sed
1564 2401 1696 2470 quod
1737 2400 1986 2469 ferebatur
2036 2401 2089 2452 in
2127 2415 2230 2453 coe-

1233 2476 1333 2527 lum
1375 2474 1471 2546 (lt).
1523 2475 1742 2528 Demum
1790 2474 1907 2528 Act.
1953 2473 2005 2537 Ι,
2051 2478 2081 2527 9
2122 2481 2225 2528 etc.

1233 2566 1473 2618 expresse
1504 2550 1711 2617 legitur,
1744 2549 1877 2619 quod
1909 2548 2142 2618 discipuli
2178 2563 2230 2601 e-

1234 2624 1462 2676 levatum
1503 2625 1726 2677 viderint
1766 2623 2057 2685 Christum,
2095 2622 2230 2691 quod

1236 2715 1333 2751 non
1375 2700 1481 2766 ipse
1523 2699 1712 2751 nubem
1754 2700 2035 2765 ingressus,
2078 2697 2165 2749 sed
2199 2712 2231 2749 a

1236 2773 1371 2826 nube
1410 2779 1679 2842 susceptus
1717 2772 1891 2834 fuerit,
1936 2778 1988 2824 et
2025 2768 2162 2840 quod
2194 2770 2231 2822 i-

1236 2864 1383 2917 psum
1425 2848 1750 2900 intuerentur
1779 2863 1879 2899 non
1922 2851 2149 2898 montem
2176 2860 2231 2897 a-

1234 2922 1586 2983 scendentem,
1618 2922 1706 2974 sed
1734 2929 1925 2974 curnem
1947 2922 2000 2973 in
2030 2919 2229 2972 coelum.

1236 2996 1421 3063 Negari
1462 2997 1698 3066 equidem
1738 3012 1837 3048 non
1867 3001 2054 3064 potest,
2097 2993 2231 3061 Apo-

1235 3071 1392 3124 stolos
1414 3072 1628 3140 propriis
1655 3071 1817 3124 oculis
1846 3070 2012 3138 ipsum
2041 3068 2092 3120 in
2121 3082 2232 3120 coe-

1239 3146 1344 3197 lum
1410 3146 1700 3214 ingressum
1763 3145 2058 3212 conspicere
2126 3157 2229 3194 non

1238 3220 1480 3287 potuisse:
1524 3220 1613 3272 sed
1642 3219 1705 3272 de
1731 3218 1829 3272 hoc
1861 3231 2094 3286 ingressu
2123 3230 2231 3268 cer-

1238 3296 1392 3346 tiores
1444 3293 1562 3347 facti
1617 3300 1735 3346 sunt
1777 3299 1886 3346 tum
1931 3307 1997 3343 ex
2038 3289 2235 3358 praedi-

1235 3368 1489 3420 ctionibus
1517 3367 1725 3427 Christi,
1758 3373 1866 3420 tum
1906 3381 1966 3418 ex
2007 3364 2232 3418 testimo-

1281 3498 1335 3588 }‘2'3
1360 3498 1630 3579 ἕιῗὲῗεὲῗεῦῗ·
