2332 3860
254 154 326 208 50
621 170 943 209 mraouucrio
986 171 1031 207 {N

178 251 320 314 runtt
352 253 482 304 eti-n
523 266 625 320 qua
666 250 773 304 4602
799 267 1024 304 canones
1049 251 1171 303 editi

178 328 318 387 suxit,
355 326 583 379 rejicitur
609 326 673 379 ab
700 327 1017 384 orthodoxis,
1036 341 1172 377 eam-

178 416 278 468 que
309 401 652 467 reproharunt
698 395 852 452 Rom.
899 399 1172 451 Pontifices

177 473 422 543 Sergiusl
443 480 493 526 et
519 475 727 526 Ioannes
750 474 856 527 VII.
875 473 1007 526 Sunt
1033 474 1171 524 enim

180 547 412 600 nonnulli
461 551 677 602 istorum
706 564 963 600 canonum
988 548 1171 599 absur-

179 621 248 681 dt,
296 629 351 674 ut
377 623 563 690 quibus
585 623 879 674 concutitur
906 637 1169 673 sacrorum

179 696 528 748 ministrorum
544 696 846 756 caelibatus,
863 703 914 747 et
929 696 1172 747 ieiunium

176 768 385 822 Sabbati
451 777 714 822 servatum
752 770 872 821 olim
917 770 966 820 in
998 770 1173 820 Eccle-

177 843 252 895 sia
282 859 512 901 romana,
544 851 705 911 atque
733 844 827 895 sub
855 843 1173 911 gravissimis

177 917 353 984 poenis
394 918 692 984 prohibetur
742 915 953 969 Clericis
988 916 1175 968 Laicis-

178 1007 276 1058 que
303 991 614 1043 abstinentia
648 1007 676 1042 a
701 992 953 1059 sanguine
993 997 1043 1042 et
1070 992 1176 1042 suf-

182 1066 357 1116 focato
400 1072 499 1117 etc.
551 1064 838 1117 Nonnullos
880 1072 1053 1116 tamen
1093 1081 1174 1116 ea-

182 1154 342 1190 nones
387 1138 620 1191 eiusdem
677 1139 884 1191 Concilii
926 1140 1175 1206 approba-

180 1220 302 1264 runt
330 1210 689 1265 Constantinus
726 1219 777 1264 et
820 1213 1111 1265 Hadrianus
1149 1212 1179 1263 I

179 1286 239 1338 R.
274 1285 330 1338 P.
381 1316 455 1326 --
499 1286 762 1349 Quaenam
802 1287 1023 1338 Consilia
1055 1302 1175 1354 por-

181 1359 411 1412 ticulart'a
451 1361 759 1428 praecipuae
806 1361 910 1412 sint
953 1360 1178 1412 auctori·

182 1435 456 1574 {agsiiam
497 1435 690 1487 dictum
737 1436 893 1488 estin
923 1434 1017 1486 Tb.
1051 1450 1170 1503 gen.

275 1524 307 1559 ο

594 1630 632 1688 a
668 1631 761 1676 ns.

309 1722 360 1756 De
383 1721 489 1755 Rom.
516 1720 737 1755 Pontificum
759 1720 1053 1755 definitionibus.

260 1803 598 1855 Definitiones
626 1803 774 1855 Rom.
827 1803 1087 1855 Pontificis
1126 1803 1176 1853 in

185 1879 355 1929 causis
394 1877 511 1928 fidei
562 1877 725 1929 editas
753 1893 864 1928 esse
899 1876 1179 1928 infallibilis

187 1951 507 2003 auctoritatis
532 1991 549 2009 ,
593 1953 694 2002 iam
736 1950 829 2002 Tb.
863 1966 981 2017 gen.
1014 1951 1039 2017 ἓ
1071 1950 1179 2001 ⁶250

190 2026 459 2091 probatum
473 2024 708 2076 est.Hinc
730 2031 893 2092 patet,
911 2025 960 2076 in
985 2031 1178 2091 quanto

191 2100 382 2151 honore
409 2098 701 2150 huiusmodi
748 2098 1072 2150 definitiones
1094 2099 1180 2149 ba-

189 2173 388 2225 bendae
425 2173 564 2233 sint,
605 2189 632 2223 a
681 2172 866 2239 quibus
895 2188 990 2224 nec
1020 2174 1181 2224 latum

191 2261 420 2314 unguem
466 2247 517 2298 in
566 2245 843 2312 Theologia
890 2247 1181 2313 dogmatica

191 2320 432 2373 recedere
472 2321 609 2372 licet
636 2318 889 2371 Convenit
918 2322 1093 2384 luitur,
1127 2326 1182 2370 ut

191 2393 965 2462 praecipuaeRom.Pont1ficum
980 2394 1178 2454 Bullae

190 2485 285 2520 seu
303 2467 705 2520 Constitutiones
741 2474 853 2535 post
899 2468 1182 2519 Concilium

191 2541 582 2594 'stidentinum
573 2557 623 2593 in
648 2542 818 2593 'causis
845 2542 963 2593 fidei
991 2542 1180 2603 editae,

191 2615 417 2668 breviter
443 2622 834 2667 recenseantur.

261 2689 302 2740 1.
335 2689 454 2740 Pius
477 2688 525 2741 V
536 2689 830 2741 ann01567
855 2687 1057 2740 Bullam
1079 2689 1184 2741 edi·
1220 2686 1221 2689 ’

190 2762 283 2823 dit,
300 2764 364 2813 in
392 2779 494 2830 qua
522 2763 592 2816 79
622 2762 994 2831 ptopositiones
1033 2763 1177 2822 Bait,
1184 2794 1186 2798 v

191 2836 360 2888 varios
387 2851 588 2888 errores
615 2838 751 2889 circa
774 2836 996 2888 liberum
1021 2836 1182 2888 homi-

190 2911 269 2961 nis
295 2909 565 2962 arbitrium
595 2951 607 2971 ,
651 2911 872 2977 gratiam
913 2910 1140 2962 divinam
1167 2951 1178 2970 ,

191 2983 517 3042 charitatem,
561 2985 802 3036 meritum
843 2985 1098 3037 bonorum
1131 3000 1185 3035 o-

192 3071 372 3125 perum
399 3062 535 3116 etc„
572 3059 924 3119 continentes,
956 3058 1009 3109 in
1049 3057 1184 3124 qlobo

195 3139 251 3182 ut
274 3129 584 3190 haereticaS,
606 3146 872 3194 erroneas,
890 3139 1179 3199 suspectaS‚

192 3203 542 3274 temerariam,
571 3204 900 3258 scandalosas
926 3246 939 3266 ,
969 3205 1035 3258 ,in
1077 3207 1186 3273 pias

193 3293 346 3330 aures
378 3276 711 3328 offensionem
745 3279 1083 3332 immittentes
1109 3295 1186 3331 re-

193 3351 394 3419 specim
412 3347 705 3405 damnavit,
736 3350 875 3404 Haec
899 3352 1049 3405 Bulla
1079 3368 1187 3405 ma-

195 3424 679 3493 gnotsspiscoporum
698 3431 952 3478 consensu
978 3431 1186 3494 recepta

197 3499 329 3560 tutta
352 3498 573 3565 ipseque-
600 3494 754 3551 Baius
794 3514 850 3550 se
895 3498 1188 3568 pontificiae

1071 169 1383 220 THEOLOGtAM
1421 169 1782 208 THEORETICAM.

1238 250 1776 306 sententiaesubiecit.
1802 250 2072 319 Greqorius
2096 246 2225 303 XIII

1239 326 1457 379 eandem
1487 325 1691 379 Bullam
1721 325 2068 389 confirmavit,
2113 322 2228 378 eam

1238 399 1594 453 authenticam
1620 413 1732 452 esse
1755 398 2044 452 declarans.

1242 471 1245 475 ’
1313 473 1377 525 ll.
1434 474 1748 527 Itmocenlius
1801 472 1851 526 X
1894 488 2031 526 anno
2086 472 2228 524 1565

1240 547 1441 599 Ballam
1484 548 1848 615 promulgavit,
1881 548 1932 599 in
1958 563 2058 616 qua
2085 546 2230 614 quin-

1238 637 1329 689 que
1351 622 1707 690 propositiones
1747 621 2013 673 damnavit
2053 628 2231 671 excer-

1241 702 1352 762 ptas
1393 711 1459 748 ex
1497 696 1718 747 Ianseuii
1745 695 1979 763 Episcopi
2008 693 2232 762 Iprensis

1239 776 1364 820 tunc
1405 771 1508 820 iam
1548 769 1776 821 defuncti
1832 769 1980 829 libre,
2029 769 2116 835 qui
2158 768 2233 818 in-

1240 844 1501 895 scribitur:
1528 841 1855 911 Auqustinus:
1879 842 2097 908 singulis
2122 856 2232 908 pro-

1243 918 1573 984 positionibus
1593 923 1891 984 compctens
1917 931 2134 968 censura
2150 915 2235 965 ad-

1242 1009 1377 1044 nexa
1419 999 1515 1043 est.
1548 991 1784 1043 -Iiaec
1831 990 1982 1042 Bulla
2034 989 2085 1040 in
2128 994 2232 1040 toto

1241 1067 1362 1118 orbe
1391 1065 1643 1117 catholieo
1673 1065 1996 1133 promulgata
2025 1063 2090 1114 ab
2118 1062 2234 1130 Epi-

1240 1142 1407 1208 scopis
1447 1154 1635 1206 magno
1676 1138 1927 1206 applausu
1966 1142 2234 1204 acceptata

1241 1222 1336 1265 est.
1371 1213 1476 1265 Imo
1516 1213 1822 1280 quamvisin
1852 1210 2047 1278 Belo-to,
2091 1217 2143 1262 et
2182 1212 2232 1261 in

1241 1287 1421 1339 Galliis
1459 1286 1694 1338 nonnulli
1743 1286 1962 1337 lansenii
2009 1285 2235 1337 fautores

1242 1362 1531 1422 extiterint,
1558 1361 1642 1428 qui
1674 1361 1798 1412 satis
1837 1360 2041 1418 frivole,
2075 1366 2234 1410 teme·

1243 1436 1375 1487 rarie
1401 1443 1453 1487 et
1484 1435 1817 1501 pertinaciter
1838 1433 2232 1490 contenderent,

1243 1511 1293 1561 in
1325 1509 1451 1561 libro
1482 1509 1704 1561 lansenii
1732 1508 2030 1573 indigitatas
2059 1522 2236 1575 propo-

1243 1584 1453 1635 sitiones
1488 1598 1585 1634 non
1618 1583 1893 1642 contineri,
1938 1583 1990 1632 in
2017 1580 2238 1633 istarum

1247 1663 1415 1709 tamen
1435 1657 1763 1709 damnatione
1789 1670 1966 1707 omnes
1987 1653 2235 1706 Catholici

1243 1737 1637 1783 consenserunt.
1700 1730 1875 1780 Dictae
1936 1728 2236 1796 propositio·

1246 1821 1335 1856 nes
1350 1804 1594 1862 lansenii,
1620 1810 1676 1855 ut
1698 1803 1816 1854 illae
1837 1803 1976 1862 Bait,
2005 1804 2054 1853 in
2076 1801 2238 1853 Theo-

1246 1878 1377 1944 logia
1410 1878 1706 1934 theoretica,
1738 1877 1818 1928 vel
1852 1877 2077 1944 practica
2112 1875 2238 1927 locis

1244 1952 1475 2020 analogis
1500 1951 1850 2011 adducuntur,
1884 1950 2234 2019 explicantur,

1246 2034 1296 2078 et
1326 2026 1644 2077 refutantur,

1318 2099 1405 2151 ΠΙ.
1457 2100 1673 2151 Clemens
1713 2098 1788 2150 XI
1821 2114 1957 2150 anno
2001 2097 2143 2150 1715
2184 2099 2236 2150 in

1246 2173 1619 2226 celebriBulla:
1658 2173 1962 2242 Uniqenictts,
1989 2171 2238 2223 moralem
2287 2224 2290 2227 Α

1248 2249 1363 2299 novi
1418 2247 1732 2299 Testamenti
1793 2247 2168 2314 expositionem
2203 2262 2238 2298 a

1249 2321 1504 2373 Pasclmsz'o
1545 2320 1795 2384 Quesnello
1842 2328 2130 2373 exaratam
2158 2335 2239 2371 re·

1251 2396 1484 2462 probavit
1517 2438 1527 2456 ‚
1592 2402 1643 2446 et
1708 2395 1802 2446 tot
1871 2394 2239 2462 propositiones

1248 2470 1497 2529 eiusdem,
1525 2470 1667 2520 virus
1693 2469 2055 2520 iansenianum
2089 2467 2240 2520 alios-

1248 2559 1346 2611 que
1387 2559 1587 2594 errores
1616 2544 1969 2600 continentes,
2013 2542 2067 2593 in
2105 2541 2240 2608 qlobo

1249 2625 1300 2668 et
1326 2617 1581 2684 respective
1606 2616 1894 2667 damnavit.
1926 2614 2066 2667 Haec
2091 2614 2241 2666 Bulla

1249 2691 1296 2741 in
1329 2690 1493 2749 ltalia,
1526 2689 1788 2757 Hispania,
1817 2690 2100 2750 Lusitania,
2127 2688 2243 2740 Bel·

1247 2766 1357 2832 gio,
1402 2763 1714 2824 Germania,
1759 2763 2056 2827 Hungaria,
2101 2761 2243 2814 Polo-

1250 2839 1334 2889 nia
1395 2844 1493 2889 ete.
1517 2878 1529 2899 ,
1593 2837 1823 2888 unanimi
1872 2836 2241 2905 Episcoporum

1248 2927 1503 2963 consensu
1543 2917 1810 2978 acceptata
1841 2910 1953 2961 fuit.
1979 2910 2244 2972 Quantum

1249 2986 1310 3037 ad
1341 2985 1564 3037 Galliam
1583 2986 1600 3035 l
1616 2984 1684 3035 to
1702 2983 1935 3051 Episcopi
1956 2983 2090 3035 hanc
2111 2981 2242 3034 Con·

1249 3059 1567 3111 stitutionem
1589 3064 1945 3124 acceptarunt,
1965 3057 2145 3108 decem
2165 3071 2243 3108 re-

1249 3139 1519 3193 cusarunt,
1569 3137 1621 3182 et
1665 3137 1887 3198 quatuor
1925 3137 2131 3182 tantum
2176 3128 2243 3181 ad

1250 3207 1481 3269 futu-rum
1502 3204 1788 3256 Concilium
1807 3203 2050 3270 generale
2070 3200 2244 3270 appele

1251 3278 1444 3331 larunt.
1476 3278 1634 3330 Recte
1662 3277 1777 3328 ideo
1806 3278 2013 3338 dicitur,
2048 3276 2244 3345 praefa-

1252 3359 1358 3405 tam
1397 3351 1601 3404 Bullam
1634 3350 2048 3404 extracon‘ciliari
2077 3348 2244 3402 ⁴totius

1251 3425 1513 3478 Ecclesiae
1538 3425 1794 3477 consensu
1819 3422 2148 3486 confirmari,
2167 3424 2244 3476 att-

1250 3509 1350 3568 que
1376 3497 1494 3551 ideo
1517 3497 1583 3551 ab
1607 3496 1726 3566 ipsa
1747 3493 1815 3550 ad
1842 3494 2131 3549 Concilium
2144 3495 2254 3564 ‹ge-1
2325 3507 2332 3510 ⁴
