2332 3860
0 130 227 294 ιξω
187 217 324 287 Deus
347 213 601 277 absolute,
631 231 724 268 seu
750 217 861 269 sine
890 232 1032 284 prae-

0 283 270 357 οᾱοιιοιιιο
278 287 441 357 culpa
479 288 606 341 haec
645 288 813 342 facere
843 291 1030 357 potuis·

0 374 141 452 ιφ,
175 369 368 436 quanto
393 363 556 430 magis
582 362 630 414 id
660 363 804 415 salva
838 365 1029 417 iustitia

0 440 223 513 statuit,
263 437 452 490 intuitu
492 436 674 504 culpae
699 427 1030 490 commissae?

20 513 301 639 :72Etiam
339 510 538 579 bonitas
577 517 628 563 et
666 513 914 578 sapientia
954 512 1028 563 di·

197 584 507 638 luculentius
560 599 626 636 ex
674 585 905 637 doctrina
942 601 1028 637 ca-

17 669 32 718 t
134 660 364 718 ficorum,
407 673 563 726 quam
589 674 655 711 ex
682 658 914 710 doctrina
940 658 1031 710 ad-

19 734 380 797 ‹uersariorum
421 733 608 785 elucet.
641 731 770 784 Nam
797 732 1030 784 iuxtavil-

16 807 144 877 ilum
183 807 319 860 Deus
372 806 560 874 primos
614 806 846 859 homines
885 807 1031 858 donis

17 882 239 938 ieximiis
277 887 388 932 tum
427 881 748 932 naturalibus
788 887 899 932 tum
949 896 1031 932 su-

19 954 455 1029 ‚perflaturalibus
508 955 815 1016 exornavit,
878 961 928 1006 et
967 955 1027 1006 ad

19 1016 411 1085 mobilissimum
434 1028 589 1079 finem
608 1029 895 1095 aptissimos
918 1029 1030 1079 red·

18 1095 183 1163 «didit
227 1110 279 1155 et
305 1118 422 1154 cum
451 1102 824 1169 sapientissime
852 1103 1028 1154 decre-

23 1167 234 1243 ivisset,
278 1183 335 1228 ut
373 1176 438 1227 ab
475 1183 595 1227 actu
646 1174 830 1237 libero,
878 1178 1031 1228 totius

21 1250 263 1313 ιιιιιινθι5ἰ
299 1250 523 1301 maximo
543 1256 863 1310 ornamento,
892 1267 1034 1318 prae·

18 1315 288 1390 «dictorum
318 1324 567 1375 donorum
594 1326 914 1376 conservatio
942 1324 1029 1375 de-

20 1398 307 1468 manderet,
352 1398 508 1449 talem
533 1398 874 1450 conditionem
915 1415 1033 1450 exe—

17 1471 135 1542 qgit,
167 1488 296 1540 quae
323 1479 434 1524 erat
462 1472 735 1524 observatu
767 1472 1028 1530 facillima,

21 1559 225 1619 inempe
249 1546 399 1598 unius
426 1545 702 1607 duntaxat,
724 1553 775 1598 et
800 1546 1030 1598 facillimi

22 1620 301 1688 'praecepti
325 1619 666 1671 obedientiam
695 1637 723 1671 a
755 1622 916 1687 primo
947 1637 1033 1687 pa-

23 1699 185 1747 trente
227 1694 607 1760 praestandam,
639 1709 792 1761 quem
832 1702 1035 1761 propte-

23 1782 129 1821 irea
169 1773 241 1819 tot
278 1768 474 1832 gratiae
513 1768 720 1818 auxiliis
749 1769 1033 1820 dotaverat.

22 1839 163 1905 ‹Quis
180 1842 342 1893 nonin
361 1841 438 1892 his
453 1856 533 1893 om
544 1841 691 1893 nibus
706 1841 934 1893 divinam
951 1843 1033 1893 bo-

26 1916 256 1974 initatem
279 1922 330 1966 et
345 1916 647 1982 sapientiam
669 1914 1033 1967 admirabitur?

23 1988 227 2054 ‹Quodsi
250 1990 393 2041 iuxta
414 1989 734 2041 adversarios
755 1990 966 2041 bonitati
985 1995 1035 2041 et

0 2064 320 2131 :sapientiae
354 2063 556 2115 divinae
596 2065 909 2115 contrarium
935 2080 1034 2114 non

0 2137 140 2207 «est,
154 2137 410 2189 hominem
435 2138 503 2189 ita
524 2152 717 2201 creare,
734 2144 882 2206 prout
900 2154 1036 2189 nunc

0 2194 291 2284 ξιιιιι5οἰιιιι,
313 2212 562 2279 quomodo
588 2211 688 2264 illis
716 2212 1037 2280 perfectioni-

0 2267 142 2341 'ibus
167 2284 354 2336 divinis
383 2286 707 2352 repugnabit,
751 2286 1035 2337 humanum

0 2315 209 2442 {igetius
246 2359 309 2410 ob
362 2358 704 2410 foedissimam
745 2360 1039 2411 inobedien-

31 2432 172 2485 tiam
210 2449 240 2484 a
268 2436 434 2500 capite
474 2449 565 2484 suo
592 2433 772 2484 morali
801 2435 1037 2485 commis·

30 2508 158 2559 isam
199 2507 344 2559 donis
385 2505 509 2557 nulli
552 2506 736 2558 debitis
776 2508 1002 2573 privare?

121 2578 226 2632 obi.
261 2582 344 2632 9.st
374 2579 559 2640 Adam,
592 2587 648 2632 ut
677 2581 903 2648 plerique
931 2582 1037 2633 exi-

52 2654 282 2711 stimant,
326 2656 427 2705 iam
468 2670 553 2720 per
583 2656 948 2721 poenitentiam
990 2661 1040 2707 et

30 2725 201 2781 vadem
240 2729 291 2779 in
335 2727 571 2779 Messinm
596 2727 901 2780 iustificatos
929 2730 1039 2795 fuit,

29 2801 251 2869 ‹quando
273 2800 403 2853 filios
415 2803 699 2868 generavit3
725 2818 822 2853 non
843 2810 1040 2869 poterat

27 2887 171 2940 ⁴ergo
220 2881 485 2942 peccatum
546 2890 864 2942 propagare,
908 2877 1037 2943 quod

51 2945 192 3005 iuxta
247 2946 535 3000 Catholicos
573 2947 624 2999 in
684 2950 1042 3002 iustificatione

31 3023 256 3093 penitus
277 3021 523 3074 ‘deletum
572 3030 679 3085 est3
724 3038 845 3074 nam
897 3024 1042 3076 iuxta

27 3085 289 3163 ιιιᾶεὲιιιιιι
331 3111 480 3147 nemo
523 3100 685 3165 potest
722 3096 865 3156 dare,
910 3098 1040 3166 quod

54 3180 154 3226 non
202 3169 373 3222 habet.
418 3169 609 3222 Eadem
657 3167 928 3223 difficultas
966 3187 1046 3223 oc-

30 3241 213 3294 currit
238 3242 289 3294 in
317 3243 615 3309 parentibus
640 3242 926 3311 baptizatiS,
958 3246 1043 3313 qui

30 3315 156 3368 ιιοιι
214 3323 426 3384 possunt
489 3316 607 3368 filiis
662 3319 1044 3371 communicare

652 133 769 173 PARS
807 135 862 174 u.
903 133 1068 174 secvlo
1106 136 1143 174 1.
1185 134 1338 174 CAPUT
1375 135 1445 173 lv.

1893 120 2004 176 375

1162 215 1305 286 Resp.
1347 213 1404 285 a)
1431 214 1557 269 Tota
1585 213 1858 269 difficultas
1878 218 2087 273 modum

1091 289 1386 352 concernit,
1429 305 1529 360 quo
1568 290 1633 343 ab
1672 288 1870 343 Adamo
1909 292 2088 346 iustifi-

1091 371 1244 427 cato,
1287 371 1338 417 et
1375 379 1406 416 a
1449 345 1760 431 parentibus
1820 364 2088 432 baptizatis

1093 445 1360 505 peccatum
1381 436 1631 505 originale
1654 436 1977 490 traducatur:
2007 447 2088 492 ast

1091 512 1377 578 ignorantia
1405 511 1540 563 modi
1570 527 1668 563 non
1710 510 1843 563 tollit
1881 513 2087 565 certitu-

1092 586 1262 637 dinem
1302 585 1442 637 facti.
1486 583 1534 654 b)
1571 583 1723 637 quta
1762 592 1991 653 systema
2028 586 2081 638 S.

1096 659 1300 711 Thomae
1338 658 1498 711 allata
1525 656 1798 711 difficultas
1825 660 1897 711 ita
1935 659 2088 712 solvi-

1094 739 1195 785 tur:
1238 733 1403 785 Adam
1443 734 1676 800 peccavit
1714 739 1979 802 tam-quam
2005 749 2088 785 ca-

1094 813 1183 874 put
1211 807 1368 859 totius
1396 808 1604 873 generis
1631 806 1864 867 humani,
1896 813 1947 858 et
1975 807 2088 859 ideo

1093 881 1250 948 ipsius
1290 887 1560 948 peccatum
1595 895 1866 932 commune
1895 888 1946 933 et
1976 897 2087 948 pro·

1095 955 1258 1021 prium
1300 961 1376 1006 est
1416 955 1654 1007 omnibus
1695 955 1804 1006 eius
1847 956 2085 1021 posteris,

1092 1044 1309 1096 quorum
1329 1028 1622 1081 voluntates
1639 1028 1900 1081 moraliter
1914 1029 1964 1080 in
1982 1030 2087 1096 ipso

1094 1103 1322 1155 inclusae
1349 1110 1516 1155 erant:
1548 1103 1637 1155 sed
1667 1102 1830 1154 Adam
1860 1118 1951 1170 per
1980 1118 2092 1170 pec·

1093 1184 1265 1228 catum
1307 1177 1585 1244 praelatam
1627 1177 1929 1243 dignitatem
1967 1177 2102 1229 ami-'

1093 1252 1189 1310 sit,
1234 1258 1283 1302 et
1323 1257 1477 1319 caput
1523 1251 1716 1302 morale
1755 1251 1960 1317 generis
2001 1250 2094 1302 hu-

1096 1326 1231 1376 mani
1274 1332 1384 1392 post
1427 1325 1624 1393 lapsum
1667 1340 1777 1376 esse
1822 1325 2086 1376 cessavit:

1094 1415 1214 1465 ergo
1258 1400 1622 1466 poenitentiam
1652 1401 1758 1465 egit
1787 1407 1843 1450 ut
1872 1413 2091 1466 persona

1097 1474 1315 1540 privata,
1358 1489 1457 1541 qua
1498 1475 1655 1541 igitur
1693 1474 2002 1540 poenitentia
2043 1488 2092 1524 e-

1094 1547 1300 1615 quidem
1340 1548 1472 1607 sibi,
1517 1564 1616 1599 non
1658 1554 1834 1599 autem
1877 1547 2091 1614 posteris

1097 1621 1334 1687 prodesse
1384 1628 1601 1688 poterat.
1647 1620 1764 1672 ldeo
1803 1620 1858 1673 S.
1902 1621 2092 1672 Doctor

1100 1695 1235 1747 Lect.
1282 1695 1341 1755 5,
1386 1695 1437 1746 in
1479 1711 1592 1762 cap.
1629 1696 1658 1745 5
1709 1696 1800 1762 Ep.
1833 1694 1897 1746 ad
1939 1694 2087 1746 Rom.

1096 1769 1235 1820 dicit:
1285 1788 1310 1816 «
1354 1767 1599 1830 Quamvis
1639 1775 1907 1836 peccatum
1948 1768 2091 1820 Adae

1096 1842 1321 1894 deletum
1376 1842 1529 1894 fuerit
1585 1858 1673 1909 per
1726 1843 2093 1909 poenitentiam

1096 1932 1311 1968 suam...
1358 1931 1459 1967 non
1490 1923 1660 1968 tamen
1690 1917 1800 1967 eius
1830 1917 2094 1983 poeniten·

1099 1992 1165 2041 tia
1207 1989 1378 2041 delere
1419 1991 1584 2057 potuit
1625 1997 1891 2058 peccatum
1935 1997 2095 2058 poste·

1099 2079 1294 2124 rorum,
1339 2066 1457 2132 quia
1498 2065 1608 2115 eius
1651 2064 1960 2131 poenitentia
2002 2064 2097 2115 suit

1100 2153 1187 2205 per
1228 2144 1402 2189 aetum
1446 2138 1787 2205 ρει5οιιι,ι16ιιι
1831 2139 1916 2206 qui
1958 2138 2096 2190 ultra

1098 2213 1207 2263 eius
1231 2228 1430 2279 persora
1417 2228 1499 2263 am
1527 2229 1581 2264 se.
1607 2229 1704 2263 non
1728 2211 2092 2264 extendebat.»

1103 2286 1239 2337 ldem
1269 2286 1544 2337 dicendum
1576 2293 1653 2337 est
1682 2286 1743 2337 de
1774 2286 2094 2353 parentibuS,

1099 2361 1183 2427 qui
1227 2375 1314 2426 per
1355 2360 1667 2427 baptismum
1707 2376 1735 2411 a
1766 2366 1976 2426 peccato
2002 2360 2096 2412 sibi

1101 2435 1299 2501 proprio
1343 2439 1658 2500 purgantur,
1714 2433 1802 2484 sed
1843 2432 1955 2484 ideo
1997 2448 2098 2484 non

1102 2514 1314 2574 possunt
1355 2523 1576 2574 purgare
1617 2507 1747 2558 filios
1796 2522 1955 2567 suOS,
2011 2507 2098 2574 qui

1100 2582 1254 2633 etiam
1284 2582 1332 2632 in
1357 2580 1554 2633 Adamo
1584 2587 1884 2648 peccarunt.
1928 2578 1971 2646 c)
2000 2579 2100 2632 De-

1103 2655 1254 2723 nique
1295 2662 1400 2707 tota
1441 2653 1713 2707 difficultas
1742 2655 2025 2715 evanescit,
2056 2655 2100 2706 si

1101 2728 1439 2790 attendatur,
1484 2729 1617 2797 quod
1679 2737 1950 2796 peecatum
1997 2744 2098 2780 non

1102 2805 1165 2854 sit
1205 2818 1287 2854 res
1327 2800 1497 2871 aliqua
1540 2804 1755 2870 positiva
1783 2843 1795 2861 ‚
1840 2817 1969 2870 qnae
2011 2817 2101 2869 per

1106 2884 1367 2944 parentes,
1413 2893 1531 2928 cum
1571 2882 1856 2944 generant,
1901 2877 1951 2928 in
1981 2875 2099 2928 filiis

1103 2953 1168 3003 sit
1212 2951 1535 3018 producenda
1560 2991 1571 3010 ,
1615 2950 1703 3001 sed
1738 2950 1872 3018 quod
1916 2965 1998 3002 res
2037 2951 2103 3001 sit

1107 3026 1361 3089 negativa,
1407 3040 1590 3091 nempe
1623 3024 1838 3091 privatio
1878 3024 2103 3075 iustitiae

1105 3099 1387 3161 originalis
1415 3096 1540 3148 Cum
1565 3114 1685 3165 ergo
1711 3097 1773 3149 de
1804 3098 2103 3165 privatione,

1105 3188 1195 3223 seu
1238 3172 1299 3223 de
1329 3171 1529 3223 defectu
1560 3177 1764 3239 agatur,
1795 3173 1967 3240 inepte
1998 3171 2106 3222 vul-

1106 3261 1228 3313 gare
1270 3245 1578 3313 principium
1618 3246 1910 3298 adhibetur:
1955 3260 2104 3297 nemo

1110 3325 1275 3386 potest
1296 3320 1438 3379 dare,
1461 3320 1591 3388 quod
1615 3335 1716 3372 non
1746 3320 1919 3383 babet3
1951 3334 2105 3387 quae-

31 3394 362 3457 peccatum,
403 3390 535 3458 quod
577 3390 626 3442 in
669 3391 791 3457 ipsis
829 3408 920 3462 per
958 3394 1047 3447 ha·
1110 3392 1327 3444 rendum
1368 3396 1534 3461 potius
1586 3400 1753 3454 esset,
1809 3408 1902 3445 cur
1941 3391 2103 3445 Adam

30 3461 300 3542 9ιι5ιιιιιιιι
338 3463 627 3519 extinctum
666 3464 779 3519 fuit.

31 3740 103 3860 ἒ
120 3755 121 3759 ’

86 3814 119 3860 ‘³1

1111 3473 1163 3520 et
1204 3474 1441 3527 parentes
1468 3468 1730 3522 iustificati
1759 3482 1860 3520 non
1888 3465 2104 3519 eandem
