<?xml version="1.0" encoding="UTF-8"?>
<!DOCTYPE html PUBLIC "-//W3C//DTD XHTML 1.0 Transitional//EN"
    "http://www.w3.org/TR/xhtml1/DTD/xhtml1-transitional.dtd">
<html xmlns="http://www.w3.org/1999/xhtml" xml:lang="en" lang="en">
 <head>
  <title>
</title>
<meta http-equiv="Content-Type" content="text/html;charset=utf-8" />
  <meta name='ocr-system' content='tesseract 3.04.00' />
  <meta name='ocr-capabilities' content='ocr_page ocr_carea ocr_par ocr_line ocrx_word'/>
</head>
<body>
  <div class='ocr_page' id='page_1' title='image "./theologiae00knoluoft_0465.png"; bbox 0 0 2332 3860; ppageno 0'>
   <div class='ocr_carea' id='block_1_1' title="bbox 0 0 134 163">
    <p class='ocr_par' dir='ltr' id='par_1_1' title="bbox 0 0 134 163">
     <span class='ocr_line' id='line_1_1' title="bbox 0 0 134 30; baseline -0.007 -15"><span class='ocrx_word' id='word_1_1' title='bbox 0 0 11 15; x_wconf 82' lang='grc' dir='ltr'><strong><em>ν</em></strong></span> <span class='ocrx_word' id='word_1_2' title='bbox 80 0 134 30; x_wconf 33' lang='grc' dir='ltr'>κισ,</span> 
     </span>
     <span class='ocr_line' id='line_1_2' title="bbox 44 94 69 112; baseline 0 -3"><span class='ocrx_word' id='word_1_3' title='bbox 44 94 69 112; x_wconf 62' lang='grc'>0,·</span> 
     </span>
     <span class='ocr_line' id='line_1_3' title="bbox 28 122 86 137; baseline 0 -9"><span class='ocrx_word' id='word_1_4' title='bbox 28 127 58 137; x_wconf 34' lang='lat' dir='ltr'>x,</span> <span class='ocrx_word' id='word_1_5' title='bbox 84 122 86 128; x_wconf 93' lang='lat'>.</span> 
     </span>
     <span class='ocr_line' id='line_1_4' title="bbox 42 154 60 163; baseline 0 0"><span class='ocrx_word' id='word_1_6' title='bbox 42 154 60 163; x_wconf 64' lang='lat' dir='ltr'>v</span> 
     </span>
    </p>
   </div>
   <div class='ocr_carea' id='block_1_2' title="bbox 728 114 1484 170">
    <p class='ocr_par' dir='ltr' id='par_1_2' title="bbox 728 114 1484 170">
     <span class='ocr_line' id='line_1_5' title="bbox 728 114 1484 170; baseline -0.003 0"><span class='ocrx_word' id='word_1_7' title='bbox 728 131 844 170; x_wconf 66' lang='lat' dir='ltr'>uns</span> <span class='ocrx_word' id='word_1_8' title='bbox 880 132 953 170; x_wconf 85' lang='lat' dir='ltr'>m.</span> <span class='ocrx_word' id='word_1_9' title='bbox 997 131 1162 170; x_wconf 67' lang='lat' dir='ltr'>sum-10</span> <span class='ocrx_word' id='word_1_10' title='bbox 1187 114 1236 170; x_wconf 76' lang='grc' dir='ltr'>ἰ.</span> <span class='ocrx_word' id='word_1_11' title='bbox 1279 130 1386 168; x_wconf 66' lang='lat' dir='ltr'>cn.</span> <span class='ocrx_word' id='word_1_12' title='bbox 1430 130 1484 169; x_wconf 84' lang='lat' dir='ltr'>n.</span> 
     </span>
    </p>
   </div>
   <div class='ocr_carea' id='block_1_3' title="bbox 1944 112 2053 168">
    <p class='ocr_par' dir='ltr' id='par_1_3' title="bbox 1944 112 2053 168">
     <span class='ocr_line' id='line_1_6' title="bbox 1944 112 2053 168; baseline 0 0"><span class='ocrx_word' id='word_1_13' title='bbox 1944 112 2053 168; x_wconf 61' lang='lat'>45⁴7</span> 
     </span>
    </p>
   </div>
   <div class='ocr_carea' id='block_1_4' title="bbox 26 208 2129 575">
    <p class='ocr_par' dir='ltr' id='par_1_4' title="bbox 26 208 2129 575">
     <span class='ocr_line' id='line_1_7' title="bbox 26 208 2126 280; baseline -0.004 -9"><span class='ocrx_word' id='word_1_14' title='bbox 26 211 54 250; x_wconf 71' lang='lat'>‘-</span> <span class='ocrx_word' id='word_1_15' title='bbox 89 222 254 280; x_wconf 78' lang='lat' dir='ltr'>stum,</span> <span class='ocrx_word' id='word_1_16' title='bbox 293 213 498 269; x_wconf 66' lang='lat' dir='ltr'>eundem</span> <span class='ocrx_word' id='word_1_17' title='bbox 533 212 775 267; x_wconf 70' lang='lat' dir='ltr'>nimirum</span> <span class='ocrx_word' id='word_1_18' title='bbox 817 213 971 265; x_wconf 81' lang='lat' dir='ltr'>Deum</span> <span class='ocrx_word' id='word_1_19' title='bbox 1007 213 1072 266; x_wconf 77' lang='lat' dir='ltr'>si·</span> <span class='ocrx_word' id='word_1_20' title='bbox 1134 212 1430 266; x_wconf 84' lang='lat' dir='ltr'><strong>humanam.</strong></span> <span class='ocrx_word' id='word_1_21' title='bbox 1488 208 1552 264; x_wconf 87' lang='lat' dir='ltr'>Et</span> <span class='ocrx_word' id='word_1_22' title='bbox 1595 215 1736 264; x_wconf 87' lang='lat' dir='ltr'>certe</span> <span class='ocrx_word' id='word_1_23' title='bbox 1794 215 1979 263; x_wconf 86' lang='lat' dir='ltr'>natura</span> <span class='ocrx_word' id='word_1_24' title='bbox 2036 210 2126 264; x_wconf 85' lang='lat' dir='ltr'>hu·</span> 
     </span>
     <span class='ocr_line' id='line_1_8' title="bbox 88 283 2126 358; baseline -0.004 -13"><span class='ocrx_word' id='word_1_25' title='bbox 88 291 192 345; x_wconf 81' lang='lat' dir='ltr'>mul</span> <span class='ocrx_word' id='word_1_26' title='bbox 226 297 270 345; x_wconf 74' lang='lat' dir='ltr'>et</span> <span class='ocrx_word' id='word_1_27' title='bbox 309 291 568 347; x_wconf 77' lang='lat' dir='ltr'>hommem,</span> <span class='ocrx_word' id='word_1_28' title='bbox 611 288 867 341; x_wconf 68' lang='lat' dir='ltr'>catathema</span> <span class='ocrx_word' id='word_1_29' title='bbox 913 289 1074 341; x_wconf 79' lang='lat' dir='ltr'>sit.—-</span> <span class='ocrx_word' id='word_1_30' title='bbox 1136 302 1289 342; x_wconf 87' lang='lat' dir='ltr'>mana</span> <span class='ocrx_word' id='word_1_31' title='bbox 1327 284 1513 338; x_wconf 83' lang='lat' dir='ltr'>Christi</span> <span class='ocrx_word' id='word_1_32' title='bbox 1557 300 1656 358; x_wconf 76' lang='lat' dir='ltr'>non</span> <span class='ocrx_word' id='word_1_33' title='bbox 1696 289 1776 338; x_wconf 90' lang='lat' dir='ltr'>est</span> <span class='ocrx_word' id='word_1_34' title='bbox 1815 284 2026 337; x_wconf 91' lang='lat' dir='ltr'>minoris</span> <span class='ocrx_word' id='word_1_35' title='bbox 2054 283 2126 337; x_wconf 90' lang='lat' dir='ltr'>di-</span> 
     </span>
     <span class='ocr_line' id='line_1_9' title="bbox 39 359 2129 427; baseline -0.002 -13"><span class='ocrx_word' id='word_1_36' title='bbox 39 360 366 420; x_wconf 68' lang='lat' dir='ltr'>‘Concilium</span> <span class='ocrx_word' id='word_1_37' title='bbox 418 360 793 415; x_wconf 73' lang='lat' dir='ltr'>chalcedonense</span> <span class='ocrx_word' id='word_1_38' title='bbox 849 369 963 415; x_wconf 85' lang='lat' dir='ltr'>acta</span> <span class='ocrx_word' id='word_1_39' title='bbox 1024 363 1072 414; x_wconf 93' lang='lat' dir='ltr'>in</span> <span class='ocrx_word' id='word_1_40' title='bbox 1136 360 1447 427; x_wconf 66' lang='lat' dir='ltr'>gustatis-ac</span> <span class='ocrx_word' id='word_1_41' title='bbox 1484 365 1680 412; x_wconf 83' lang='lat' dir='ltr'>nostra:</span> <span class='ocrx_word' id='word_1_42' title='bbox 1711 359 1851 427; x_wconf 87' lang='lat' dir='ltr'>atqui</span> <span class='ocrx_word' id='word_1_43' title='bbox 1891 374 2129 426; x_wconf 89' lang='lat' dir='ltr'>persona-</span> 
     </span>
     <span class='ocr_line' id='line_1_10' title="bbox 88 432 2126 506; baseline -0.004 -14"><span class='ocrx_word' id='word_1_44' title='bbox 88 436 240 492; x_wconf 84' lang='lat' dir='ltr'>Conc.</span> <span class='ocrx_word' id='word_1_45' title='bbox 274 436 529 506; x_wconf 86' lang='lat' dir='ltr'>Ephesiuo</span> <span class='ocrx_word' id='word_1_46' title='bbox 567 448 742 489; x_wconf 84' lang='lat' dir='ltr'>contra</span> <span class='ocrx_word' id='word_1_47' title='bbox 785 436 1075 490; x_wconf 82' lang='lat' dir='ltr'>Nestorium</span> <span class='ocrx_word' id='word_1_48' title='bbox 1140 436 1255 488; x_wconf 86' lang='lat' dir='ltr'>titas</span> <span class='ocrx_word' id='word_1_49' title='bbox 1296 433 1377 486; x_wconf 88' lang='lat' dir='ltr'>vel</span> <span class='ocrx_word' id='word_1_50' title='bbox 1418 434 1645 486; x_wconf 82' lang='lat' dir='ltr'><strong>maxime</strong></span> <span class='ocrx_word' id='word_1_51' title='bbox 1686 435 1908 502; x_wconf 82' lang='lat' dir='ltr'><strong>pertinet</strong></span> <span class='ocrx_word' id='word_1_52' title='bbox 1946 432 2011 485; x_wconf 90' lang='lat' dir='ltr'>ad</span> <span class='ocrx_word' id='word_1_53' title='bbox 2038 448 2126 485; x_wconf 86' lang='lat' dir='ltr'>na·</span> 
     </span>
     <span class='ocr_line' id='line_1_11' title="bbox 88 508 2128 575; baseline -0.004 -9"><span class='ocrx_word' id='word_1_54' title='bbox 88 512 439 572; x_wconf 86' lang='lat' dir='ltr'>confirmavit,</span> <span class='ocrx_word' id='word_1_55' title='bbox 484 518 536 564; x_wconf 91' lang='lat' dir='ltr'>et</span> <span class='ocrx_word' id='word_1_56' title='bbox 586 519 687 564; x_wconf 89' lang='lat' dir='ltr'>act.</span> <span class='ocrx_word' id='word_1_57' title='bbox 735 511 766 563; x_wconf 77' lang='lat'>5</span> <span class='ocrx_word' id='word_1_58' title='bbox 818 510 1073 563; x_wconf 80' lang='lat' dir='ltr'>Christum</span> <span class='ocrx_word' id='word_1_59' title='bbox 1141 515 1285 562; x_wconf 87' lang='lat' dir='ltr'>turae</span> <span class='ocrx_word' id='word_1_60' title='bbox 1340 515 1545 562; x_wconf 90' lang='lat' dir='ltr'>nostrae</span> <span class='ocrx_word' id='word_1_61' title='bbox 1604 508 1943 575; x_wconf 88' lang='lat' dir='ltr'>dignitatem:</span> <span class='ocrx_word' id='word_1_62' title='bbox 2006 522 2128 574; x_wconf 85' lang='lat' dir='ltr'>ergo</span> 
     </span>
    </p>
   </div>
   <div class='ocr_carea' id='block_1_5' title="bbox 65 585 1083 3558">
    <p class='ocr_par' dir='ltr' id='par_1_5' title="bbox 80 585 1077 935">
     <span class='ocr_line' id='line_1_12' title="bbox 87 585 1076 657; baseline -0.004 -18"><span class='ocrx_word' id='word_1_63' title='bbox 87 586 354 657; x_wconf 79' lang='lat' dir='ltr'>profitetur</span> <span class='ocrx_word' id='word_1_64' title='bbox 410 602 507 638; x_wconf 77' lang='lat' dir='ltr'>non</span> <span class='ocrx_word' id='word_1_65' title='bbox 565 585 618 638; x_wconf 78' lang='lat' dir='ltr'>in</span> <span class='ocrx_word' id='word_1_66' title='bbox 668 587 795 639; x_wconf 79' lang='lat' dir='ltr'>duas</span> <span class='ocrx_word' id='word_1_67' title='bbox 846 601 1076 654; x_wconf 78' lang='lat' dir='ltr'><em>personas</em></span> 
     </span>
     <span class='ocr_line' id='line_1_13' title="bbox 80 659 1075 732; baseline -0.004 -19"><span class='ocrx_word' id='word_1_68' title='bbox 80 661 318 732; x_wconf 79' lang='lat' dir='ltr'>partitum</span> <span class='ocrx_word' id='word_1_69' title='bbox 369 669 452 712; x_wconf 77' lang='lat' dir='ltr'>aut</span> <span class='ocrx_word' id='word_1_70' title='bbox 500 659 748 722; x_wconf 78' lang='lat' dir='ltr'>divisum,</span> <span class='ocrx_word' id='word_1_71' title='bbox 791 660 871 711; x_wconf 80' lang='lat' dir='ltr'>sed</span> <span class='ocrx_word' id='word_1_72' title='bbox 923 675 1075 710; x_wconf 79' lang='lat' dir='ltr'>unum</span> 
     </span>
     <span class='ocr_line' id='line_1_14' title="bbox 84 733 1077 802; baseline -0.004 -14"><span class='ocrx_word' id='word_1_73' title='bbox 84 736 378 802; x_wconf 75' lang='lat' dir='ltr'>eundemque</span> <span class='ocrx_word' id='word_1_74' title='bbox 434 733 621 786; x_wconf 69' lang='lat' dir='ltr'>Filium</span> <span class='ocrx_word' id='word_1_75' title='bbox 675 742 718 786; x_wconf 81' lang='lat' dir='ltr'>el</span> <span class='ocrx_word' id='word_1_76' title='bbox 774 734 1077 802; x_wconf 73' lang='lat' dir='ltr'>uniqenicum</span> 
     </span>
     <span class='ocr_line' id='line_1_15' title="bbox 90 807 1076 876; baseline -0.003 -15"><span class='ocrx_word' id='word_1_77' title='bbox 90 808 239 876; x_wconf 80' lang='lat' dir='ltr'>Deum</span> <span class='ocrx_word' id='word_1_78' title='bbox 299 808 540 871; x_wconf 83' lang='lat' dir='ltr'>Verbum,</span> <span class='ocrx_word' id='word_1_79' title='bbox 596 808 859 860; x_wconf 79' lang='lat' dir='ltr'>Dominum</span> <span class='ocrx_word' id='word_1_80' title='bbox 917 807 1076 861; x_wconf 83' lang='lat' dir='ltr'>lesum</span> 
     </span>
     <span class='ocr_line' id='line_1_16' title="bbox 85 881 356 935; baseline -0.004 0"><span class='ocrx_word' id='word_1_81' title='bbox 85 881 356 935; x_wconf 76' lang='lat' dir='ltr'><strong><em>Christum.</em></strong></span> 
     </span>
    </p>

    <p class='ocr_par' dir='ltr' id='par_1_6' title="bbox 65 954 1079 2514">
     <span class='ocr_line' id='line_1_17' title="bbox 157 954 1076 1010; baseline -0.003 0"><span class='ocrx_word' id='word_1_82' title='bbox 157 957 211 1010; x_wconf 82' lang='lat'>5.</span> <span class='ocrx_word' id='word_1_83' title='bbox 254 956 304 1009; x_wconf 91' lang='lat' dir='ltr'>Si</span> <span class='ocrx_word' id='word_1_84' title='bbox 345 956 475 1008; x_wconf 82' lang='lat' dir='ltr'><strong>duae</strong></span> <span class='ocrx_word' id='word_1_85' title='bbox 522 957 574 1008; x_wconf 90' lang='lat' dir='ltr'>in</span> <span class='ocrx_word' id='word_1_86' title='bbox 632 954 836 1008; x_wconf 83' lang='lat' dir='ltr'>Christo</span> <span class='ocrx_word' id='word_1_87' title='bbox 894 955 1076 1008; x_wconf 90' lang='lat' dir='ltr'>admit-</span> 
     </span>
     <span class='ocr_line' id='line_1_18' title="bbox 87 1037 1074 1100; baseline -0.003 -16"><span class='ocrx_word' id='word_1_88' title='bbox 87 1037 268 1084; x_wconf 87' lang='lat' dir='ltr'>tuntur</span> <span class='ocrx_word' id='word_1_89' title='bbox 310 1047 592 1100; x_wconf 81' lang='lat' dir='ltr'>personae,</span> <span class='ocrx_word' id='word_1_90' title='bbox 645 1047 851 1099; x_wconf 91' lang='lat' dir='ltr'>prorsus</span> <span class='ocrx_word' id='word_1_91' title='bbox 903 1038 1074 1082; x_wconf 87' lang='lat' dir='ltr'>aetum</span> 
     </span>
     <span class='ocr_line' id='line_1_19' title="bbox 85 1104 1074 1173; baseline -0.003 -14"><span class='ocrx_word' id='word_1_92' title='bbox 85 1113 161 1159; x_wconf 88' lang='lat' dir='ltr'>est</span> <span class='ocrx_word' id='word_1_93' title='bbox 207 1106 269 1158; x_wconf 92' lang='lat' dir='ltr'>de</span> <span class='ocrx_word' id='word_1_94' title='bbox 320 1106 523 1173; x_wconf 86' lang='lat' dir='ltr'>generis</span> <span class='ocrx_word' id='word_1_95' title='bbox 583 1104 794 1158; x_wconf 89' lang='lat' dir='ltr'>humani</span> <span class='ocrx_word' id='word_1_96' title='bbox 858 1104 1074 1157; x_wconf 88' lang='lat' dir='ltr'>Redem-</span> 
     </span>
     <span class='ocr_line' id='line_1_20' title="bbox 86 1179 1078 1249; baseline -0.004 -15"><span class='ocrx_word' id='word_1_97' title='bbox 86 1181 274 1249; x_wconf 89' lang='lat' dir='ltr'>ptione.</span> <span class='ocrx_word' id='word_1_98' title='bbox 318 1180 508 1232; x_wconf 89' lang='lat' dir='ltr'>Neutra</span> <span class='ocrx_word' id='word_1_99' title='bbox 548 1181 683 1233; x_wconf 82' lang='lat' dir='ltr'>enim</span> <span class='ocrx_word' id='word_1_100' title='bbox 725 1197 788 1232; x_wconf 87' lang='lat' dir='ltr'>ex</span> <span class='ocrx_word' id='word_1_101' title='bbox 833 1179 930 1231; x_wconf 90' lang='lat' dir='ltr'>illis</span> <span class='ocrx_word' id='word_1_102' title='bbox 958 1180 1078 1231; x_wconf 87' lang='lat' dir='ltr'>dua-</span> 
     </span>
     <span class='ocr_line' id='line_1_21' title="bbox 85 1255 1076 1322; baseline -0.001 -15"><span class='ocrx_word' id='word_1_103' title='bbox 85 1255 178 1308; x_wconf 90' lang='lat' dir='ltr'>bus</span> <span class='ocrx_word' id='word_1_104' title='bbox 220 1259 445 1322; x_wconf 87' lang='lat' dir='ltr'>personis</span> <span class='ocrx_word' id='word_1_105' title='bbox 489 1256 650 1321; x_wconf 90' lang='lat' dir='ltr'>potuit</span> <span class='ocrx_word' id='word_1_106' title='bbox 689 1271 779 1307; x_wconf 91' lang='lat' dir='ltr'>nos</span> <span class='ocrx_word' id='word_1_107' title='bbox 804 1271 834 1306; x_wconf 82' lang='lat' dir='ltr'>a</span> <span class='ocrx_word' id='word_1_108' title='bbox 871 1261 1076 1321; x_wconf 88' lang='lat' dir='ltr'>peccato</span> 
     </span>
     <span class='ocr_line' id='line_1_22' title="bbox 86 1328 1073 1397; baseline 0 -17"><span class='ocrx_word' id='word_1_109' title='bbox 86 1330 355 1381; x_wconf 75' lang='lat' dir='ltr'>redimere.</span> <span class='ocrx_word' id='word_1_110' title='bbox 403 1329 511 1381; x_wconf 92' lang='lat' dir='ltr'>Non</span> <span class='ocrx_word' id='word_1_111' title='bbox 554 1328 725 1380; x_wconf 90' lang='lat' dir='ltr'>divina</span> <span class='ocrx_word' id='word_1_112' title='bbox 753 1370 765 1390; x_wconf 92' lang='lat'>,</span> <span class='ocrx_word' id='word_1_113' title='bbox 810 1330 926 1397; x_wconf 84' lang='lat' dir='ltr'>quia</span> <span class='ocrx_word' id='word_1_114' title='bbox 978 1347 1073 1381; x_wconf 90' lang='lat' dir='ltr'>non</span> 
     </span>
     <span class='ocr_line' id='line_1_23' title="bbox 87 1404 1079 1471; baseline -0.001 -15"><span class='ocrx_word' id='word_1_115' title='bbox 87 1405 250 1471; x_wconf 89' lang='lat' dir='ltr'>potuit</span> <span class='ocrx_word' id='word_1_116' title='bbox 292 1404 391 1471; x_wconf 89' lang='lat' dir='ltr'>pati</span> <span class='ocrx_word' id='word_1_117' title='bbox 436 1419 527 1455; x_wconf 91' lang='lat' dir='ltr'>nec</span> <span class='ocrx_word' id='word_1_118' title='bbox 571 1420 657 1470; x_wconf 91' lang='lat' dir='ltr'>pro</span> <span class='ocrx_word' id='word_1_119' title='bbox 700 1404 844 1456; x_wconf 78' lang='lat' dir='ltr'>nobis</span> <span class='ocrx_word' id='word_1_120' title='bbox 883 1404 1079 1455; x_wconf 84' lang='lat' dir='ltr'>satisfa-</span> 
     </span>
     <span class='ocr_line' id='line_1_24' title="bbox 86 1477 1076 1546; baseline 0 -17"><span class='ocrx_word' id='word_1_121' title='bbox 86 1493 223 1543; x_wconf 81' lang='lat' dir='ltr'>cere3</span> <span class='ocrx_word' id='word_1_122' title='bbox 271 1495 368 1530; x_wconf 91' lang='lat' dir='ltr'>non</span> <span class='ocrx_word' id='word_1_123' title='bbox 412 1477 658 1538; x_wconf 87' lang='lat' dir='ltr'>humana,</span> <span class='ocrx_word' id='word_1_124' title='bbox 704 1480 820 1546; x_wconf 87' lang='lat' dir='ltr'>quia</span> <span class='ocrx_word' id='word_1_125' title='bbox 863 1494 961 1531; x_wconf 89' lang='lat' dir='ltr'>non</span> <span class='ocrx_word' id='word_1_126' title='bbox 995 1496 1076 1545; x_wconf 85' lang='lat' dir='ltr'>po-</span> 
     </span>
     <span class='ocr_line' id='line_1_25' title="bbox 84 1553 1076 1619; baseline 0.001 -16"><span class='ocrx_word' id='word_1_127' title='bbox 84 1553 182 1603; x_wconf 93' lang='lat' dir='ltr'>tuit</span> <span class='ocrx_word' id='word_1_128' title='bbox 223 1554 454 1604; x_wconf 80' lang='lat' dir='ltr'>conferre</span> <span class='ocrx_word' id='word_1_129' title='bbox 496 1554 733 1619; x_wconf 85' lang='lat' dir='ltr'>operibus</span> <span class='ocrx_word' id='word_1_130' title='bbox 774 1553 878 1604; x_wconf 88' lang='lat' dir='ltr'>suis</span> <span class='ocrx_word' id='word_1_131' title='bbox 931 1555 1076 1604; x_wconf 86' lang='lat' dir='ltr'>satis-</span> 
     </span>
     <span class='ocr_line' id='line_1_26' title="bbox 84 1626 1078 1695; baseline 0 -17"><span class='ocrx_word' id='word_1_132' title='bbox 84 1626 309 1679; x_wconf 80' lang='lat' dir='ltr'>factoriis</span> <span class='ocrx_word' id='word_1_133' title='bbox 336 1627 564 1678; x_wconf 86' lang='lat' dir='ltr'>valorem</span> <span class='ocrx_word' id='word_1_134' title='bbox 594 1628 869 1687; x_wconf 86' lang='lat' dir='ltr'>infinitum,</span> <span class='ocrx_word' id='word_1_135' title='bbox 914 1628 1078 1695; x_wconf 81' lang='lat' dir='ltr'>qualis</span> 
     </span>
     <span class='ocr_line' id='line_1_27' title="bbox 84 1701 1076 1769; baseline 0 -17"><span class='ocrx_word' id='word_1_136' title='bbox 84 1701 146 1752; x_wconf 85' lang='lat' dir='ltr'>ad</span> <span class='ocrx_word' id='word_1_137' title='bbox 192 1702 592 1767; x_wconf 77' lang='lat' dir='ltr'>redemptionem</span> <span class='ocrx_word' id='word_1_138' title='bbox 637 1711 860 1755; x_wconf 84' lang='lat' dir='ltr'>nostram</span> <span class='ocrx_word' id='word_1_139' title='bbox 913 1704 1076 1769; x_wconf 86' lang='lat' dir='ltr'>requi·</span> 
     </span>
     <span class='ocr_line' id='line_1_28' title="bbox 87 1774 1073 1842; baseline 0.002 -16"><span class='ocrx_word' id='word_1_140' title='bbox 87 1776 310 1827; x_wconf 88' lang='lat' dir='ltr'>rebatur.</span> <span class='ocrx_word' id='word_1_141' title='bbox 348 1775 441 1826; x_wconf 82' lang='lat' dir='ltr'>Per</span> <span class='ocrx_word' id='word_1_142' title='bbox 471 1776 677 1842; x_wconf 82' lang='lat' dir='ltr'>impiam</span> <span class='ocrx_word' id='word_1_143' title='bbox 707 1792 828 1842; x_wconf 84' lang='lat' dir='ltr'>ergo</span> <span class='ocrx_word' id='word_1_144' title='bbox 858 1774 1073 1828; x_wconf 83' lang='lat' dir='ltr'>Nestorii</span> 
     </span>
     <span class='ocr_line' id='line_1_29' title="bbox 85 1849 1077 1902; baseline -0.001 0"><span class='ocrx_word' id='word_1_145' title='bbox 85 1849 369 1902; x_wconf 80' lang='lat' dir='ltr'>doctrinam</span> <span class='ocrx_word' id='word_1_146' title='bbox 413 1855 515 1901; x_wconf 88' lang='lat' dir='ltr'>tota</span> <span class='ocrx_word' id='word_1_147' title='bbox 558 1854 850 1901; x_wconf 83' lang='lat' dir='ltr'>oeconomia</span> <span class='ocrx_word' id='word_1_148' title='bbox 882 1852 1077 1902; x_wconf 87' lang='lat' dir='ltr'>redem-</span> 
     </span>
     <span class='ocr_line' id='line_1_30' title="bbox 87 1924 1076 1992; baseline 0.002 -17"><span class='ocrx_word' id='word_1_149' title='bbox 87 1925 272 1992; x_wconf 88' lang='lat' dir='ltr'>ptionis</span> <span class='ocrx_word' id='word_1_150' title='bbox 311 1925 514 1989; x_wconf 79' lang='lat' dir='ltr'>generis</span> <span class='ocrx_word' id='word_1_151' title='bbox 570 1924 777 1976; x_wconf 86' lang='lat' dir='ltr'>humani</span> <span class='ocrx_word' id='word_1_152' title='bbox 827 1926 1076 1977; x_wconf 87' lang='lat' dir='ltr'>subverti-</span> 
     </span>
     <span class='ocr_line' id='line_1_31' title="bbox 86 1997 1075 2066; baseline 0.001 -15"><span class='ocrx_word' id='word_1_153' title='bbox 86 2004 188 2051; x_wconf 90' lang='lat' dir='ltr'>tur.</span> <span class='ocrx_word' id='word_1_154' title='bbox 233 1998 332 2051; x_wconf 88' lang='lat' dir='ltr'>Sed</span> <span class='ocrx_word' id='word_1_155' title='bbox 374 2015 439 2050; x_wconf 84' lang='lat' dir='ltr'>ex</span> <span class='ocrx_word' id='word_1_156' title='bbox 477 1997 742 2066; x_wconf 83' lang='lat' dir='ltr'>Scriptura</span> <span class='ocrx_word' id='word_1_157' title='bbox 782 2005 926 2052; x_wconf 82' lang='lat' dir='ltr'>etex</span> <span class='ocrx_word' id='word_1_158' title='bbox 954 2000 1075 2052; x_wconf 86' lang='lat' dir='ltr'>Tra-</span> 
     </span>
     <span class='ocr_line' id='line_1_32' title="bbox 88 2072 1079 2132; baseline 0.003 -8"><span class='ocrx_word' id='word_1_159' title='bbox 88 2072 298 2132; x_wconf 86' lang='lat' dir='ltr'>ditione,</span> <span class='ocrx_word' id='word_1_160' title='bbox 331 2079 386 2125; x_wconf 94' lang='lat' dir='ltr'>ut</span> <span class='ocrx_word' id='word_1_161' title='bbox 416 2074 625 2125; x_wconf 77' lang='lat' dir='ltr'>inferius</span> <span class='ocrx_word' id='word_1_162' title='bbox 654 2075 953 2126; x_wconf 85' lang='lat' dir='ltr'>ostendetur</span> <span class='ocrx_word' id='word_1_163' title='bbox 972 2091 1079 2126; x_wconf 89' lang='lat' dir='ltr'>cer-</span> 
     </span>
     <span class='ocr_line' id='line_1_33' title="bbox 87 2147 1076 2217; baseline 0.003 -19"><span class='ocrx_word' id='word_1_164' title='bbox 87 2147 278 2199; x_wconf 85' lang='lat' dir='ltr'>tissime</span> <span class='ocrx_word' id='word_1_165' title='bbox 319 2155 519 2199; x_wconf 87' lang='lat' dir='ltr'>constat</span> <span class='ocrx_word' id='word_1_166' title='bbox 558 2164 651 2199; x_wconf 89' lang='lat' dir='ltr'>nos</span> <span class='ocrx_word' id='word_1_167' title='bbox 693 2165 815 2199; x_wconf 91' lang='lat' dir='ltr'>vere</span> <span class='ocrx_word' id='word_1_168' title='bbox 855 2156 906 2201; x_wconf 87' lang='lat' dir='ltr'>et</span> <span class='ocrx_word' id='word_1_169' title='bbox 965 2167 1076 2217; x_wconf 92' lang='lat' dir='ltr'>per-</span> 
     </span>
     <span class='ocr_line' id='line_1_34' title="bbox 85 2221 1073 2291; baseline 0.003 -19"><span class='ocrx_word' id='word_1_170' title='bbox 85 2221 217 2274; x_wconf 84' lang='lat' dir='ltr'>fecte</span> <span class='ocrx_word' id='word_1_171' title='bbox 257 2238 283 2273; x_wconf 91' lang='lat' dir='ltr'>a</span> <span class='ocrx_word' id='word_1_172' title='bbox 328 2222 526 2274; x_wconf 87' lang='lat' dir='ltr'>Christo</span> <span class='ocrx_word' id='word_1_173' title='bbox 573 2222 862 2291; x_wconf 89' lang='lat' dir='ltr'>redemptos</span> <span class='ocrx_word' id='word_1_174' title='bbox 921 2239 1073 2276; x_wconf 86' lang='lat' dir='ltr'>esse:</span> 
     </span>
     <span class='ocr_line' id='line_1_35' title="bbox 65 2295 1071 2364; baseline 0.002 -16"><span class='ocrx_word' id='word_1_175' title='bbox 65 2311 207 2364; x_wconf 67' lang='lat' dir='ltr'>‘ergo</span> <span class='ocrx_word' id='word_1_176' title='bbox 247 2296 376 2348; x_wconf 81' lang='lat' dir='ltr'>falsa</span> <span class='ocrx_word' id='word_1_177' title='bbox 416 2303 493 2348; x_wconf 92' lang='lat' dir='ltr'>est</span> <span class='ocrx_word' id='word_1_178' title='bbox 531 2295 747 2348; x_wconf 88' lang='lat' dir='ltr'>Nestorii</span> <span class='ocrx_word' id='word_1_179' title='bbox 801 2298 1071 2362; x_wconf 81' lang='lat' dir='ltr'>doctrina3</span> 
     </span>
     <span class='ocr_line' id='line_1_36' title="bbox 86 2371 1077 2438; baseline 0.003 -16"><span class='ocrx_word' id='word_1_180' title='bbox 86 2385 207 2437; x_wconf 89' lang='lat' dir='ltr'>ergo</span> <span class='ocrx_word' id='word_1_181' title='bbox 236 2371 437 2422; x_wconf 89' lang='lat' dir='ltr'>nonnisi</span> <span class='ocrx_word' id='word_1_182' title='bbox 470 2371 619 2422; x_wconf 88' lang='lat' dir='ltr'>unica</span> <span class='ocrx_word' id='word_1_183' title='bbox 647 2378 725 2423; x_wconf 92' lang='lat' dir='ltr'>est</span> <span class='ocrx_word' id='word_1_184' title='bbox 751 2374 1077 2438; x_wconf 85' lang='lat' dir='ltr'>agnoscenda</span> 
     </span>
     <span class='ocr_line' id='line_1_37' title="bbox 86 2443 1072 2514; baseline 0.002 -17"><span class='ocrx_word' id='word_1_185' title='bbox 86 2444 138 2498; x_wconf 88' lang='lat' dir='ltr'>in</span> <span class='ocrx_word' id='word_1_186' title='bbox 179 2443 379 2497; x_wconf 90' lang='lat' dir='ltr'>Christo</span> <span class='ocrx_word' id='word_1_187' title='bbox 422 2461 636 2512; x_wconf 87' lang='lat' dir='ltr'>persona</span> <span class='ocrx_word' id='word_1_188' title='bbox 677 2461 837 2514; x_wconf 89' lang='lat' dir='ltr'>eaque</span> <span class='ocrx_word' id='word_1_189' title='bbox 878 2446 1072 2499; x_wconf 85' lang='lat' dir='ltr'>divina.</span> 
     </span>
    </p>

    <p class='ocr_par' dir='ltr' id='par_1_7' title="bbox 88 2518 1082 2883">
     <span class='ocr_line' id='line_1_38' title="bbox 159 2518 1078 2585; baseline 0.003 -15"><span class='ocrx_word' id='word_1_190' title='bbox 159 2518 314 2572; x_wconf 80' lang='lat' dir='ltr'>Nota.</span> <span class='ocrx_word' id='word_1_191' title='bbox 361 2518 526 2573; x_wconf 89' lang='lat' dir='ltr'>Variis</span> <span class='ocrx_word' id='word_1_192' title='bbox 566 2521 782 2585; x_wconf 84' lang='lat' dir='ltr'>argutiis</span> <span class='ocrx_word' id='word_1_193' title='bbox 823 2527 931 2572; x_wconf 92' lang='lat' dir='ltr'>tum</span> <span class='ocrx_word' id='word_1_194' title='bbox 983 2520 1078 2573; x_wconf 90' lang='lat' dir='ltr'>Ne-</span> 
     </span>
     <span class='ocr_line' id='line_1_39' title="bbox 88 2594 1077 2663; baseline 0.003 -18"><span class='ocrx_word' id='word_1_195' title='bbox 88 2594 320 2654; x_wconf 88' lang='lat' dir='ltr'>storiani,</span> <span class='ocrx_word' id='word_1_196' title='bbox 366 2600 472 2646; x_wconf 86' lang='lat' dir='ltr'>turn</span> <span class='ocrx_word' id='word_1_197' title='bbox 501 2594 584 2646; x_wconf 88' lang='lat' dir='ltr'>alii</span> <span class='ocrx_word' id='word_1_198' title='bbox 616 2594 865 2647; x_wconf 81' lang='lat' dir='ltr'>increduli</span> <span class='ocrx_word' id='word_1_199' title='bbox 897 2596 1077 2663; x_wconf 84' lang='lat' dir='ltr'>proba·</span> 
     </span>
     <span class='ocr_line' id='line_1_40' title="bbox 89 2668 1082 2737; baseline 0.003 -18"><span class='ocrx_word' id='word_1_200' title='bbox 89 2673 199 2719; x_wconf 89' lang='lat' dir='ltr'>tum</span> <span class='ocrx_word' id='word_1_201' title='bbox 239 2668 340 2720; x_wconf 91' lang='lat' dir='ltr'>iam</span> <span class='ocrx_word' id='word_1_202' title='bbox 381 2668 566 2737; x_wconf 82' lang='lat' dir='ltr'>dogma</span> <span class='ocrx_word' id='word_1_203' title='bbox 624 2669 934 2723; x_wconf 83' lang='lat' dir='ltr'>catholicum</span> <span class='ocrx_word' id='word_1_204' title='bbox 990 2672 1082 2722; x_wconf 90' lang='lat' dir='ltr'>im·</span> 
     </span>
     <span class='ocr_line' id='line_1_41' title="bbox 89 2743 1079 2812; baseline 0.007 -21"><span class='ocrx_word' id='word_1_205' title='bbox 89 2749 343 2808; x_wconf 78' lang='lat' dir='ltr'>pugnant,</span> <span class='ocrx_word' id='word_1_206' title='bbox 387 2758 603 2810; x_wconf 87' lang='lat' dir='ltr'>quorum</span> <span class='ocrx_word' id='word_1_207' title='bbox 643 2743 824 2812; x_wconf 89' lang='lat' dir='ltr'>impios</span> <span class='ocrx_word' id='word_1_208' title='bbox 863 2752 1079 2798; x_wconf 90' lang='lat' dir='ltr'>conatus</span> 
     </span>
     <span class='ocr_line' id='line_1_42' title="bbox 89 2815 538 2883; baseline 0.009 -17"><span class='ocrx_word' id='word_1_209' title='bbox 89 2815 281 2869; x_wconf 85' lang='lat' dir='ltr'>elidere</span> <span class='ocrx_word' id='word_1_210' title='bbox 320 2823 538 2883; x_wconf 88' lang='lat' dir='ltr'>opertet.</span> 
     </span>
    </p>

    <p class='ocr_par' dir='ltr' id='par_1_8' title="bbox 82 2887 1083 3558">
     <span class='ocr_line' id='line_1_43' title="bbox 163 2887 1075 2951; baseline 0.004 -10"><span class='ocrx_word' id='word_1_211' title='bbox 163 2887 263 2943; x_wconf 60' lang='lat'>055.</span> <span class='ocrx_word' id='word_1_212' title='bbox 330 2891 413 2942; x_wconf 54' lang='lat' dir='ltr'>ta*</span> <span class='ocrx_word' id='word_1_213' title='bbox 475 2889 527 2943; x_wconf 91' lang='lat' dir='ltr'>Si</span> <span class='ocrx_word' id='word_1_214' title='bbox 599 2898 782 2945; x_wconf 87' lang='lat' dir='ltr'>natura</span> <span class='ocrx_word' id='word_1_215' title='bbox 849 2909 1075 2951; x_wconf 90' lang='lat' dir='ltr'>umana‚</span> 
     </span>
     <span class='ocr_line' id='line_1_44' title="bbox 91 2963 1079 3033; baseline 0.005 -18"><span class='ocrx_word' id='word_1_216' title='bbox 91 2978 207 3015; x_wconf 92' lang='lat' dir='ltr'>cum</span> <span class='ocrx_word' id='word_1_217' title='bbox 235 2980 335 3033; x_wconf 89' lang='lat' dir='ltr'>qua</span> <span class='ocrx_word' id='word_1_218' title='bbox 364 2963 588 3019; x_wconf 88' lang='lat' dir='ltr'>Verbum</span> <span class='ocrx_word' id='word_1_219' title='bbox 617 2966 850 3019; x_wconf 89' lang='lat' dir='ltr'>divinum</span> <span class='ocrx_word' id='word_1_220' title='bbox 882 2970 1079 3020; x_wconf 91' lang='lat' dir='ltr'>unitum</span> 
     </span>
     <span class='ocr_line' id='line_1_45' title="bbox 82 3036 1078 3106; baseline 0.004 -16"><span class='ocrx_word' id='word_1_221' title='bbox 82 3036 224 3100; x_wconf 82' lang='lat' dir='ltr'>-fuit,</span> <span class='ocrx_word' id='word_1_222' title='bbox 267 3045 344 3091; x_wconf 91' lang='lat' dir='ltr'>est</span> <span class='ocrx_word' id='word_1_223' title='bbox 391 3039 621 3106; x_wconf 78' lang='lat' dir='ltr'>integra,</span> <span class='ocrx_word' id='word_1_224' title='bbox 684 3043 971 3095; x_wconf 90' lang='lat' dir='ltr'>necessario</span> <span class='ocrx_word' id='word_1_225' title='bbox 1026 3043 1078 3094; x_wconf 92' lang='lat' dir='ltr'>in</span> 
     </span>
     <span class='ocr_line' id='line_1_46' title="bbox 93 3111 1082 3185; baseline 0.005 -22"><span class='ocrx_word' id='word_1_226' title='bbox 93 3111 272 3165; x_wconf 87' lang='lat' dir='ltr'>eadem</span> <span class='ocrx_word' id='word_1_227' title='bbox 310 3115 635 3181; x_wconf 82' lang='lat' dir='ltr'>agnoscenda</span> <span class='ocrx_word' id='word_1_228' title='bbox 673 3123 751 3168; x_wconf 90' lang='lat' dir='ltr'>est</span> <span class='ocrx_word' id='word_1_229' title='bbox 790 3118 942 3169; x_wconf 89' lang='lat' dir='ltr'>etiam</span> <span class='ocrx_word' id='word_1_230' title='bbox 973 3132 1082 3185; x_wconf 88' lang='lat' dir='ltr'>per·</span> 
     </span>
     <span class='ocr_line' id='line_1_47' title="bbox 93 3190 1078 3260; baseline 0.006 -22"><span class='ocrx_word' id='word_1_231' title='bbox 93 3200 237 3240; x_wconf 86' lang='lat' dir='ltr'>sona.</span> <span class='ocrx_word' id='word_1_232' title='bbox 281 3191 468 3241; x_wconf 90' lang='lat' dir='ltr'>Anima</span> <span class='ocrx_word' id='word_1_233' title='bbox 507 3190 645 3242; x_wconf 90' lang='lat' dir='ltr'>enim</span> <span class='ocrx_word' id='word_1_234' title='bbox 693 3192 836 3244; x_wconf 88' lang='lat' dir='ltr'>unita</span> <span class='ocrx_word' id='word_1_235' title='bbox 883 3192 1078 3260; x_wconf 86' lang='lat' dir='ltr'>corpori</span> 
     </span>
     <span class='ocr_line' id='line_1_48' title="bbox 96 3261 1076 3331; baseline 0.006 -20"><span class='ocrx_word' id='word_1_236' title='bbox 96 3261 360 3315; x_wconf 79' lang='lat' dir='ltr'>constituit</span> <span class='ocrx_word' id='word_1_237' title='bbox 424 3279 690 3331; x_wconf 88' lang='lat' dir='ltr'>personam</span> <span class='ocrx_word' id='word_1_238' title='bbox 766 3264 1076 3329; x_wconf 85' lang='lat' dir='ltr'>humanam3</span> 
     </span>
     <span class='ocr_line' id='line_1_49' title="bbox 97 3336 1083 3408; baseline 0.006 -22"><span class='ocrx_word' id='word_1_239' title='bbox 97 3348 219 3402; x_wconf 87' lang='lat' dir='ltr'>ergo</span> <span class='ocrx_word' id='word_1_240' title='bbox 257 3337 299 3388; x_wconf 89' lang='lat' dir='ltr'>si</span> <span class='ocrx_word' id='word_1_241' title='bbox 349 3336 574 3391; x_wconf 89' lang='lat' dir='ltr'>Verbum</span> <span class='ocrx_word' id='word_1_242' title='bbox 639 3341 915 3408; x_wconf 82' lang='lat' dir='ltr'>assumpsit</span> <span class='ocrx_word' id='word_1_243' title='bbox 977 3340 1083 3392; x_wconf 92' lang='lat' dir='ltr'>ani·</span> 
     </span>
     <span class='ocr_line' id='line_1_50' title="bbox 99 3408 1083 3483; baseline 0.009 -25"><span class='ocrx_word' id='word_1_244' title='bbox 99 3422 238 3461; x_wconf 88' lang='lat' dir='ltr'>mam</span> <span class='ocrx_word' id='word_1_245' title='bbox 276 3408 553 3465; x_wconf 88' lang='lat' dir='ltr'>humanam</span> <span class='ocrx_word' id='word_1_246' title='bbox 594 3421 646 3467; x_wconf 91' lang='lat' dir='ltr'>et</span> <span class='ocrx_word' id='word_1_247' title='bbox 683 3430 867 3483; x_wconf 90' lang='lat' dir='ltr'>corpus</span> <span class='ocrx_word' id='word_1_248' title='bbox 906 3414 1083 3467; x_wconf 87' lang='lat' dir='ltr'>huma·</span> 
     </span>
     <span class='ocr_line' id='line_1_51' title="bbox 98 3484 1082 3558; baseline 0.006 -25"><span class='ocrx_word' id='word_1_249' title='bbox 98 3495 243 3546; x_wconf 84' lang='lat' dir='ltr'>num,</span> <span class='ocrx_word' id='word_1_250' title='bbox 285 3498 345 3537; x_wconf 88' lang='lat' dir='ltr'>eo</span> <span class='ocrx_word' id='word_1_251' title='bbox 371 3484 478 3556; x_wconf 89' lang='lat' dir='ltr'>ipso</span> <span class='ocrx_word' id='word_1_252' title='bbox 503 3489 779 3558; x_wconf 84' lang='lat' dir='ltr'>assumpsit</span> <span class='ocrx_word' id='word_1_253' title='bbox 809 3499 1082 3558; x_wconf 79' lang='lat' dir='ltr'>personam</span> 
     </span>
    </p>
   </div>
   <div class='ocr_carea' id='block_1_6' title="bbox 1137 580 2140 3544">
    <p class='ocr_par' dir='ltr' id='par_1_9' title="bbox 1137 580 2131 947">
     <span class='ocr_line' id='line_1_52' title="bbox 1140 580 2130 650; baseline -0.004 -14"><span class='ocrx_word' id='word_1_254' title='bbox 1140 583 1302 636; x_wconf 84' lang='lat' dir='ltr'>multo</span> <span class='ocrx_word' id='word_1_255' title='bbox 1340 583 1506 650; x_wconf 84' lang='lat' dir='ltr'>magis</span> <span class='ocrx_word' id='word_1_256' title='bbox 1546 589 1657 634; x_wconf 89' lang='lat' dir='ltr'>erat</span> <span class='ocrx_word' id='word_1_257' title='bbox 1699 584 1750 634; x_wconf 92' lang='lat' dir='ltr'>in</span> <span class='ocrx_word' id='word_1_258' title='bbox 1787 580 1988 634; x_wconf 90' lang='lat' dir='ltr'>Christo</span> <span class='ocrx_word' id='word_1_259' title='bbox 2017 597 2130 648; x_wconf 89' lang='lat' dir='ltr'>per·-</span> 
     </span>
     <span class='ocr_line' id='line_1_53' title="bbox 1137 655 2131 718; baseline -0.002 -8"><span class='ocrx_word' id='word_1_260' title='bbox 1137 674 1262 711; x_wconf 88' lang='lat' dir='ltr'>sona</span> <span class='ocrx_word' id='word_1_261' title='bbox 1304 657 1524 710; x_wconf 90' lang='lat' dir='ltr'>hominis</span> <span class='ocrx_word' id='word_1_262' title='bbox 1551 698 1563 718; x_wconf 97' lang='lat'>,</span> <span class='ocrx_word' id='word_1_263' title='bbox 1608 655 1737 709; x_wconf 87' lang='lat' dir='ltr'>alias</span> <span class='ocrx_word' id='word_1_264' title='bbox 1777 659 1886 708; x_wconf 87' lang='lat' dir='ltr'>eius</span> <span class='ocrx_word' id='word_1_265' title='bbox 1946 662 2131 708; x_wconf 83' lang='lat' dir='ltr'>natura</span> 
     </span>
     <span class='ocr_line' id='line_1_54' title="bbox 1141 731 2131 800; baseline -0.004 -16"><span class='ocrx_word' id='word_1_266' title='bbox 1141 732 1340 800; x_wconf 87' lang='lat' dir='ltr'>proprio</span> <span class='ocrx_word' id='word_1_267' title='bbox 1379 748 1440 784; x_wconf 88' lang='lat' dir='ltr'>ac</span> <span class='ocrx_word' id='word_1_268' title='bbox 1481 732 1660 783; x_wconf 87' lang='lat' dir='ltr'>ultimo</span> <span class='ocrx_word' id='word_1_269' title='bbox 1700 731 1952 783; x_wconf 84' lang='lat' dir='ltr'>caruisset</span> <span class='ocrx_word' id='word_1_270' title='bbox 1990 744 2131 781; x_wconf 89' lang='lat' dir='ltr'>com-</span> 
     </span>
     <span class='ocr_line' id='line_1_55' title="bbox 1142 804 2131 875; baseline -0.001 -18"><span class='ocrx_word' id='word_1_271' title='bbox 1142 806 1418 874; x_wconf 88' lang='lat' dir='ltr'>plement0,</span> <span class='ocrx_word' id='word_1_272' title='bbox 1450 806 1659 874; x_wconf 85' lang='lat' dir='ltr'>ipseque</span> <span class='ocrx_word' id='word_1_273' title='bbox 1689 806 1946 875; x_wconf 81' lang='lat' dir='ltr'>perfectus</span> <span class='ocrx_word' id='word_1_274' title='bbox 1979 804 2131 858; x_wconf 89' lang='lat' dir='ltr'>homo</span> 
     </span>
     <span class='ocr_line' id='line_1_56' title="bbox 1139 881 1612 947; baseline -0.002 -15"><span class='ocrx_word' id='word_1_275' title='bbox 1139 881 1236 932; x_wconf 88' lang='lat' dir='ltr'>dici</span> <span class='ocrx_word' id='word_1_276' title='bbox 1281 898 1379 932; x_wconf 91' lang='lat' dir='ltr'>non</span> <span class='ocrx_word' id='word_1_277' title='bbox 1426 889 1612 947; x_wconf 84' lang='lat' dir='ltr'>posset.</span> 
     </span>
    </p>

    <p class='ocr_par' dir='ltr' id='par_1_10' title="bbox 1138 953 2140 3544">
     <span class='ocr_line' id='line_1_57' title="bbox 1211 953 2129 1022; baseline -0.003 -15"><span class='ocrx_word' id='word_1_278' title='bbox 1211 954 1349 1022; x_wconf 78' lang='lat' dir='ltr'>Resp.</span> <span class='ocrx_word' id='word_1_279' title='bbox 1396 955 1584 1006; x_wconf 85' lang='lat' dir='ltr'>Omnes</span> <span class='ocrx_word' id='word_1_280' title='bbox 1606 953 1852 1007; x_wconf 86' lang='lat' dir='ltr'>Catholici</span> <span class='ocrx_word' id='word_1_281' title='bbox 1881 953 2129 1015; x_wconf 85' lang='lat' dir='ltr'>fatentur,</span> 
     </span>
     <span class='ocr_line' id='line_1_58' title="bbox 1139 1026 2132 1096; baseline 0 -17"><span class='ocrx_word' id='word_1_282' title='bbox 1139 1026 1399 1081; x_wconf 84' lang='lat' dir='ltr'>Christum</span> <span class='ocrx_word' id='word_1_283' title='bbox 1443 1030 1700 1096; x_wconf 81' lang='lat' dir='ltr'>integram</span> <span class='ocrx_word' id='word_1_284' title='bbox 1748 1035 1800 1081; x_wconf 88' lang='lat' dir='ltr'>et</span> <span class='ocrx_word' id='word_1_285' title='bbox 1852 1028 2132 1096; x_wconf 79' lang='lat' dir='ltr'>perfectam</span> 
     </span>
     <span class='ocr_line' id='line_1_59' title="bbox 1142 1103 2130 1171; baseline -0.001 -16"><span class='ocrx_word' id='word_1_286' title='bbox 1142 1111 1378 1156; x_wconf 88' lang='lat' dir='ltr'>naturam</span> <span class='ocrx_word' id='word_1_287' title='bbox 1420 1103 1704 1156; x_wconf 84' lang='lat' dir='ltr'>humanam</span> <span class='ocrx_word' id='word_1_288' title='bbox 1749 1104 2130 1171; x_wconf 84' lang='lat' dir='ltr'>assumpsisse,</span> 
     </span>
     <span class='ocr_line' id='line_1_60' title="bbox 1139 1176 2135 1246; baseline -0.002 -16"><span class='ocrx_word' id='word_1_289' title='bbox 1139 1178 1227 1230; x_wconf 88' lang='lat' dir='ltr'>sed</span> <span class='ocrx_word' id='word_1_290' title='bbox 1271 1178 1383 1231; x_wconf 91' lang='lat' dir='ltr'>ideo</span> <span class='ocrx_word' id='word_1_291' title='bbox 1414 1195 1512 1230; x_wconf 88' lang='lat' dir='ltr'>non</span> <span class='ocrx_word' id='word_1_292' title='bbox 1543 1180 1697 1230; x_wconf 88' lang='lat' dir='ltr'>etiam</span> <span class='ocrx_word' id='word_1_293' title='bbox 1731 1193 2002 1246; x_wconf 87' lang='lat' dir='ltr'>personam</span> <span class='ocrx_word' id='word_1_294' title='bbox 2042 1176 2135 1228; x_wconf 91' lang='lat' dir='ltr'>hu-</span> 
     </span>
     <span class='ocr_line' id='line_1_61' title="bbox 1140 1252 2128 1320; baseline 0.001 -17"><span class='ocrx_word' id='word_1_295' title='bbox 1140 1268 1343 1304; x_wconf 86' lang='lat' dir='ltr'>manam</span> <span class='ocrx_word' id='word_1_296' title='bbox 1384 1254 1725 1320; x_wconf 86' lang='lat' dir='ltr'>assumpsisse</span> <span class='ocrx_word' id='word_1_297' title='bbox 1754 1252 2001 1304; x_wconf 87' lang='lat' dir='ltr'>dicendus</span> <span class='ocrx_word' id='word_1_298' title='bbox 2029 1258 2128 1304; x_wconf 89' lang='lat' dir='ltr'>est.</span> 
     </span>
     <span class='ocr_line' id='line_1_62' title="bbox 1140 1326 2135 1395; baseline -0.002 -15"><span class='ocrx_word' id='word_1_299' title='bbox 1140 1328 1266 1380; x_wconf 88' lang='lat' dir='ltr'>Nam</span> <span class='ocrx_word' id='word_1_300' title='bbox 1307 1327 1370 1379; x_wconf 88' lang='lat' dir='ltr'>ad</span> <span class='ocrx_word' id='word_1_301' title='bbox 1410 1345 1680 1395; x_wconf 87' lang='lat' dir='ltr'>personam</span> <span class='ocrx_word' id='word_1_302' title='bbox 1721 1326 2135 1380; x_wconf 89' lang='lat' dir='ltr'>constituendam</span> 
     </span>
     <span class='ocr_line' id='line_1_63' title="bbox 1140 1400 2136 1471; baseline -0.003 -17"><span class='ocrx_word' id='word_1_303' title='bbox 1140 1405 1239 1455; x_wconf 90' lang='lat' dir='ltr'>duo</span> <span class='ocrx_word' id='word_1_304' title='bbox 1299 1404 1674 1471; x_wconf 86' lang='lat' dir='ltr'>requiruntur,</span> <span class='ocrx_word' id='word_1_305' title='bbox 1727 1402 1970 1454; x_wconf 86' lang='lat' dir='ltr'>nimirum</span> <span class='ocrx_word' id='word_1_306' title='bbox 2038 1400 2136 1468; x_wconf 91' lang='lat' dir='ltr'>pri·</span> 
     </span>
     <span class='ocr_line' id='line_1_64' title="bbox 1143 1474 2137 1538; baseline -0.003 -9"><span class='ocrx_word' id='word_1_307' title='bbox 1143 1494 1221 1529; x_wconf 90' lang='lat' dir='ltr'>mo</span> <span class='ocrx_word' id='word_1_308' title='bbox 1263 1485 1448 1528; x_wconf 87' lang='lat' dir='ltr'>natura</span> <span class='ocrx_word' id='word_1_309' title='bbox 1491 1477 1775 1538; x_wconf 80' lang='lat' dir='ltr'>rationaliS,</span> <span class='ocrx_word' id='word_1_310' title='bbox 1819 1482 1871 1529; x_wconf 89' lang='lat' dir='ltr'>et</span> <span class='ocrx_word' id='word_1_311' title='bbox 1909 1474 2137 1528; x_wconf 89' lang='lat' dir='ltr'>secundo</span> 
     </span>
     <span class='ocr_line' id='line_1_65' title="bbox 1142 1550 2136 1619; baseline -0.003 -16"><span class='ocrx_word' id='word_1_312' title='bbox 1142 1559 1195 1604; x_wconf 88' lang='lat' dir='ltr'>ut</span> <span class='ocrx_word' id='word_1_313' title='bbox 1237 1551 1363 1603; x_wconf 84' lang='lat' dir='ltr'>haec</span> <span class='ocrx_word' id='word_1_314' title='bbox 1406 1568 1493 1619; x_wconf 87' lang='lat' dir='ltr'>per</span> <span class='ocrx_word' id='word_1_315' title='bbox 1531 1568 1586 1604; x_wconf 92' lang='lat' dir='ltr'>se</span> <span class='ocrx_word' id='word_1_316' title='bbox 1626 1568 1716 1604; x_wconf 88' lang='lat' dir='ltr'>seu</span> <span class='ocrx_word' id='word_1_317' title='bbox 1766 1553 1816 1604; x_wconf 91' lang='lat' dir='ltr'>in</span> <span class='ocrx_word' id='word_1_318' title='bbox 1872 1550 2136 1602; x_wconf 89' lang='lat' dir='ltr'>individuo</span> 
     </span>
     <span class='ocr_line' id='line_1_66' title="bbox 1140 1625 2137 1694; baseline -0.003 -16"><span class='ocrx_word' id='word_1_319' title='bbox 1140 1627 1402 1678; x_wconf 85' lang='lat' dir='ltr'>subsistat.</span> <span class='ocrx_word' id='word_1_320' title='bbox 1431 1625 1627 1679; x_wconf 85' lang='lat' dir='ltr'>Idcirco</span> <span class='ocrx_word' id='word_1_321' title='bbox 1646 1626 1899 1687; x_wconf 83' lang='lat' dir='ltr'>homineS,</span> <span class='ocrx_word' id='word_1_322' title='bbox 1917 1639 2137 1694; x_wconf 89' lang='lat' dir='ltr'>quorum</span> 
     </span>
     <span class='ocr_line' id='line_1_67' title="bbox 1139 1700 2137 1768; baseline -0.003 -16"><span class='ocrx_word' id='word_1_323' title='bbox 1139 1705 1311 1753; x_wconf 86' lang='lat' dir='ltr'>anima</span> <span class='ocrx_word' id='word_1_324' title='bbox 1353 1708 1402 1752; x_wconf 93' lang='lat' dir='ltr'>et</span> <span class='ocrx_word' id='word_1_325' title='bbox 1431 1717 1617 1768; x_wconf 87' lang='lat' dir='ltr'>corpus</span> <span class='ocrx_word' id='word_1_326' title='bbox 1648 1718 1736 1768; x_wconf 89' lang='lat' dir='ltr'>per</span> <span class='ocrx_word' id='word_1_327' title='bbox 1764 1717 1819 1753; x_wconf 90' lang='lat' dir='ltr'>se</span> <span class='ocrx_word' id='word_1_328' title='bbox 1847 1700 2137 1753; x_wconf 90' lang='lat' dir='ltr'>subsistunt</span> 
     </span>
     <span class='ocr_line' id='line_1_68' title="bbox 1139 1775 2139 1842; baseline -0.002 -16"><span class='ocrx_word' id='word_1_329' title='bbox 1139 1784 1186 1827; x_wconf 90' lang='lat' dir='ltr'>et</span> <span class='ocrx_word' id='word_1_330' title='bbox 1219 1775 1482 1827; x_wconf 86' lang='lat' dir='ltr'>individua</span> <span class='ocrx_word' id='word_1_331' title='bbox 1511 1778 1855 1836; x_wconf 86' lang='lat' dir='ltr'>constituunt,</span> <span class='ocrx_word' id='word_1_332' title='bbox 1888 1789 2139 1842; x_wconf 88' lang='lat' dir='ltr'>personae</span> 
     </span>
     <span class='ocr_line' id='line_1_69' title="bbox 1140 1849 2140 1902; baseline -0.003 -1"><span class='ocrx_word' id='word_1_333' title='bbox 1140 1850 1402 1901; x_wconf 89' lang='lat' dir='ltr'>dicuntur.</span> <span class='ocrx_word' id='word_1_334' title='bbox 1448 1850 1547 1901; x_wconf 90' lang='lat' dir='ltr'>Sed</span> <span class='ocrx_word' id='word_1_335' title='bbox 1606 1850 1667 1901; x_wconf 88' lang='lat' dir='ltr'>de</span> <span class='ocrx_word' id='word_1_336' title='bbox 1727 1849 1929 1902; x_wconf 90' lang='lat' dir='ltr'>Christo</span> <span class='ocrx_word' id='word_1_337' title='bbox 1987 1849 2140 1900; x_wconf 76' lang='lat' dir='ltr'>aliter</span> 
     </span>
     <span class='ocr_line' id='line_1_70' title="bbox 1141 1922 2139 1994; baseline -0.004 -18"><span class='ocrx_word' id='word_1_338' title='bbox 1141 1924 1274 1994; x_wconf 89' lang='lat' dir='ltr'>loqui</span> <span class='ocrx_word' id='word_1_339' title='bbox 1316 1931 1535 1992; x_wconf 86' lang='lat' dir='ltr'>oportet.</span> <span class='ocrx_word' id='word_1_340' title='bbox 1581 1923 1709 1976; x_wconf 91' lang='lat' dir='ltr'>Nam</span> <span class='ocrx_word' id='word_1_341' title='bbox 1751 1923 1983 1978; x_wconf 88' lang='lat' dir='ltr'>Verbum</span> <span class='ocrx_word' id='word_1_342' title='bbox 2011 1922 2139 1973; x_wconf 91' lang='lat' dir='ltr'>divi·</span> 
     </span>
     <span class='ocr_line' id='line_1_71' title="bbox 1139 1996 2138 2067; baseline -0.002 -17"><span class='ocrx_word' id='word_1_343' title='bbox 1139 2016 1260 2050; x_wconf 90' lang='lat' dir='ltr'>num</span> <span class='ocrx_word' id='word_1_344' title='bbox 1301 1999 1539 2067; x_wconf 84' lang='lat' dir='ltr'>equidem</span> <span class='ocrx_word' id='word_1_345' title='bbox 1581 2000 1837 2066; x_wconf 83' lang='lat' dir='ltr'>integram</span> <span class='ocrx_word' id='word_1_346' title='bbox 1877 2006 1930 2051; x_wconf 92' lang='lat' dir='ltr'>et</span> <span class='ocrx_word' id='word_1_347' title='bbox 1971 1996 2138 2066; x_wconf 83' lang='lat' dir='ltr'>perfe-</span> 
     </span>
     <span class='ocr_line' id='line_1_72' title="bbox 1139 2073 2139 2126; baseline 0 -2"><span class='ocrx_word' id='word_1_348' title='bbox 1139 2081 1274 2125; x_wconf 88' lang='lat' dir='ltr'>ctam</span> <span class='ocrx_word' id='word_1_349' title='bbox 1318 2081 1555 2126; x_wconf 87' lang='lat' dir='ltr'>naturam</span> <span class='ocrx_word' id='word_1_350' title='bbox 1606 2073 1887 2125; x_wconf 86' lang='lat' dir='ltr'>humanam</span> <span class='ocrx_word' id='word_1_351' title='bbox 1940 2087 2139 2125; x_wconf 90' lang='lat' dir='ltr'>assum-</span> 
     </span>
     <span class='ocr_line' id='line_1_73' title="bbox 1143 2149 2138 2216; baseline -0.002 -16"><span class='ocrx_word' id='word_1_352' title='bbox 1143 2149 1261 2216; x_wconf 89' lang='lat' dir='ltr'>psit,</span> <span class='ocrx_word' id='word_1_353' title='bbox 1291 2164 1474 2216; x_wconf 90' lang='lat' dir='ltr'>nempe</span> <span class='ocrx_word' id='word_1_354' title='bbox 1502 2149 1729 2201; x_wconf 88' lang='lat' dir='ltr'>animam</span> <span class='ocrx_word' id='word_1_355' title='bbox 1755 2150 2035 2200; x_wconf 88' lang='lat' dir='ltr'>humanam</span> <span class='ocrx_word' id='word_1_356' title='bbox 2061 2162 2138 2198; x_wconf 87' lang='lat' dir='ltr'>ra-</span> 
     </span>
     <span class='ocr_line' id='line_1_74' title="bbox 1142 2223 2138 2291; baseline -0.003 -16"><span class='ocrx_word' id='word_1_357' title='bbox 1142 2225 1278 2275; x_wconf 87' lang='lat' dir='ltr'>tione</span> <span class='ocrx_word' id='word_1_358' title='bbox 1319 2230 1369 2275; x_wconf 87' lang='lat' dir='ltr'>et</span> <span class='ocrx_word' id='word_1_359' title='bbox 1413 2223 1680 2276; x_wconf 84' lang='lat' dir='ltr'>voluntate</span> <span class='ocrx_word' id='word_1_360' title='bbox 1722 2223 2027 2291; x_wconf 87' lang='lat' dir='ltr'>praeditam,</span> <span class='ocrx_word' id='word_1_361' title='bbox 2084 2227 2138 2272; x_wconf 91' lang='lat' dir='ltr'>et</span> 
     </span>
     <span class='ocr_line' id='line_1_75' title="bbox 1141 2296 2136 2365; baseline -0.003 -16"><span class='ocrx_word' id='word_1_362' title='bbox 1141 2313 1324 2365; x_wconf 85' lang='lat' dir='ltr'>corpus</span> <span class='ocrx_word' id='word_1_363' title='bbox 1363 2297 1531 2349; x_wconf 83' lang='lat' dir='ltr'>simite</span> <span class='ocrx_word' id='word_1_364' title='bbox 1573 2305 1767 2350; x_wconf 90' lang='lat' dir='ltr'>nostro.</span> <span class='ocrx_word' id='word_1_365' title='bbox 1802 2297 1869 2351; x_wconf 82' lang='lat' dir='ltr'>At</span> <span class='ocrx_word' id='word_1_366' title='bbox 1897 2296 2025 2348; x_wconf 89' lang='lat' dir='ltr'>haec</span> <span class='ocrx_word' id='word_1_367' title='bbox 2050 2311 2136 2347; x_wconf 90' lang='lat' dir='ltr'>na-</span> 
     </span>
     <span class='ocr_line' id='line_1_76' title="bbox 1141 2370 2137 2440; baseline -0.001 -17"><span class='ocrx_word' id='word_1_368' title='bbox 1141 2379 1254 2423; x_wconf 87' lang='lat' dir='ltr'>tura</span> <span class='ocrx_word' id='word_1_369' title='bbox 1280 2372 1505 2423; x_wconf 87' lang='lat' dir='ltr'>humana</span> <span class='ocrx_word' id='word_1_370' title='bbox 1536 2388 1796 2440; x_wconf 88' lang='lat' dir='ltr'>nunquam</span> <span class='ocrx_word' id='word_1_371' title='bbox 1826 2387 1914 2439; x_wconf 87' lang='lat' dir='ltr'>per</span> <span class='ocrx_word' id='word_1_372' title='bbox 1935 2386 1996 2422; x_wconf 87' lang='lat' dir='ltr'>se</span> <span class='ocrx_word' id='word_1_373' title='bbox 2017 2370 2137 2422; x_wconf 86' lang='lat' dir='ltr'>sub-</span> 
     </span>
     <span class='ocr_line' id='line_1_77' title="bbox 1140 2444 2136 2515; baseline -0.002 -18"><span class='ocrx_word' id='word_1_374' title='bbox 1140 2447 1290 2507; x_wconf 92' lang='lat' dir='ltr'>stitit,</span> <span class='ocrx_word' id='word_1_375' title='bbox 1314 2446 1402 2498; x_wconf 91' lang='lat' dir='ltr'>sed</span> <span class='ocrx_word' id='word_1_376' title='bbox 1430 2448 1704 2515; x_wconf 83' lang='lat' dir='ltr'>semperin</span> <span class='ocrx_word' id='word_1_377' title='bbox 1728 2445 1914 2511; x_wconf 90' lang='lat' dir='ltr'>Verb0,</span> <span class='ocrx_word' id='word_1_378' title='bbox 1935 2445 2019 2496; x_wconf 87' lang='lat' dir='ltr'>cui</span> <span class='ocrx_word' id='word_1_379' title='bbox 2039 2444 2136 2496; x_wconf 86' lang='lat' dir='ltr'>fuit</span> 
     </span>
     <span class='ocr_line' id='line_1_78' title="bbox 1141 2519 2135 2589; baseline -0.001 -18"><span class='ocrx_word' id='word_1_380' title='bbox 1141 2522 1191 2571; x_wconf 89' lang='lat' dir='ltr'>in</span> <span class='ocrx_word' id='word_1_381' title='bbox 1216 2522 1374 2588; x_wconf 85' lang='lat' dir='ltr'>primo</span> <span class='ocrx_word' id='word_1_382' title='bbox 1397 2522 1744 2589; x_wconf 88' lang='lat' dir='ltr'>conceptionis</span> <span class='ocrx_word' id='word_1_383' title='bbox 1758 2526 2017 2573; x_wconf 90' lang='lat' dir='ltr'>momento</span> <span class='ocrx_word' id='word_1_384' title='bbox 2041 2519 2135 2587; x_wconf 88' lang='lat' dir='ltr'>by-</span> 
     </span>
     <span class='ocr_line' id='line_1_79' title="bbox 1144 2595 2137 2663; baseline -0.001 -17"><span class='ocrx_word' id='word_1_385' title='bbox 1144 2597 1388 2663; x_wconf 89' lang='lat' dir='ltr'>postatice</span> <span class='ocrx_word' id='word_1_386' title='bbox 1435 2596 1601 2648; x_wconf 88' lang='lat' dir='ltr'>unita.</span> <span class='ocrx_word' id='word_1_387' title='bbox 1662 2595 1817 2647; x_wconf 87' lang='lat' dir='ltr'>Deest</span> <span class='ocrx_word' id='word_1_388' title='bbox 1874 2610 1997 2661; x_wconf 85' lang='lat' dir='ltr'>ergo</span> <span class='ocrx_word' id='word_1_389' title='bbox 2059 2609 2137 2646; x_wconf 88' lang='lat' dir='ltr'>se-</span> 
     </span>
     <span class='ocr_line' id='line_1_80' title="bbox 1141 2669 2134 2736; baseline 0 -16"><span class='ocrx_word' id='word_1_390' title='bbox 1141 2669 1319 2721; x_wconf 90' lang='lat' dir='ltr'>cunda·</span> <span class='ocrx_word' id='word_1_391' title='bbox 1351 2670 1572 2722; x_wconf 82' lang='lat' dir='ltr'>conditio</span> <span class='ocrx_word' id='word_1_392' title='bbox 1622 2670 1686 2722; x_wconf 89' lang='lat' dir='ltr'>ad</span> <span class='ocrx_word' id='word_1_393' title='bbox 1728 2670 1980 2722; x_wconf 88' lang='lat' dir='ltr'>rationem</span> <span class='ocrx_word' id='word_1_394' title='bbox 2024 2683 2134 2736; x_wconf 87' lang='lat' dir='ltr'>per-</span> 
     </span>
     <span class='ocr_line' id='line_1_81' title="bbox 1141 2742 2130 2813; baseline -0.001 -18"><span class='ocrx_word' id='word_1_395' title='bbox 1141 2744 1429 2796; x_wconf 85' lang='lat' dir='ltr'>sonaiitatis</span> <span class='ocrx_word' id='word_1_396' title='bbox 1483 2746 1747 2813; x_wconf 87' lang='lat' dir='ltr'>requisita:</span> <span class='ocrx_word' id='word_1_397' title='bbox 1790 2751 1946 2812; x_wconf 88' lang='lat' dir='ltr'>atque</span> <span class='ocrx_word' id='word_1_398' title='bbox 1987 2742 2130 2804; x_wconf 86' lang='lat' dir='ltr'>ideo,</span> 
     </span>
     <span class='ocr_line' id='line_1_82' title="bbox 1138 2817 2135 2887; baseline -0.004 -13"><span class='ocrx_word' id='word_1_399' title='bbox 1138 2820 1378 2887; x_wconf 84' lang='lat' dir='ltr'>quamvis</span> <span class='ocrx_word' id='word_1_400' title='bbox 1418 2819 1482 2871; x_wconf 91' lang='lat' dir='ltr'>sit</span> <span class='ocrx_word' id='word_1_401' title='bbox 1524 2821 1574 2871; x_wconf 91' lang='lat' dir='ltr'>in</span> <span class='ocrx_word' id='word_1_402' title='bbox 1615 2817 1816 2871; x_wconf 90' lang='lat' dir='ltr'>Christo</span> <span class='ocrx_word' id='word_1_403' title='bbox 1857 2820 2057 2886; x_wconf 84' lang='lat' dir='ltr'>integra</span> <span class='ocrx_word' id='word_1_404' title='bbox 2083 2822 2135 2870; x_wconf 89' lang='lat' dir='ltr'>et</span> 
     </span>
     <span class='ocr_line' id='line_1_83' title="bbox 1144 2893 2133 2960; baseline 0 -16"><span class='ocrx_word' id='word_1_405' title='bbox 1144 2893 1367 2960; x_wconf 83' lang='lat' dir='ltr'>perfecta</span> <span class='ocrx_word' id='word_1_406' title='bbox 1408 2899 1591 2946; x_wconf 85' lang='lat' dir='ltr'>natura</span> <span class='ocrx_word' id='word_1_407' title='bbox 1620 2893 1866 2955; x_wconf 87' lang='lat' dir='ltr'>humana,</span> <span class='ocrx_word' id='word_1_408' title='bbox 1903 2899 2133 2946; x_wconf 89' lang='lat' dir='ltr'>attamen</span> 
     </span>
     <span class='ocr_line' id='line_1_84' title="bbox 1145 2967 2135 3036; baseline 0.002 -18"><span class='ocrx_word' id='word_1_409' title='bbox 1145 2984 1243 3019; x_wconf 91' lang='lat' dir='ltr'>non</span> <span class='ocrx_word' id='word_1_410' title='bbox 1284 2975 1362 3019; x_wconf 89' lang='lat' dir='ltr'>est</span> <span class='ocrx_word' id='word_1_411' title='bbox 1409 2983 1627 3036; x_wconf 87' lang='lat' dir='ltr'>persona</span> <span class='ocrx_word' id='word_1_412' title='bbox 1667 2967 1914 3021; x_wconf 88' lang='lat' dir='ltr'>humana.</span> <span class='ocrx_word' id='word_1_413' title='bbox 1958 2967 2135 3036; x_wconf 88' lang='lat' dir='ltr'>Neque</span> 
     </span>
     <span class='ocr_line' id='line_1_85' title="bbox 1143 3041 2134 3112; baseline 0.002 -19"><span class='ocrx_word' id='word_1_414' title='bbox 1143 3043 1259 3093; x_wconf 91' lang='lat' dir='ltr'>inde</span> <span class='ocrx_word' id='word_1_415' title='bbox 1298 3041 1471 3094; x_wconf 84' lang='lat' dir='ltr'>inferri</span> <span class='ocrx_word' id='word_1_416' title='bbox 1515 3048 1714 3109; x_wconf 89' lang='lat' dir='ltr'>potest,</span> <span class='ocrx_word' id='word_1_417' title='bbox 1761 3042 1892 3112; x_wconf 88' lang='lat' dir='ltr'>quod</span> <span class='ocrx_word' id='word_1_418' title='bbox 1947 3050 2134 3095; x_wconf 86' lang='lat' dir='ltr'>natura</span> 
     </span>
     <span class='ocr_line' id='line_1_86' title="bbox 1144 3113 2136 3184; baseline 0.001 -17"><span class='ocrx_word' id='word_1_419' title='bbox 1144 3116 1369 3168; x_wconf 90' lang='lat' dir='ltr'>humana</span> <span class='ocrx_word' id='word_1_420' title='bbox 1409 3115 1596 3168; x_wconf 87' lang='lat' dir='ltr'>Christi</span> <span class='ocrx_word' id='word_1_421' title='bbox 1636 3116 1701 3168; x_wconf 90' lang='lat' dir='ltr'>sit</span> <span class='ocrx_word' id='word_1_422' title='bbox 1735 3117 1946 3170; x_wconf 90' lang='lat' dir='ltr'>minoris</span> <span class='ocrx_word' id='word_1_423' title='bbox 1974 3113 2136 3184; x_wconf 60' lang='lat' dir='ltr'>digni*-</span> 
     </span>
     <span class='ocr_line' id='line_1_87' title="bbox 1146 3192 2133 3260; baseline -0.001 -17"><span class='ocrx_word' id='word_1_424' title='bbox 1146 3192 1281 3250; x_wconf 90' lang='lat' dir='ltr'>tatis,</span> <span class='ocrx_word' id='word_1_425' title='bbox 1307 3206 1460 3260; x_wconf 92' lang='lat' dir='ltr'>quam</span> <span class='ocrx_word' id='word_1_426' title='bbox 1483 3196 1676 3252; x_wconf 88' lang='lat' dir='ltr'>nostra,</span> <span class='ocrx_word' id='word_1_427' title='bbox 1701 3192 1790 3244; x_wconf 90' lang='lat' dir='ltr'>sed</span> <span class='ocrx_word' id='word_1_428' title='bbox 1817 3192 2133 3245; x_wconf 87' lang='lat' dir='ltr'>contrarium</span> 
     </span>
     <span class='ocr_line' id='line_1_88' title="bbox 1145 3265 2134 3333; baseline 0 -17"><span class='ocrx_word' id='word_1_429' title='bbox 1145 3265 1310 3333; x_wconf 88' lang='lat' dir='ltr'>potius</span> <span class='ocrx_word' id='word_1_430' title='bbox 1348 3265 1680 3318; x_wconf 87' lang='lat' dir='ltr'>asserendum</span> <span class='ocrx_word' id='word_1_431' title='bbox 1709 3273 1804 3321; x_wconf 87' lang='lat' dir='ltr'>est.</span> <span class='ocrx_word' id='word_1_432' title='bbox 1847 3266 2134 3319; x_wconf 89' lang='lat' dir='ltr'>Subsisten·</span> 
     </span>
     <span class='ocr_line' id='line_1_89' title="bbox 1144 3338 2131 3411; baseline -0.001 -20"><span class='ocrx_word' id='word_1_433' title='bbox 1144 3340 1211 3391; x_wconf 88' lang='lat' dir='ltr'>tia</span> <span class='ocrx_word' id='word_1_434' title='bbox 1252 3339 1386 3391; x_wconf 90' lang='lat' dir='ltr'>enim</span> <span class='ocrx_word' id='word_1_435' title='bbox 1412 3339 1466 3394; x_wconf 92' lang='lat' dir='ltr'>in</span> <span class='ocrx_word' id='word_1_436' title='bbox 1494 3356 1586 3393; x_wconf 91' lang='lat' dir='ltr'>suo</span> <span class='ocrx_word' id='word_1_437' title='bbox 1613 3347 1864 3411; x_wconf 84' lang='lat' dir='ltr'>conceptu</span> <span class='ocrx_word' id='word_1_438' title='bbox 1896 3340 1966 3393; x_wconf 84' lang='lat' dir='ltr'>nit</span> <span class='ocrx_word' id='word_1_439' title='bbox 1992 3338 2131 3392; x_wconf 88' lang='lat' dir='ltr'>aliud</span> 
     </span>
     <span class='ocr_line' id='line_1_90' title="bbox 1142 3412 2131 3473; baseline -0.002 -8"><span class='ocrx_word' id='word_1_440' title='bbox 1142 3414 1284 3473; x_wconf 90' lang='lat' dir='ltr'>dicit,</span> <span class='ocrx_word' id='word_1_441' title='bbox 1327 3414 1423 3466; x_wconf 90' lang='lat' dir='ltr'>nisi</span> <span class='ocrx_word' id='word_1_442' title='bbox 1464 3415 1714 3468; x_wconf 88' lang='lat' dir='ltr'>existendi</span> <span class='ocrx_word' id='word_1_443' title='bbox 1776 3415 1982 3467; x_wconf 91' lang='lat' dir='ltr'>modum</span> <span class='ocrx_word' id='word_1_444' title='bbox 2041 3412 2131 3464; x_wconf 86' lang='lat' dir='ltr'>ali·</span> 
     </span>
     <span class='ocr_line' id='line_1_91' title="bbox 1141 3486 2132 3544; baseline -0.004 -3"><span class='ocrx_word' id='word_1_445' title='bbox 1141 3488 1288 3541; x_wconf 79' lang='lat' dir='ltr'>cuius</span> <span class='ocrx_word' id='word_1_446' title='bbox 1326 3487 1664 3544; x_wconf 86' lang='lat' dir='ltr'>substantiae.</span> <span class='ocrx_word' id='word_1_447' title='bbox 1708 3488 1803 3542; x_wconf 86' lang='lat' dir='ltr'>Hic</span> <span class='ocrx_word' id='word_1_448' title='bbox 1830 3486 2011 3542; x_wconf 85' lang='lat' dir='ltr'>modus</span> <span class='ocrx_word' id='word_1_449' title='bbox 2045 3500 2132 3538; x_wconf 83' lang='lat' dir='ltr'>au-</span> 
     </span>
    </p>
   </div>
  </div>
 </body>
</html>
