2332 3860
246 191 358 244 228

170 283 386 343 solvitS.
404 282 607 344 Thomas
625 289 731 363 (4)
721 294 976 362 inquiens:
989 291 1167 344 «Deus

171 363 333 416 voluit
352 365 417 419 ab
437 373 667 428 aeterne,
683 374 740 420 ut
762 369 984 420 mundus
1005 372 1160 427 esset,

168 437 254 490 sed
301 455 400 492 non
441 441 506 493 ab
547 447 792 503 aeterno,
832 442 918 494 sed
960 441 1164 510 quando
1213 462 1216 463 ⁷

166 512 275 579 ipse
294 514 360 566 ab
380 522 592 568 aeterno
610 515 875 584 disposuit.
895 537 920 566 »
944 516 1005 568 Et
1023 523 1163 567 certe

167 587 405 641 voluntas
431 590 521 641 Dei
555 596 814 658 tamquam
848 607 1001 643 causa
1029 588 1165 642 suffi-

166 661 306 714 ciens
346 671 398 716 et
436 661 784 717 efficacissima
821 680 886 718 ex
921 665 1017 718 hoc
1055 665 1162 732 ipso

163 738 649 808 cognoscitur,quod
670 740 895 791 mundus
913 747 1055 793 ortus
1072 740 1156 799 sit,

163 817 216 862 et
241 811 359 879 quia
389 812 552 864 voluit
591 819 642 865 et
677 814 881 882 quando
922 814 1083 866 voluit
1110 820 1161 865 et

161 886 414 953 quomodo
436 886 894 940 voluit.—Peccat
914 889 1067 940 etiam
1087 887 1158 939 al-

162 959 267 1011 lata
307 961 522 1013 obiectio
562 962 614 1012 in
654 977 743 1024 eo,
788 964 920 1032 quod
958 970 1158 1029 tempus

160 1039 376 1094 statuat,
420 1050 522 1104 quo
563 1037 803 1088 voluntas
844 1037 934 1088 Dei
976 1034 1159 1088 efficax

163 1123 265 1160 non
307 1109 482 1170 fuerit,
551 1125 670 1162 cum
737 1111 876 1163 Deus
941 1111 1156 1178 tempori

163 1198 264 1236 non
315 1184 380 1235 sit
445 1184 729 1245 subiectus,
799 1186 886 1237 sed
954 1192 1158 1252 tempus

157 1258 411 1325 inceperit
445 1274 563 1310 cum
605 1259 816 1322 mundo,
848 1261 932 1328 qui
969 1261 1033 1312 ob
1062 1259 1157 1312 hoc

160 1332 327 1400 ipsum
368 1340 614 1386 aeternus
655 1351 767 1387 esse
810 1335 1004 1403 nequit,

460 1464 745 1500 ABTIGULUS
769 1464 851 1501 ΙΙΙ.

353 1525 405 1561 De
428 1524 501 1559 fine
526 1526 594 1560 toti
617 1526 756 1560 mundo
779 1524 952 1569 praefixo.

560 1613 606 1670 5·
637 1615 767 1659 ηε.

235 1701 562 1769 Distinguere
583 1709 784 1770 oportet
799 1702 955 1754 finem
977 1702 1154 1753 mundi

163 1776 393 1834 totalem,
426 1775 632 1827 etfines
660 1784 1017 1828 creaturarum
1047 1793 1155 1844 par-

161 1850 327 1902 tiales,
376 1850 511 1901 Deus
545 1855 679 1901 enim
713 1852 989 1918 unicuique
1017 1867 1158 1902 crea-

162 1930 311 1974 turae
369 1924 644 1991 specialem
686 1924 840 1975 finem
891 1926 1157 1992 sapientis-

160 2001 290 2049 sime
330 1998 605 2064 praefixit:
649 1999 721 2050 sic
779 2015 807 2050 e
879 2015 930 2064 g.
996 1999 1157 2050 solem

160 2072 409 2133 condidit,
455 2078 510 2123 ut
541 2073 704 2124 lucem
736 2079 786 2134 et
813 2073 1036 2124 calorem
1067 2074 1156 2124 dif-

161 2145 379 2208 fundat,'
409 2153 622 2207 terram,
669 2154 726 2198 ut
764 2148 1009 2198 alimenta
1049 2164 1157 2213 pro-

163 2219 356 2281 ducat,
401 2220 612 2281 oculoS‚
671 2228 728 2272 ut
788 2222 996 2272 videant
1051 2230 1150 2274 etc.

162 2296 255 2346 Ast
294 2294 357 2346 de
397 2295 507 2346 istis
532 2294 722 2346 finibus
751 2296 1052 2362 partialibus
1076 2296 1156 2346 hic

160 2383 329 2420 sermo
369 2385 468 2420 non
512 2377 609 2428 est,
641 2369 727 2420 sed
758 2370 923 2420 solum
965 2370 1026 2421 de
1057 2370 1156 2422 fine

161 2443 327 2502 totali,
370 2444 434 2494 ad
475 2458 628 2511 quem
670 2459 848 2495 omnes
888 2452 1156 2496 creaturae

160 2517 485 2569 ordinantur.
516 2548 589 2556 —-
617 2516 761 2569 Circa
804 2519 957 2569 istum
1001 2518 1153 2570 finem

160 2590 370 2642 totalem
413 2591 602 2659 duplex
643 2595 914 2659 praecipue
950 2600 1156 2644 senten-

160 2664 229 2714 tia
271 2665 442 2726 viget:
488 2665 678 2717 dantur
716 2667 852 2716 enim
895 2668 978 2733 qui
1037 2682 1156 2718 con-

163 2737 402 2797 tendunt,
446 2739 742 2790 felicitatem
785 2739 1005 2791 hominis
1045 2757 1155 2792 esse

162 2810 318 2861 finem
345 2811 490 2864 illum
535 2813 764 2876 totalem,
808 2815 870 2865 ad
912 2829 1064 2881 quem
1104 2831 1155 2866 o-

165 2884 304 2935 mnia
332 2894 504 2937 creata
543 2887 857 2939 referuntur.
889 2887 991 2938 Sed
1018 2904 1155 2939 com-

162 2957 333 3009 munis
383 2959 735 3027 theologorum
786 2961 1154 3013 catholicorum

161 3032 419 3083 sententia
460 3041 565 3094 est,
611 3035 766 3086 finem
809 3035 983 3086 mundi
1027 3042 1154 3087 tota-

163 3105 266 3156 lem>
304 3120 419 3156 esse
458 3106 676 3171 gloriam
716 3109 806 3160 Dei
847 3116 1149 3171 externam,

160 3194 295 3248 quae
333 3193 399 3230 ex
431 3181 852 3235 manifestatione
885 3183 1153 3235 attributo—

152 3252 597 3304 rum-divinorum
626 3257 849 3322 exurgit.
884 3256 1015 3309 Huic
1042 3274 1154 3309 sen-

161 3327 355 3379 tentiae
386 3325 758 3379 inhaerendum
778 3337 875 3393 est3
903 3346 1020 3383 nam
1039 3331 1155 3383 finis

162 3401 339 3452 mundi
391 3401 664 3452 totalis-1⁰
703 3418 798 3453 non
845 3413 910 3455 est
948 3405 1155 3470 felicitas

162 3472 418 3535 hominis‚t
439 3475 500 3525 2⁹
519 3474 608 3526 sed
621 3474 788 3542 ‘yeoria
812 3474 899 3531 Dei
924 3485 1148 3531 ewcerna.

204 3572 260 3619 (1)
283 3573 360 3612 Lib.
386 3572 421 3611 Ω.
445 3581 478 3611 c.
505 3578 604 3619 gent.
627 3582 661 3612 e.
686 3571 740 3611 30.
794 3614 797 3616 ,

577 210 640 246 DE
678 212 772 248 DEO
811 213 862 249 m
899 208 1172 248 RELATioNss
1209 209 1273 246 An
1310 205 1520 246 mmmm
1553 182 1813 246 ΒΡέῦΤΑΊὈ
1867 254 1874 258 ἃ

1617 323 1658 384 ς
1693 295 1827 371 m.

1225 414 1254 449 Ι.
1279 413 1379 447 Finis
1401 412 1530 447 mundi
1553 413 1675 454 totalis
1696 422 1772 450 non
1795 419 1851 450 est
1874 415 2030 452 felicitas
2043 417 2206 455 hominis

1299 511 1690 564 Recentioribus
1745 516 2064 582 temporibus
2117 533 2215 569 non

1227 587 1371 652 pauci
1394 587 1700 647 extiterunt,
1725 587 1810 655 qui
1832 591 2218 659 contenderent,

1224 659 1381 712 solius
1422 659 1642 712 hominis
1671 675 1847 721 causa,
1877 678 1939 714 ac
1964 663 2029 716 oh
2056 665 2218 718 solam

1225 734 1362 786 illius
1420 735 1718 786 felicitatem
1783 737 2047 789 conditum
2105 755 2217 792 esse

1224 809 1492 860 mundum.
1537 808 1635 861 Sed
1686 808 1822 860 haud
1873 811 2079 863 difficile
2138 821 2216 867 est

1222 883 1510 944 ostendere,
1554 890 1806 951 quantum
1848 883 1976 938 haec
2013 893 2219 943 senten-

1223 957 1290 1008 tia
1329 975 1357 1009 a
1387 959 1604 1009 veritate
1644 958 1866 1010 aberret.

1296 1031 1347 1083 1.
1375 1031 1515 1083 Finis
1541 1031 1717 1082 mundi
1747 1033 1918 1084 totalis
1943 1033 2077 1087 alius
2102 1051 2213 1089 esse

1224 1122 1321 1157 non
1363 1113 1548 1174 potest,
1594 1106 1689 1157 nisi
1729 1105 1836 1171 ille,
1879 1108 2133 1177 adquem
2162 1128 2216 1163 o-

1223 1182 1359 1232 mnia
1401 1181 1582 1231 ultimo
1610 1180 1850 1242 tendunt,
1895 1189 1946 1234 et
1981 1199 2132 1251 quem
2163 1202 2215 1236 o·

1220 1270 1364 1311 mnes
1403 1261 1672 1307 creaturae
1712 1262 1832 1306 actu
1876 1267 2209 1323 promovent3

1222 1329 1376 1380 talem
1417 1330 1553 1381 enim
1594 1330 1749 1381 finem
1790 1329 1928 1382 Deus
1969 1347 2069 1383 non
2101 1333 2214 1383 vult

1223 1403 1580 1471 hypothetice,
1637 1404 1725 1455 sed
1768 1404 2036 1464 absolute,
2082 1406 2214 1457 idest

1221 1478 1309 1537 ita,
1355 1485 1410 1530 ut
1451 1478 1579 1529 nulli
1607 1476 1692 1528 alii
1721 1477 1806 1528 fini
1850 1479 2214 1532 subordinatus

1219 1551 1304 1610 sit,
1348 1559 1501 1619 atque
1542 1551 1654 1603 ideo
1693 1551 1758 1603 ob
1791 1567 2045 1604 summam
2087 1554 2216 1606 divi-

1221 1641 1316 1677 nae.
1346 1627 1628 1677 voluntatis
1655 1625 1935 1678 efficaciam
1964 1627 2026 1678 ad
2056 1627 2212 1681 istum

1220 1699 1373 1751 finem
1416 1716 1594 1751 omnes
1622 1707 1892 1751 creaturae
1923 1702 2214 1770 pertingere

1221 1774 1428 1825 dehent.
1462 1803 1530 1812 -—
1553 1774 1645 1825 Ast
1686 1773 1980 1826 felicitatem
2025 1791 2124 1827 non
2156 1794 2212 1829 o—

1220 1862 1364 1898 mnes
1391 1848 1623 1899 homines
1644 1856 2050 1915 consequuntur.
2084 1849 2215 1901 Mul-

1223 1929 1298 1973 tos
1326 1923 1463 1973 enim
1491 1923 1540 1972 in
1572 1921 1669 1973 hac
1698 1923 1799 1974 vita
1831 1922 2073 1975 felicitate
2103 1929 2214 1978 tum

1220 1997 1499 2063 corporali,
1546 2002 1654 2047 tum
1696 1996 1946 2063 spirituali
1989 2014 2209 2059 carere,

1219 2071 1535 2137 experientia
1576 2077 1814 2131 testatur,
1845 2077 1898 2122 et
1924 2071 2113 2124 multos
2141 2082 2214 2125 et-

1221 2147 1319 2196 iam
1361 2146 1409 2196 in
1453 2145 1615 2197 altera
1658 2147 1760 2196 vita
1805 2161 1902 2196 uon
1944 2147 2007 2198 ad
2049 2153 2211 2200 aeter·

1222 2236 1336 2270 nam
1383 2218 1674 2270 felicitatem
1719 2227 2078 2286 perventuros,
2122 2222 2213 2274 sed

1219 2296 1444 2345 aeternis
1511 2294 1684 2359 poenis
1745 2293 2040 2347 afficiendos
2099 2311 2213 2347 esse

1220 2368 1465 2419 revelatio
1495 2367 1660 2419 docet.
1693 2367 1827 2433 Ergo
1868 2368 2083 2421 felicitas
2121 2367 2211 2421 ho-'

1223 2443 1371 2494 minis
1411 2441 1706 2493 nullatenus
1759 2442 1933 2493 mundi
1982 2443 2098 2496 finis
2138 2451 2213 2496 to-

1221 2516 1337 2567 talis
1377 2516 1472 2566 dici
1506 2522 1688 2583 potest.

1292 2591 1344 2640 2.
1390 2589 1467 2640 Ex
1526 2590 1705 2641 eadem
1761 2590 2016 2641 sententia
2068 2591 2210 2644 varia

1219 2663 1438 2715 absurda
1481 2671 1799 2731 sequuntur:
1844 2660 1895 2734 a)
1936 2664 2028 2726 Qui
2072 2667 2209 2717 enim

1220 2738 1357 2788 illam
1400 2737 1702 2798 defendunt,
1749 2743 1944 2790 etcum
1985 2737 2070 2790 illa
2101 2738 2210 2807 glo·

1221 2812 1347 2862 riam
1387 2810 1475 2862 Dei
1517 2811 1830 2877 coniungere
1869 2818 2091 2873 tentant,
2134 2827 2212 2865 se-

1218 2885 1393 2953 quenti
1454 2885 1632 2937 ordine
1701 2901 1807 2938 rem
1878 2893 2204 2953 proponunt:

1222 2980 1247 3008 «
1283 2960 1368 3011 Est
1389 2959 1786 3012 communicatio
1808 2959 2063 3011 felicitatis
2088 2959 2206 3011 finis

1220 3033 1431 3085 ultimus
1470 3035 1760 3086 creationis:
1804 3032 2092 3099 gloria'Dei
2129 3039 2207 3084 est

1219 3108 1333 3158 finis
1372 3106 1706 3159 intermedius
1745 3122 1836 3159 seu
1878 3106 2099 3158 medium
2139 3105 2205 3158 ad

1214 3182 1385 3232 ‘finem‘
1415 3182 1652 3233 ultimum
1703 3179 2139 3248 promovendum,
2175 3199 2201 3235 ι»,

1176 3268 1178 3273 ·
1218 3261 1275 3307 ut
1310 3255 1382 3306 ait
1405 3254 1716 3307 Moshemius
1745 3252 1843 3325 (2).
1876 3252 1930 3305 ln
1955 3252 2050 3304 hoc
2085 3268 2208 3320 ergo

1217 3334 1498 3397 systemate
1526 3329 1673 3380 Deus
1686 3333 1871 3380 crearis
1899 3333 1955 3378 et
1987 3325 2204 3393 gloriam

1217 3416 1359 3474 suam
1414 3401 1750 3493 manifestans
1788 3400 2094 3489 detruditur
2136 3401 2202 3488 ad

1213 3574 1253 3612 ‘n
1261 3503 1450 3611 (ἕλιξ-ἰωῇ
1467 3512 1575 3567 theol.
1588 3494 1715 3576 dogm.
1739 3537 1777 3584 p.
1803 3529 1836 3575 Ι,
1859 3533 1946 3568 sect.
1966 3530 2000 3573 2,
2007 3538 2050 3595 “ss‘
2076 3528 2113 3570 1,
2131 3526 2203 3572 58

2308 3762 2332 3855 1-’1Εὲζν1
2324 3739 2332 3743 ι
2315 3721 2318 3723 “
2319 3696 2332 3698 ι
