2332 3860
705 205 823 247 mus
858 209 930 248 m.
973 208 1138 247 sacrm
1173 207 1211 249 π
1252 195 1490 248 eamr.

36 286 256 364 *paim
279 287 563 361 “profitetur
597 287 751 342 fidem
798 291 850 343 in
888 289 1074 343 Filium

44 364 54 370 ”
86 368 194 430 Det
220 364 566 433 Uniyenitum,
598 364 712 432 ‘qui
753 371 948 432 propter
987 374 1073 417 nos

88 441 300 495 homines
323 445 368 492 et
384 443 584 507 propter
620 445 836 489 nostram
872 437 1073 490 salutem

85 512 320 567 descendit
374 512 430 564 de
478 510 646 572 coeliS,
695 518 738 562 et
783 512 1073 564 incarnatus

44 595 154 640 nese
201 585 301 639 etc.
343 585 527 654 quibus
566 585 736 637 verbis
781 585 919 637 clare
960 598 1072 652 pro-

43 711 53 724 „
85 659 289 729 ponitur
326 658 659 720 credendum,
703 658 1073 710 iucarnationis

85 734 240 788 finem
264 747 376 786 esse
396 732 606 785 humani
628 734 831 802 generis
857 731 1072 785 Redem—

86 810 329 878 ptionem.

84 917 90 922 -
155 882 304 934 Nota.
335 879 579 943 Quamvis
601 881 652 932 in
674 879 934 932 declarato
954 878 1073 946 dog-

48 951 57 959 “
85 962 221 1009 mate
247 970 424 1007 omnes
455 953 699 1006 Catholici
727 954 1068 1013 consentiant,

39 1076 42 1077 γ
84 1029 299 1083 celebris
338 1036 510 1081 tamen
551 1030 684 1080 inter
723 1027 986 1094 theologos
1026 1043 1074 1078 c·

84 1110 202 1156 nata
232 1110 311 1155 est
336 1103 628 1171 disputatio,
659 1109 834 1154 utrum
869 1108 1074 1170 propter

85 1178 220 1231 istud
257 1177 422 1229 solum
451 1177 718 1235 motivum,
752 1191 933 1243 nempe
961 1191 1073 1243 pro-

0 1274 1 1287 2
85 1259 198 1320 pter
248 1250 669 1319 Redemptionem
725 1251 929 1316 generis
982 1249 1072 1300 hu-

87 1326 222 1377 mani
282 1326 355 1377 sic
393 1326 689 1377 incarnatus
728 1325 879 1376 fuerit
914 1322 1074 1374 Filius

86 1399 212 1460 Dei,
258 1405 312 1450 ut
350 1399 391 1450 si
431 1398 594 1451 Adam
635 1414 734 1450 non
791 1405 1068 1465 peccasset,

87 1472 314 1526 Verbum
355 1488 533 1524 revera
563 1489 661 1524 non
699 1473 874 1524 fuisset
913 1473 1075 1523 incar-

88 1554 283 1599 natum.
345 1546 630 1598 Voiuerunt
683 1546 888 1614 quidam
917 1587 928 1606 ‚
973 1562 1071 1597 non

88 1628 291 1689 propter
330 1622 489 1672 solam
530 1620 946 1688 Redemptionem
990 1618 1074 1670 ho-

88 1696 238 1747 minis
259 1694 406 1761 lapsi,
438 1694 524 1746 sed
554 1703 758 1762 propter
784 1695 908 1746 aiios
936 1709 1076 1762 prae-

91 1777 229 1821 terea
272 1769 419 1828 fineS‚
464 1774 514 1819 et
550 1769 755 1836 quidem
797 1769 986 1836 priores
1026 1775 1076 1819 et

90 1843 252 1895 multo
276 1842 561 1909 nobiiioreS,
585 1842 992 1894 incarnationem
1013 1842 1076 1893 ab

87 1923 296 1970 aeterno
336 1917 593 1968 decretam
634 1917 804 1982 fuisse,
826 1918 893 1968 ita
925 1923 979 1967 ut
1006 1922 1076 1967 et-

89 1992 192 2044 iam
232 1989 428 2043 Adamo
469 2007 567 2042 non
611 1997 853 2059 peccante
895 1990 1075 2042 nihilo-

87 2067 257 2118 minus
296 2064 520 2117 Verbum
561 2080 678 2116 caro
718 2065 909 2116 factum
963 2065 1077 2115 suis-

89 2147 185 2191 set.
217 2139 532 2191 Sententiam
561 2140 712 2190 istam
739 2139 1076 2190 defenderunt

89 2213 329 2281 Ruperzus
356 2213 524 2265 Abbas
553 2212 844 2270 Tuitiensis‚
869 2212 1078 2264 Aleman-

90 2289 174 2340 der
211 2287 459 2347 Halewsis,
491 2285 713 2338 filbertus
755 2288 848 2350 M„
887 2287 1071 2346 Scotm,

90 2369 140 2413 et
180 2362 264 2429 qui
303 2376 421 2412 eum
461 2376 553 2411 ceu
583 2362 882 2427 magistrum
917 2365 1075 2412 secuti

89 2441 229 2487 sunt.
271 2465 344 2472 —
382 2433 470 2486 His
527 2434 723 2486 fortiter
780 2435 1078 2486 restiterunt

90 2508 400 2569 Thomistae‚
443 2509 627 2575 quibus
665 2509 817 2559 etiam
857 2508 1002 2559 multi
1030 2525 1081 2559 a·

92 2582 274 2634 liarum
316 2582 608 2634 scholarum
650 2582 869 2648 theologi
920 2583 1077 2633 iuncti

92 2665 230 2708 sunt.
275 2656 575 2708 Audiendus
634 2664 711 2708 est
760 2664 931 2708 autem
974 2658 1079 2722 ipse

92 2729 144 2783 S.
192 2729 413 2790 Thorium,
456 2733 539 2798 qui
581 2731 717 2782 circa
760 2739 1079 2798 praesentem

93 2805 493 2855 controversiam
536 2802 611 2873 (i)
655 2805 731 2856 his
773 2806 940 2856 verbis
967 2822 1080 2856 sen·

95 2880 307 2929 tentiam
335 2893 480 2929 suam
508 2879 779 2944 expressit:
817 2898 842 2927 «
867 2879 1079 2940 Quidam

95 2952 307 3010 dicunt,
351 2951 482 3019 quod
524 2952 723 3003 etiarnsi
782 2952 931 3003 homo
982 2969 1082 3004 non

96 3031 394 3093 peccasset,
437 3024 527 3076 Dei
582 3024 739 3076 Filius
788 3027 1083 3078 incarnatus

96 3099 293 3151 fuisset.
356 3098 453 3150 Alii
495 3114 617 3151 vero
655 3102 969 3151 contrarium
1007 3117 1083 3152 as-

97 3179 305 3233 serunt,
348 3185 565 3241 quorum
616 3174 881 3226 assertioni
925 3177 1085 3242 magis

97 3247 476 3298 assentiendum
520 3246 758 3311 videtur3
807 3265 867 3300 ea
907 3249 1041 3300 enim
1069 3290 1081 3310 ,

77 3334 331 3388 -quae-ex
369 3320 473 3372 sola
533 3319 795 3373 voluntate
848 3322 936 3374 Dei
980 3339 1088 3390 pro·

101 3393 315 3446 veniunt
351 3410 503 3461 supra
543 3410 694 3446 omne
733 3395 957 3447 debitum
1002 3413 1088 3447 na-

102 3472 267 3528 turae,
310 3467 454 3520 nobis
492 3469 812 3522 innotescere
854 3485 951 3523 non
979 3487 1088 3539 pos-

145 3563 199 3608 (1)
215 3566 251 3607 3.
274 3574 310 3608 (1.
333 3566 368 3608 1.
391 3570 462 3603 art.
484 3566 516 3604 ⁸.

1133 295 1270 357 sunt,
1299 289 1391 342 nisi
1417 290 1672 358 quatenns
1689 288 1750 342 <in
1777 287 1829 342 8.·
1856 288 2120 359 Scriptura

1134 364 1443 422 traduntur,
1504 378 1604 430 per.
1628 371 1781 432 quam
1822 363 1994 416 divina
2035 375 2122 417 vo-'
2178 380 2184 384 ·

1136 438 1304 492 luntas
1332 437 1477 491 nobis
1503 436 1794 489 innotescit.
1825 433 1970 489 Unde
2002 453 2121 490 cum

1133 512 1183 563 in
1224 510 1278 564 S.
1326 511 1588 579 Scriptura
1647 510 1832 578 ubique
1883 509 2124 563 lucarna-

1135 586 1285 637 tionis
1322 586 1450 637 ratio
1489 599 1555 635 ex
1595 590 1801 650 peccato
1842 584 1990 651 primi
2035 584 2124 637 ho-

1136 659 1284 711 minis
1339 659 1665 725 assignetur,
1733 658 2124 711 convenientius

1134 734 1352 799 dicitur,
1394 730 1763 784 lncarnationis
1818 746 1946 799 opus
1994 732 2125 784 ordi-

1133 812 1310 858 natum
1361 821 1470 857 esse
1522 822 1551 858 a
1606 804 1711 858 Deo
1749 805 1801 856 in
1841 805 2125 858 remedium

1134 887 1310 932 contra
1351 886 1618 948 peccatum
1648 920 1660 939 ‚
1718 879 1786 931 ita
1837 880 1971 947 quod
2013 895 2126 948 pec-

1134 960 1246 1006 cato
1312 970 1410 1005 non
1477 954 1731 1005 existente
1758 995 1770 1013 ,
1833 954 2125 1006 lncarnatio

1135 1045 1233 1080 non
1275 1028 1470 1080 fuisset.
1505 1027 1747 1090 Quamvis
1774 1028 1997 1095 potentia
2032 1027 2124 1080 Dei

1134 1103 1196 1154 ad
1238 1102 1332 1154 hoc
1374 1118 1470 1153 non
1515 1102 1776 1166 limitetur,
1805 1102 2051 1169 potuisset
2077 1118 2127 1153 e-

1137 1178 1237 1227 nim
1280 1177 1431 1228 etiam
1476 1182 1681 1243 peccato
1729 1191 1829 1227 non
1873 1177 2127 1228 existente

1135 1250 1270 1302 Deus
1320 1250 1595 1302 incarnari.
1653 1270 1677 1298 »
1734 1278 1804 1288 —
1856 1247 2127 1302 Caeterum

1139 1325 1278 1390 parvi
1339 1324 1582 1376 momenti
1637 1330 1714 1375 est
1771 1324 2123 1392 investigare,

1136 1399 1254 1466 quid
1294 1398 1483 1450 factum
1515 1399 1712 1465 fuisset,
1753 1399 1794 1450 si
1834 1397 1996 1450 Adam
2026 1414 2126 1451 non

1140 1481 1417 1538 peccasset3
1450 1479 1674 1540 praestat
1703 1474 1868 1540 potius
1897 1471 2127 1525 infinitae

1138 1547 1225 1598 Dei
1267 1547 1474 1597 bonitati
1516 1547 1707 1614 gratias
1760 1562 1948 1613 agere,
1993 1547 2127 1616 quod

1140 1628 1247 1686 post
1289 1621 1469 1672 Adami
1502 1620 1715 1688 lapsum·
1742 1619 1970 1673 Verbum
2010 1636 2128 1673 caro

1139 1696 1327 1746 factum
1367 1696 1432 1746 sit
1478 1695 1540 1745 ad
1598 1694 2001 1746 inseiicissimum
2047 1710 2128 1763 ge-

1139 1785 1234 1821 nus
1273 1768 1558 1820 humanum
1599 1769 1972 1821 redimendum.

1518 1944 1556 2003 §
1606 1945 1735 1991 252.

1335 2041 1387 2074 De
1411 2041 1625 2076 necessitate
1649 2041 1936 2077 Incarnationis.

1212 2139 1374 2190 Deum
1418 2147 1472 2191 ut
1500 2139 1603 2191 Eris
1645 2140 1861 2207 primum
1904 2146 1955 2192 et
1995 2137 2135 2191 inde·

1142 2213 1365 2280 pendens
1407 2229 1500 2265 nec
1540 2215 1743 2266 motivis
1783 2214 1844 2265 ad
1874 2214 2133 2280 agendum

1142 2288 1351 2355 impelii,
1398 2304 1492 2339 nec
1533 2288 1730 2356 legibus
1783 2288 2000 2348 subiici,
2044 2286 2133 2339 sed

1141 2363 1189 2413 in
1249 2362 1626 2429 operationibus
1682 2364 1744 2413 ad
1787 2369 1932 2413 extra
1975 2362 2134 2413 unde·

1140 2451 1340 2504 quaque
1371 2436 1686 2487 liberrimum
1718 2452 1846 2502 esse,
1875 2435 1992 2487 aiibi
2026 2451 2136 2502 pro-

1143 2511 1315 2560 batum
1358 2517 1452 2561 est.
1493 2509 1571 2561 Ab
1612 2509 1708 2561 hac
1747 2517 1887 2561 recta
1930 2509 2134 2560 notione

1141 2583 1230 2634 Dei
1253 2583 1550 2648 deflectunt,
1572 2584 1655 2651 qui
1687 2590 1943 2642 asserunt,
1969 2581 2134 2634 Deum

1142 2658 1377 2709 debuisse
1435 2657 1847 2710 incarnationem
1898 2656 2008 2709 Filii
2057 2656 2133 2708 sui

1142 2733 1418 2783 decernere
1471 2732 1552 2782 vei
1611 2732 1713 2783 iam
1759 2733 1809 2783 in
1865 2730 2134 2800 hypothesi

1143 2807 1413 2857 creationis
1451 2806 1659 2864 mundi,
1705 2805 1785 2857 vei
1826 2806 1920 2857 sub
1966 2805 2136 2857 condi-

1147 2882 1280 2931 tione
1322 2880 1492 2948 lapsus
1530 2880 1732 2947 generis
1772 2878 2009 2940 humani,
2053 2879 2133 2930 vei

1144 2955 1325 3005 saitem
1378 2955 1537 3020 posita
1595 2953 1858 3005 voluntate
1906 2952 2137 3005 homines

1147 3029 1413 3094 reparandi
1445 3028 1681 3079 etsaivos
1702 3026 1934 3079 faciendi.
1967 3027 2135 3091 Quan-

1148 3109 1255 3152 tum
1295 3108 1466 3153 autem
1507 3102 1634 3152 istae
1673 3102 1958 3153 sententiae
1997 3117 2028 3154 a
2057 3117 2137 3154 ve·

1148 3177 1296 3227 ritate
1335 3176 1595 3238 aberrent,
1640 3175 1786 3228 facite
1825 3175 2127 3228 ostenditur.

1222 3249 1270 3300 1.
1320 3249 1597 3300 Incarnatio
1624 3251 1890 3302 necessaria
1918 3266 2016 3302 non
2042 3249 2137 3316 fuit

1148 3338 1207 3374 ex
1235 3322 1478 3391 hypothesi
1502 3312 1758 3376 oreatirfflis
1786 3324 1974 3376 micizdi.
2004 3323 2137 3375 Haec

1148 3397 1281 3447 enim
1337 3397 1548 3449 visibilis
1606 3413 1777 3451 rerum
1830 3397 2137 3450 universitas

1148 3477 1224 3522 est
1263 3470 1454 3522 ordinis
1506 3473 1774 3533 naturalis,
1834 3471 2136 3540 mysterium

1147 3549 1320 3596 autem
1381 3545 1753 3598 iucarnationis
1808 3552 1887 3600 est
1946 3543 2139 3597 ordinis
