<?xml version="1.0" encoding="UTF-8"?>
<!DOCTYPE html PUBLIC "-//W3C//DTD XHTML 1.0 Transitional//EN"
    "http://www.w3.org/TR/xhtml1/DTD/xhtml1-transitional.dtd">
<html xmlns="http://www.w3.org/1999/xhtml" xml:lang="en" lang="en">
 <head>
  <title>
</title>
<meta http-equiv="Content-Type" content="text/html;charset=utf-8" />
  <meta name='ocr-system' content='tesseract 3.04.00' />
  <meta name='ocr-capabilities' content='ocr_page ocr_carea ocr_par ocr_line ocrx_word'/>
</head>
<body>
  <div class='ocr_page' id='page_1' title='image "./theologiae00knoluoft_0118.png"; bbox 0 0 2332 3860; ppageno 0'>
   <div class='ocr_carea' id='block_1_1' title="bbox 0 3431 22 3860">
    <p class='ocr_par' dir='ltr' id='par_1_1' title="bbox 0 3431 22 3860">
     <span class='ocr_line' id='line_1_1' title="bbox 0 3431 22 3860; baseline 0 0"><span class='ocrx_word' id='word_1_1' title='bbox 0 3431 22 3860; x_wconf 95' lang='lat' dir='ltr'><strong> </strong></span> 
     </span>
    </p>
   </div>
   <div class='ocr_carea' id='block_1_2' title="bbox 224 262 1232 3547">
    <p class='ocr_par' dir='ltr' id='par_1_2' title="bbox 225 262 1209 464">
     <span class='ocr_line' id='line_1_2' title="bbox 225 262 1205 333; baseline -0.002 -17"><span class='ocrx_word' id='word_1_2' title='bbox 225 263 359 332; x_wconf 86' lang='lat' dir='ltr'><strong>apud</strong></span> <span class='ocrx_word' id='word_1_3' title='bbox 397 263 577 333; x_wconf 87' lang='lat' dir='ltr'><strong>Tyrios</strong></span> <span class='ocrx_word' id='word_1_4' title='bbox 615 270 667 317; x_wconf 92' lang='lat' dir='ltr'><strong>et</strong></span> <span class='ocrx_word' id='word_1_5' title='bbox 719 263 952 318; x_wconf 89' lang='lat' dir='ltr'><strong>Sidonios</strong></span> <span class='ocrx_word' id='word_1_6' title='bbox 1011 262 1205 331; x_wconf 52' lang='lat' dir='ltr'><strong>produ*</strong></span> 
     </span>
     <span class='ocr_line' id='line_1_3' title="bbox 230 335 1209 406; baseline -0.003 -16"><span class='ocrx_word' id='word_1_7' title='bbox 230 339 449 402; x_wconf 84' lang='lat' dir='ltr'><strong>xissent3</strong></span> <span class='ocrx_word' id='word_1_8' title='bbox 491 353 622 406; x_wconf 84' lang='lat' dir='ltr'><strong>quae</strong></span> <span class='ocrx_word' id='word_1_9' title='bbox 648 336 922 391; x_wconf 86' lang='lat' dir='ltr'><strong>autemob</strong></span> <span class='ocrx_word' id='word_1_10' title='bbox 961 335 1209 389; x_wconf 88' lang='lat' dir='ltr'><strong>conditio-</strong></span> 
     </span>
     <span class='ocr_line' id='line_1_4' title="bbox 226 411 1096 464; baseline -0.003 -1"><span class='ocrx_word' id='word_1_11' title='bbox 226 411 309 464; x_wconf 85' lang='lat' dir='ltr'><strong>nis</strong></span> <span class='ocrx_word' id='word_1_12' title='bbox 344 411 599 464; x_wconf 79' lang='lat' dir='ltr'><strong>desectum</strong></span> <span class='ocrx_word' id='word_1_13' title='bbox 627 418 832 464; x_wconf 85' lang='lat' dir='ltr'><strong>saecuta</strong></span> <span class='ocrx_word' id='word_1_14' title='bbox 862 427 960 463; x_wconf 92' lang='lat' dir='ltr'><strong>non</strong></span> <span class='ocrx_word' id='word_1_15' title='bbox 1001 415 1096 461; x_wconf 89' lang='lat' dir='ltr'><strong>est.</strong></span> 
     </span>
    </p>

    <p class='ocr_par' dir='ltr' id='par_1_3' title="bbox 224 480 1224 2954">
     <span class='ocr_line' id='line_1_5' title="bbox 299 480 1212 549; baseline -0.005 -12"><span class='ocrx_word' id='word_1_16' title='bbox 299 484 352 537; x_wconf 72' lang='lat'><strong>2.</strong></span> <span class='ocrx_word' id='word_1_17' title='bbox 395 484 479 537; x_wconf 75' lang='lat' dir='ltr'><strong>Ex</strong></span> <span class='ocrx_word' id='word_1_18' title='bbox 514 484 604 538; x_wconf 89' lang='lat' dir='ltr'><strong>SS.</strong></span> <span class='ocrx_word' id='word_1_19' title='bbox 647 485 892 538; x_wconf 56' lang='lat' dir='ltr'><strong>Patribus</strong></span> <span class='ocrx_word' id='word_1_20' title='bbox 937 483 989 535; x_wconf 90' lang='lat' dir='ltr'><strong>S.</strong></span> <span class='ocrx_word' id='word_1_21' title='bbox 1036 480 1212 549; x_wconf 77' lang='lat' dir='ltr'><strong>Greqo-</strong></span> 
     </span>
     <span class='ocr_line' id='line_1_6' title="bbox 225 555 1213 626; baseline -0.004 -17"><span class='ocrx_word' id='word_1_22' title='bbox 225 557 336 610; x_wconf 80' lang='lat' dir='ltr'><strong>rius</strong></span> <span class='ocrx_word' id='word_1_23' title='bbox 385 557 534 626; x_wconf 66' lang='lat' dir='ltr'><strong>Nysa.</strong></span> <span class='ocrx_word' id='word_1_24' title='bbox 602 557 749 611; x_wconf 87' lang='lat' dir='ltr'><strong>Orat.</strong></span> <span class='ocrx_word' id='word_1_25' title='bbox 812 558 875 609; x_wconf 94' lang='lat' dir='ltr'><strong>de</strong></span> <span class='ocrx_word' id='word_1_26' title='bbox 933 555 1213 609; x_wconf 84' lang='lat' dir='ltr'><strong>infantibus</strong></span> 
     </span>
     <span class='ocr_line' id='line_1_7' title="bbox 225 629 1208 689; baseline -0.004 -7"><span class='ocrx_word' id='word_1_27' title='bbox 225 631 501 684; x_wconf 86' lang='lat' dir='ltr'><strong>immatura</strong></span> <span class='ocrx_word' id='word_1_28' title='bbox 541 638 703 684; x_wconf 91' lang='lat' dir='ltr'><strong>morte</strong></span> <span class='ocrx_word' id='word_1_29' title='bbox 742 631 956 684; x_wconf 80' lang='lat' dir='ltr'><strong>sublatis</strong></span> <span class='ocrx_word' id='word_1_30' title='bbox 995 629 1208 689; x_wconf 87' lang='lat' dir='ltr'><strong>asserit,</strong></span> 
     </span>
     <span class='ocr_line' id='line_1_8' title="bbox 224 702 1208 761; baseline -0.004 -5"><span class='ocrx_word' id='word_1_31' title='bbox 224 703 277 756; x_wconf 90' lang='lat' dir='ltr'><strong>id</strong></span> <span class='ocrx_word' id='word_1_32' title='bbox 314 704 548 757; x_wconf 88' lang='lat' dir='ltr'><strong>beneficii</strong></span> <span class='ocrx_word' id='word_1_33' title='bbox 598 705 707 757; x_wconf 92' lang='lat' dir='ltr'><strong>loco</strong></span> <span class='ocrx_word' id='word_1_34' title='bbox 747 721 857 757; x_wconf 88' lang='lat' dir='ltr'><strong>esse</strong></span> <span class='ocrx_word' id='word_1_35' title='bbox 895 702 1208 761; x_wconf 86' lang='lat' dir='ltr'><strong>habendum,</strong></span> 
     </span>
     <span class='ocr_line' id='line_1_9' title="bbox 231 777 1213 846; baseline 0.001 -21"><span class='ocrx_word' id='word_1_36' title='bbox 231 793 340 830; x_wconf 83' lang='lat' dir='ltr'><strong>«ne</strong></span> <span class='ocrx_word' id='word_1_37' title='bbox 369 778 560 830; x_wconf 90' lang='lat' dir='ltr'><strong>malum</strong></span> <span class='ocrx_word' id='word_1_38' title='bbox 592 778 738 839; x_wconf 90' lang='lat' dir='ltr'><strong>illud,</strong></span> <span class='ocrx_word' id='word_1_39' title='bbox 765 778 897 846; x_wconf 93' lang='lat' dir='ltr'><strong>quod</strong></span> <span class='ocrx_word' id='word_1_40' title='bbox 926 777 1213 845; x_wconf 88' lang='lat' dir='ltr'><strong>praescien-</strong></span> 
     </span>
     <span class='ocr_line' id='line_1_10' title="bbox 226 848 1212 919; baseline -0.004 -17"><span class='ocrx_word' id='word_1_41' title='bbox 226 851 298 902; x_wconf 87' lang='lat' dir='ltr'><strong>tia</strong></span> <span class='ocrx_word' id='word_1_42' title='bbox 336 867 427 903; x_wconf 86' lang='lat' dir='ltr'><strong>sua</strong></span> <span class='ocrx_word' id='word_1_43' title='bbox 466 852 707 919; x_wconf 83' lang='lat' dir='ltr'><strong>cognovit</strong></span> <span class='ocrx_word' id='word_1_44' title='bbox 737 851 890 912; x_wconf 83' lang='lat' dir='ltr'><strong>DeuS,</strong></span> <span class='ocrx_word' id='word_1_45' title='bbox 927 852 976 902; x_wconf 92' lang='lat' dir='ltr'><strong>in</strong></span> <span class='ocrx_word' id='word_1_46' title='bbox 1019 866 1098 911; x_wconf 91' lang='lat' dir='ltr'><strong>e0,</strong></span> <span class='ocrx_word' id='word_1_47' title='bbox 1129 848 1212 917; x_wconf 92' lang='lat' dir='ltr'><strong>qui</strong></span> 
     </span>
     <span class='ocr_line' id='line_1_11' title="bbox 232 924 1209 992; baseline -0.005 -17"><span class='ocrx_word' id='word_1_48' title='bbox 232 925 303 976; x_wconf 89' lang='lat' dir='ltr'><strong>ita</strong></span> <span class='ocrx_word' id='word_1_49' title='bbox 330 925 562 976; x_wconf 90' lang='lat' dir='ltr'><strong>victurus</strong></span> <span class='ocrx_word' id='word_1_50' title='bbox 588 925 787 985; x_wconf 85' lang='lat' dir='ltr'><strong>fuisset,</strong></span> <span class='ocrx_word' id='word_1_51' title='bbox 822 924 1136 992; x_wconf 86' lang='lat' dir='ltr'><strong>perficiatur.</strong></span> <span class='ocrx_word' id='word_1_52' title='bbox 1185 942 1209 970; x_wconf 88' lang='lat'>»</span> 
     </span>
     <span class='ocr_line' id='line_1_12' title="bbox 229 993 1214 1065; baseline -0.002 -16"><span class='ocrx_word' id='word_1_53' title='bbox 229 996 285 1049; x_wconf 87' lang='lat' dir='ltr'><strong>S.</strong></span> <span class='ocrx_word' id='word_1_54' title='bbox 328 995 695 1065; x_wconf 74' lang='lat' dir='ltr'><strong>Chrysoslomus</strong></span> <span class='ocrx_word' id='word_1_55' title='bbox 734 998 823 1050; x_wconf 89' lang='lat' dir='ltr'><strong>lib.</strong></span> <span class='ocrx_word' id='word_1_56' title='bbox 857 999 880 1049; x_wconf 75' lang='lat'><strong>1</strong></span> <span class='ocrx_word' id='word_1_57' title='bbox 929 997 993 1048; x_wconf 92' lang='lat' dir='ltr'><strong>ad</strong></span> <span class='ocrx_word' id='word_1_58' title='bbox 1033 993 1214 1062; x_wconf 71' lang='lat' dir='ltr'><strong>Stagy-</strong></span> 
     </span>
     <span class='ocr_line' id='line_1_13' title="bbox 230 1069 1215 1139; baseline -0.002 -17"><span class='ocrx_word' id='word_1_59' title='bbox 230 1070 365 1122; x_wconf 91' lang='lat' dir='ltr'><strong>rium</strong></span> <span class='ocrx_word' id='word_1_60' title='bbox 421 1087 696 1139; x_wconf 86' lang='lat' dir='ltr'><strong>quaerens,</strong></span> <span class='ocrx_word' id='word_1_61' title='bbox 752 1086 844 1123; x_wconf 91' lang='lat' dir='ltr'><strong>cur</strong></span> <span class='ocrx_word' id='word_1_62' title='bbox 881 1069 1019 1122; x_wconf 88' lang='lat' dir='ltr'><strong>Deus</strong></span> <span class='ocrx_word' id='word_1_63' title='bbox 1082 1069 1215 1122; x_wconf 83' lang='lat' dir='ltr'><strong>Ada-</strong></span> 
     </span>
     <span class='ocr_line' id='line_1_14' title="bbox 232 1145 1215 1213; baseline -0.003 -17"><span class='ocrx_word' id='word_1_64' title='bbox 232 1156 374 1196; x_wconf 89' lang='lat' dir='ltr'><strong>mum</strong></span> <span class='ocrx_word' id='word_1_65' title='bbox 412 1145 585 1196; x_wconf 88' lang='lat' dir='ltr'><strong>statim</strong></span> <span class='ocrx_word' id='word_1_66' title='bbox 626 1152 736 1212; x_wconf 88' lang='lat' dir='ltr'><strong>post</strong></span> <span class='ocrx_word' id='word_1_67' title='bbox 777 1150 1043 1213; x_wconf 88' lang='lat' dir='ltr'><strong>peccatum</strong></span> <span class='ocrx_word' id='word_1_68' title='bbox 1074 1159 1101 1194; x_wconf 93' lang='lat' dir='ltr'><strong>e</strong></span> <span class='ocrx_word' id='word_1_69' title='bbox 1130 1158 1215 1209; x_wconf 88' lang='lat' dir='ltr'><strong>pa-</strong></span> 
     </span>
     <span class='ocr_line' id='line_1_15' title="bbox 229 1215 1217 1286; baseline -0.001 -18"><span class='ocrx_word' id='word_1_70' title='bbox 229 1217 397 1269; x_wconf 86' lang='lat' dir='ltr'><strong>radiso</strong></span> <span class='ocrx_word' id='word_1_71' title='bbox 437 1218 633 1286; x_wconf 81' lang='lat' dir='ltr'>expulit</span> <span class='ocrx_word' id='word_1_72' title='bbox 673 1218 963 1286; x_wconf 80' lang='lat' dir='ltr'><strong>respondet:</strong></span> <span class='ocrx_word' id='word_1_73' title='bbox 1031 1236 1055 1264; x_wconf 91' lang='lat'>«</span> <span class='ocrx_word' id='word_1_74' title='bbox 1100 1215 1217 1267; x_wconf 91' lang='lat' dir='ltr'><strong>Ideo</strong></span> 
     </span>
     <span class='ocr_line' id='line_1_16' title="bbox 230 1290 1216 1359; baseline -0.002 -18"><span class='ocrx_word' id='word_1_75' title='bbox 230 1306 257 1341; x_wconf 95' lang='lat' dir='ltr'><strong>e</strong></span> <span class='ocrx_word' id='word_1_76' title='bbox 287 1290 517 1357; x_wconf 85' lang='lat' dir='ltr'>paradiso</span> <span class='ocrx_word' id='word_1_77' title='bbox 547 1293 764 1358; x_wconf 87' lang='lat' dir='ltr'><strong>primum</strong></span> <span class='ocrx_word' id='word_1_78' title='bbox 789 1297 1051 1359; x_wconf 87' lang='lat' dir='ltr'><strong>parentem</strong></span> <span class='ocrx_word' id='word_1_79' title='bbox 1075 1290 1216 1341; x_wconf 88' lang='lat' dir='ltr'><strong>initio</strong></span> 
     </span>
     <span class='ocr_line' id='line_1_17' title="bbox 231 1363 1217 1433; baseline -0.001 -19"><span class='ocrx_word' id='word_1_80' title='bbox 231 1363 403 1415; x_wconf 88' lang='lat' dir='ltr'><strong>statim</strong></span> <span class='ocrx_word' id='word_1_81' title='bbox 444 1365 610 1426; x_wconf 89' lang='lat' dir='ltr'><strong>eiecit,</strong></span> <span class='ocrx_word' id='word_1_82' title='bbox 641 1366 883 1433; x_wconf 88' lang='lat' dir='ltr'><strong>quoniam</strong></span> <span class='ocrx_word' id='word_1_83' title='bbox 922 1365 1084 1416; x_wconf 92' lang='lat' dir='ltr'><strong>honor</strong></span> <span class='ocrx_word' id='word_1_84' title='bbox 1124 1364 1217 1414; x_wconf 89' lang='lat' dir='ltr'><strong>iste</strong></span> 
     </span>
     <span class='ocr_line' id='line_1_18' title="bbox 234 1436 1219 1504; baseline 0 -17"><span class='ocrx_word' id='word_1_85' title='bbox 234 1436 538 1490; x_wconf 76' lang='lat' dir='ltr'>deteriorem</span> <span class='ocrx_word' id='word_1_86' title='bbox 585 1454 704 1490; x_wconf 90' lang='lat' dir='ltr'><strong>eum</strong></span> <span class='ocrx_word' id='word_1_87' title='bbox 745 1439 967 1499; x_wconf 75' lang='lat' dir='ltr'><strong>fecisset,</strong></span> <span class='ocrx_word' id='word_1_88' title='bbox 999 1439 1061 1499; x_wconf 88' lang='lat' dir='ltr'><strong>si,</strong></span> <span class='ocrx_word' id='word_1_89' title='bbox 1108 1443 1219 1504; x_wconf 89' lang='lat' dir='ltr'><strong>post</strong></span> 
     </span>
     <span class='ocr_line' id='line_1_19' title="bbox 232 1511 1214 1580; baseline 0.001 -20"><span class='ocrx_word' id='word_1_90' title='bbox 232 1516 462 1576; x_wconf 89' lang='lat' dir='ltr'><strong>spretum</strong></span> <span class='ocrx_word' id='word_1_91' title='bbox 501 1511 854 1580; x_wconf 88' lang='lat' dir='ltr'><strong>violatumque</strong></span> <span class='ocrx_word' id='word_1_92' title='bbox 896 1511 1214 1570; x_wconf 86' lang='lat' dir='ltr'><strong>mandatum,</strong></span> 
     </span>
     <span class='ocr_line' id='line_1_20' title="bbox 234 1583 1218 1654; baseline 0.001 -21"><span class='ocrx_word' id='word_1_93' title='bbox 234 1583 476 1636; x_wconf 87' lang='lat' dir='ltr'><strong>immotus</strong></span> <span class='ocrx_word' id='word_1_94' title='bbox 516 1584 603 1636; x_wconf 89' lang='lat' dir='ltr'><strong>ille</strong></span> <span class='ocrx_word' id='word_1_95' title='bbox 643 1586 942 1654; x_wconf 86' lang='lat' dir='ltr'><strong>stabilisque</strong></span> <span class='ocrx_word' id='word_1_96' title='bbox 1005 1585 1218 1636; x_wconf 87' lang='lat' dir='ltr'><strong>mansis-</strong></span> 
     </span>
     <span class='ocr_line' id='line_1_21' title="bbox 233 1656 1213 1725; baseline 0.002 -19"><span class='ocrx_word' id='word_1_97' title='bbox 233 1662 329 1707; x_wconf 47' lang='lat' dir='ltr'><strong>set,</strong></span> <span class='ocrx_word' id='word_1_98' title='bbox 359 1675 380 1704; x_wconf 92' lang='lat'>»</span> <span class='ocrx_word' id='word_1_99' title='bbox 415 1657 465 1708; x_wconf 88' lang='lat' dir='ltr'><strong>S.</strong></span> <span class='ocrx_word' id='word_1_100' title='bbox 500 1656 772 1724; x_wconf 77' lang='lat' dir='ltr'><strong>Ayustinus</strong></span> <span class='ocrx_word' id='word_1_101' title='bbox 800 1659 887 1710; x_wconf 90' lang='lat' dir='ltr'><strong>lib.</strong></span> <span class='ocrx_word' id='word_1_102' title='bbox 922 1659 982 1709; x_wconf 91' lang='lat' dir='ltr'><strong>de</strong></span> <span class='ocrx_word' id='word_1_103' title='bbox 1013 1673 1213 1725; x_wconf 78' lang='lat' dir='ltr'><strong>persev,</strong></span> 
     </span>
     <span class='ocr_line' id='line_1_22' title="bbox 232 1727 1220 1799; baseline 0.003 -20"><span class='ocrx_word' id='word_1_104' title='bbox 232 1728 321 1780; x_wconf 91' lang='lat' dir='ltr'><strong>fin.</strong></span> <span class='ocrx_word' id='word_1_105' title='bbox 393 1727 469 1799; x_wconf 75' lang='lat'><strong>(1)</strong></span> <span class='ocrx_word' id='word_1_106' title='bbox 548 1738 727 1783; x_wconf 86' lang='lat' dir='ltr'><strong>contra</strong></span> <span class='ocrx_word' id='word_1_107' title='bbox 782 1731 1220 1799; x_wconf 84' lang='lat' dir='ltr'><strong>Semipelagianos</strong></span> 
     </span>
     <span class='ocr_line' id='line_1_23' title="bbox 234 1803 1218 1872; baseline 0.002 -20"><span class='ocrx_word' id='word_1_108' title='bbox 234 1817 470 1869; x_wconf 87' lang='lat' dir='ltr'><strong>pugnans</strong></span> <span class='ocrx_word' id='word_1_109' title='bbox 508 1803 754 1866; x_wconf 74' lang='lat' dir='ltr'><strong>admittit,</strong></span> <span class='ocrx_word' id='word_1_110' title='bbox 797 1806 963 1856; x_wconf 89' lang='lat' dir='ltr'><strong>Deum</strong></span> <span class='ocrx_word' id='word_1_111' title='bbox 1016 1804 1218 1872; x_wconf 88' lang='lat' dir='ltr'><strong>praevi-</strong></span> 
     </span>
     <span class='ocr_line' id='line_1_24' title="bbox 234 1874 1220 1942; baseline 0.003 -18"><span class='ocrx_word' id='word_1_112' title='bbox 234 1874 354 1926; x_wconf 90' lang='lat' dir='ltr'><strong>dere</strong></span> <span class='ocrx_word' id='word_1_113' title='bbox 394 1876 727 1942; x_wconf 89' lang='lat' dir='ltr'><strong>parvulorum</strong></span> <span class='ocrx_word' id='word_1_114' title='bbox 767 1879 967 1939; x_wconf 87' lang='lat' dir='ltr'><strong>merita,</strong></span> <span class='ocrx_word' id='word_1_115' title='bbox 1011 1877 1093 1928; x_wconf 91' lang='lat' dir='ltr'><strong>vel</strong></span> <span class='ocrx_word' id='word_1_116' title='bbox 1136 1877 1220 1927; x_wconf 92' lang='lat' dir='ltr'><strong>de-</strong></span> 
     </span>
     <span class='ocr_line' id='line_1_25' title="bbox 237 1949 1221 2017; baseline 0.002 -18"><span class='ocrx_word' id='word_1_117' title='bbox 237 1949 439 2010; x_wconf 88' lang='lat' dir='ltr'><strong>merita,</strong></span> <span class='ocrx_word' id='word_1_118' title='bbox 501 1950 542 2000; x_wconf 91' lang='lat' dir='ltr'><strong>si</strong></span> <span class='ocrx_word' id='word_1_119' title='bbox 596 1950 787 2003; x_wconf 83' lang='lat' dir='ltr'><strong>diutius</strong></span> <span class='ocrx_word' id='word_1_120' title='bbox 833 1952 1091 2012; x_wconf 90' lang='lat' dir='ltr'><strong>viverent,</strong></span> <span class='ocrx_word' id='word_1_121' title='bbox 1137 1966 1221 2017; x_wconf 87' lang='lat' dir='ltr'><strong>po-</strong></span> 
     </span>
     <span class='ocr_line' id='line_1_26' title="bbox 235 2021 1222 2090; baseline 0.002 -18"><span class='ocrx_word' id='word_1_122' title='bbox 235 2021 425 2086; x_wconf 88' lang='lat' dir='ltr'><strong>nenda;</strong></span> <span class='ocrx_word' id='word_1_123' title='bbox 456 2021 545 2074; x_wconf 89' lang='lat' dir='ltr'><strong>sed</strong></span> <span class='ocrx_word' id='word_1_124' title='bbox 587 2031 760 2090; x_wconf 83' lang='lat' dir='ltr'><strong>negat,</strong></span> <span class='ocrx_word' id='word_1_125' title='bbox 803 2024 917 2076; x_wconf 87' lang='lat' dir='ltr'><strong>illos</strong></span> <span class='ocrx_word' id='word_1_126' title='bbox 974 2025 1036 2076; x_wconf 81' lang='lat' dir='ltr'><strong>oh</strong></span> <span class='ocrx_word' id='word_1_127' title='bbox 1094 2023 1222 2074; x_wconf 88' lang='lat' dir='ltr'><strong>haec</strong></span> 
     </span>
     <span class='ocr_line' id='line_1_27' title="bbox 238 2094 1223 2162; baseline 0.002 -17"><span class='ocrx_word' id='word_1_128' title='bbox 238 2094 418 2147; x_wconf 88' lang='lat' dir='ltr'><strong>merita</strong></span> <span class='ocrx_word' id='word_1_129' title='bbox 460 2098 693 2162; x_wconf 81' lang='lat' dir='ltr'><strong>praevisa</strong></span> <span class='ocrx_word' id='word_1_130' title='bbox 734 2097 1090 2155; x_wconf 85' lang='lat' dir='ltr'><strong>remunerari,</strong></span> <span class='ocrx_word' id='word_1_131' title='bbox 1134 2104 1223 2148; x_wconf 89' lang='lat' dir='ltr'><strong>aut</strong></span> 
     </span>
     <span class='ocr_line' id='line_1_28' title="bbox 236 2167 1220 2238; baseline 0 -18"><span class='ocrx_word' id='word_1_132' title='bbox 236 2167 299 2220; x_wconf 91' lang='lat' dir='ltr'><strong>ob</strong></span> <span class='ocrx_word' id='word_1_133' title='bbox 328 2167 576 2221; x_wconf 84' lang='lat' dir='ltr'><strong>demerita</strong></span> <span class='ocrx_word' id='word_1_134' title='bbox 604 2173 840 2237; x_wconf 83' lang='lat' dir='ltr'><strong>praevisa</strong></span> <span class='ocrx_word' id='word_1_135' title='bbox 867 2171 1057 2238; x_wconf 89' lang='lat' dir='ltr'><strong>puniri,</strong></span> <span class='ocrx_word' id='word_1_136' title='bbox 1089 2170 1220 2238; x_wconf 88' lang='lat' dir='ltr'><strong>quod</strong></span> 
     </span>
     <span class='ocr_line' id='line_1_29' title="bbox 237 2239 1218 2312; baseline 0.003 -21"><span class='ocrx_word' id='word_1_137' title='bbox 237 2239 462 2294; x_wconf 90' lang='lat' dir='ltr'><strong>illustrat</strong></span> <span class='ocrx_word' id='word_1_138' title='bbox 496 2243 732 2310; x_wconf 86' lang='lat' dir='ltr'><strong>exemplo</strong></span> <span class='ocrx_word' id='word_1_139' title='bbox 766 2245 1036 2312; x_wconf 82' lang='lat' dir='ltr'><strong>Tyriorum</strong></span> <span class='ocrx_word' id='word_1_140' title='bbox 1065 2251 1116 2295; x_wconf 90' lang='lat' dir='ltr'><strong>et</strong></span> <span class='ocrx_word' id='word_1_141' title='bbox 1142 2243 1218 2295; x_wconf 91' lang='lat' dir='ltr'><strong>Si-</strong></span> 
     </span>
     <span class='ocr_line' id='line_1_30' title="bbox 238 2312 1216 2385; baseline 0.005 -21"><span class='ocrx_word' id='word_1_142' title='bbox 238 2312 524 2367; x_wconf 90' lang='lat' dir='ltr'><strong>doniorum.</strong></span> <span class='ocrx_word' id='word_1_143' title='bbox 581 2316 639 2369; x_wconf 92' lang='lat' dir='ltr'><strong>S.</strong></span> <span class='ocrx_word' id='word_1_144' title='bbox 686 2315 952 2385; x_wconf 72' lang='lat' dir='ltr'><strong>Greqorius</strong></span> <span class='ocrx_word' id='word_1_145' title='bbox 991 2317 1065 2371; x_wconf 82' lang='lat' dir='ltr'><strong>M.</strong></span> <span class='ocrx_word' id='word_1_146' title='bbox 1128 2317 1216 2369; x_wconf 89' lang='lat' dir='ltr'><strong>lib.</strong></span> 
     </span>
     <span class='ocr_line' id='line_1_31' title="bbox 237 2386 1223 2459; baseline 0.005 -22"><span class='ocrx_word' id='word_1_147' title='bbox 237 2386 307 2438; x_wconf 80' lang='lat'><strong>55</strong></span> <span class='ocrx_word' id='word_1_148' title='bbox 346 2387 473 2441; x_wconf 89' lang='lat' dir='ltr'><strong>Mor.</strong></span> <span class='ocrx_word' id='word_1_149' title='bbox 519 2386 594 2459; x_wconf 58' lang='lat'><strong>(⁶2)</strong></span> <span class='ocrx_word' id='word_1_150' title='bbox 638 2389 804 2451; x_wconf 88' lang='lat' dir='ltr'><strong>docet,</strong></span> <span class='ocrx_word' id='word_1_151' title='bbox 845 2392 989 2443; x_wconf 89' lang='lat' dir='ltr'><strong>iustis</strong></span> <span class='ocrx_word' id='word_1_152' title='bbox 1033 2392 1085 2441; x_wconf 92' lang='lat' dir='ltr'><strong>in</strong></span> <span class='ocrx_word' id='word_1_153' title='bbox 1139 2391 1223 2442; x_wconf 86' lang='lat' dir='ltr'><strong>bo-</strong></span> 
     </span>
     <span class='ocr_line' id='line_1_32' title="bbox 239 2460 1220 2533; baseline 0.003 -22"><span class='ocrx_word' id='word_1_154' title='bbox 239 2474 360 2513; x_wconf 91' lang='lat' dir='ltr'><strong>num</strong></span> <span class='ocrx_word' id='word_1_155' title='bbox 399 2460 604 2525; x_wconf 80' lang='lat' dir='ltr'><strong>cedere,</strong></span> <span class='ocrx_word' id='word_1_156' title='bbox 647 2464 689 2514; x_wconf 89' lang='lat' dir='ltr'><strong>si</strong></span> <span class='ocrx_word' id='word_1_157' title='bbox 711 2463 985 2533; x_wconf 84' lang='lat' dir='ltr'><strong>aliquando</strong></span> <span class='ocrx_word' id='word_1_158' title='bbox 1026 2480 1220 2516; x_wconf 83' lang='lat' dir='ltr'><strong>vexen-</strong></span> 
     </span>
     <span class='ocr_line' id='line_1_33' title="bbox 238 2535 1222 2605; baseline 0.006 -22"><span class='ocrx_word' id='word_1_159' title='bbox 238 2539 338 2584; x_wconf 90' lang='lat' dir='ltr'><strong>tur:</strong></span> <span class='ocrx_word' id='word_1_160' title='bbox 386 2553 412 2582; x_wconf 89' lang='lat'>«</span> <span class='ocrx_word' id='word_1_161' title='bbox 455 2535 574 2602; x_wconf 84' lang='lat' dir='ltr'><strong>quia</strong></span> <span class='ocrx_word' id='word_1_162' title='bbox 625 2537 752 2588; x_wconf 93' lang='lat' dir='ltr'><strong>mira</strong></span> <span class='ocrx_word' id='word_1_163' title='bbox 804 2538 1030 2605; x_wconf 87' lang='lat' dir='ltr'><strong>potentia</strong></span> <span class='ocrx_word' id='word_1_164' title='bbox 1078 2553 1222 2605; x_wconf 86' lang='lat' dir='ltr'><strong>prae-</strong></span> 
     </span>
     <span class='ocr_line' id='line_1_34' title="bbox 239 2605 1223 2679; baseline 0.008 -25"><span class='ocrx_word' id='word_1_165' title='bbox 239 2605 376 2657; x_wconf 83' lang='lat' dir='ltr'><strong>videt</strong></span> <span class='ocrx_word' id='word_1_166' title='bbox 413 2606 570 2669; x_wconf 92' lang='lat' dir='ltr'><strong>Deus‚</strong></span> <span class='ocrx_word' id='word_1_167' title='bbox 638 2610 791 2676; x_wconf 92' lang='lat' dir='ltr'><strong>quod,</strong></span> <span class='ocrx_word' id='word_1_168' title='bbox 847 2612 888 2662; x_wconf 93' lang='lat' dir='ltr'><strong>si</strong></span> <span class='ocrx_word' id='word_1_169' title='bbox 958 2612 1114 2679; x_wconf 86' lang='lat' dir='ltr'><strong>quieti</strong></span> <span class='ocrx_word' id='word_1_170' title='bbox 1174 2618 1223 2662; x_wconf 89' lang='lat' dir='ltr'><strong>et</strong></span> 
     </span>
     <span class='ocr_line' id='line_1_35' title="bbox 238 2676 1219 2751; baseline 0.007 -23"><span class='ocrx_word' id='word_1_171' title='bbox 238 2676 379 2730; x_wconf 88' lang='lat' dir='ltr'><strong>liberi</strong></span> <span class='ocrx_word' id='word_1_172' title='bbox 407 2680 456 2731; x_wconf 92' lang='lat' dir='ltr'><strong>in</strong></span> <span class='ocrx_word' id='word_1_173' title='bbox 485 2683 1219 2751; x_wconf 83' lang='lat' dir='ltr'><strong>tranquillitatepersisterent,</strong></span> 
     </span>
     <span class='ocr_line' id='line_1_36' title="bbox 239 2753 1221 2809; baseline 0.008 -9"><span class='ocrx_word' id='word_1_174' title='bbox 239 2753 542 2806; x_wconf 82' lang='lat' dir='ltr'><strong>tentationes</strong></span> <span class='ocrx_word' id='word_1_175' title='bbox 604 2755 738 2808; x_wconf 90' lang='lat' dir='ltr'><strong>ferre</strong></span> <span class='ocrx_word' id='word_1_176' title='bbox 787 2757 1069 2809; x_wconf 88' lang='lat' dir='ltr'><strong>adversarii</strong></span> <span class='ocrx_word' id='word_1_177' title='bbox 1123 2773 1221 2808; x_wconf 92' lang='lat' dir='ltr'><strong>non</strong></span> 
     </span>
     <span class='ocr_line' id='line_1_37' title="bbox 240 2823 1224 2898; baseline 0.008 -25"><span class='ocrx_word' id='word_1_178' title='bbox 240 2823 497 2887; x_wconf 87' lang='lat' dir='ltr'><strong>valentes,</strong></span> <span class='ocrx_word' id='word_1_179' title='bbox 543 2829 724 2881; x_wconf 87' lang='lat' dir='ltr'><strong>mentis</strong></span> <span class='ocrx_word' id='word_1_180' title='bbox 788 2837 1074 2898; x_wconf 79' lang='lat' dir='ltr'><strong>prostratae</strong></span> <span class='ocrx_word' id='word_1_181' title='bbox 1114 2830 1224 2881; x_wconf 88' lang='lat' dir='ltr'><strong>vul-</strong></span> 
     </span>
     <span class='ocr_line' id='line_1_38' title="bbox 241 2897 780 2954; baseline 0.009 -8"><span class='ocrx_word' id='word_1_182' title='bbox 241 2897 447 2949; x_wconf 88' lang='lat' dir='ltr'><strong>neribus</strong></span> <span class='ocrx_word' id='word_1_183' title='bbox 479 2899 722 2954; x_wconf 77' lang='lat' dir='ltr'><strong>iacerent,</strong></span> <span class='ocrx_word' id='word_1_184' title='bbox 754 2922 780 2951; x_wconf 68' lang='grc' dir='ltr'><strong>η</strong></span> 
     </span>
    </p>

    <p class='ocr_par' dir='ltr' id='par_1_4' title="bbox 239 2968 1232 3479">
     <span class='ocr_line' id='line_1_39' title="bbox 312 2968 1224 3028; baseline 0.01 -9"><span class='ocrx_word' id='word_1_185' title='bbox 312 2968 365 3019; x_wconf 83' lang='grc'><strong>5.</strong></span> <span class='ocrx_word' id='word_1_186' title='bbox 413 2971 491 3024; x_wconf 70' lang='lat' dir='ltr'><strong>Em</strong></span> <span class='ocrx_word' id='word_1_187' title='bbox 552 2978 755 3027; x_wconf 81' lang='lat' dir='ltr'><strong>ratione.</strong></span> <span class='ocrx_word' id='word_1_188' title='bbox 801 2976 967 3028; x_wconf 89' lang='lat' dir='ltr'><strong>Etiam</strong></span> <span class='ocrx_word' id='word_1_189' title='bbox 1008 2991 1100 3027; x_wconf 89' lang='lat' dir='ltr'><strong>nos</strong></span> <span class='ocrx_word' id='word_1_190' title='bbox 1139 2975 1224 3028; x_wconf 90' lang='lat' dir='ltr'><strong>ho-</strong></span> 
     </span>
     <span class='ocr_line' id='line_1_40' title="bbox 242 3041 1219 3111; baseline 0.008 -20"><span class='ocrx_word' id='word_1_191' title='bbox 242 3041 404 3094; x_wconf 88' lang='lat' dir='ltr'><strong>mines</strong></span> <span class='ocrx_word' id='word_1_192' title='bbox 436 3083 447 3103; x_wconf 94' lang='lat'><strong>,</strong></span> <span class='ocrx_word' id='word_1_193' title='bbox 509 3048 714 3111; x_wconf 82' lang='lat' dir='ltr'><strong>cognita</strong></span> <span class='ocrx_word' id='word_1_194' title='bbox 752 3048 966 3101; x_wconf 86' lang='lat' dir='ltr'><strong>alterius</strong></span> <span class='ocrx_word' id='word_1_195' title='bbox 1004 3048 1175 3100; x_wconf 91' lang='lat' dir='ltr'><strong>indole</strong></span> <span class='ocrx_word' id='word_1_196' title='bbox 1209 3091 1219 3110; x_wconf 91' lang='lat'><strong>,</strong></span> 
     </span>
     <span class='ocr_line' id='line_1_41' title="bbox 239 3119 1223 3189; baseline 0.008 -25"><span class='ocrx_word' id='word_1_197' title='bbox 239 3128 390 3181; x_wconf 85' lang='lat' dir='ltr'><strong>saepe</strong></span> <span class='ocrx_word' id='word_1_198' title='bbox 442 3119 797 3182; x_wconf 86' lang='lat' dir='ltr'><strong>praevidemus</strong></span> <span class='ocrx_word' id='word_1_199' title='bbox 855 3129 907 3174; x_wconf 92' lang='lat' dir='ltr'><strong>et</strong></span> <span class='ocrx_word' id='word_1_200' title='bbox 979 3122 1223 3189; x_wconf 85' lang='lat' dir='ltr'><strong>praedici-</strong></span> 
     </span>
     <span class='ocr_line' id='line_1_42' title="bbox 241 3190 1225 3262; baseline 0.01 -25"><span class='ocrx_word' id='word_1_201' title='bbox 241 3201 374 3248; x_wconf 69' lang='lat' dir='ltr'><strong>mus,</strong></span> <span class='ocrx_word' id='word_1_202' title='bbox 428 3190 549 3256; x_wconf 87' lang='lat' dir='ltr'><strong>quid</strong></span> <span class='ocrx_word' id='word_1_203' title='bbox 590 3194 749 3257; x_wconf 88' lang='lat' dir='ltr'><strong>posita</strong></span> <span class='ocrx_word' id='word_1_204' title='bbox 791 3195 1014 3262; x_wconf 87' lang='lat' dir='ltr'><strong>quadam</strong></span> <span class='ocrx_word' id='word_1_205' title='bbox 1053 3195 1225 3246; x_wconf 85' lang='lat' dir='ltr'><strong>cendi-</strong></span> 
     </span>
     <span class='ocr_line' id='line_1_43' title="bbox 242 3259 1225 3335; baseline 0.011 -25"><span class='ocrx_word' id='word_1_206' title='bbox 242 3259 379 3311; x_wconf 87' lang='lat' dir='ltr'><strong>tione</strong></span> <span class='ocrx_word' id='word_1_207' title='bbox 415 3267 625 3314; x_wconf 88' lang='lat' dir='ltr'><strong>acturus</strong></span> <span class='ocrx_word' id='word_1_208' title='bbox 675 3265 767 3328; x_wconf 85' lang='lat' dir='ltr'><strong>sit3</strong></span> <span class='ocrx_word' id='word_1_209' title='bbox 830 3275 1021 3334; x_wconf 88' lang='lat' dir='ltr'><strong>quanto</strong></span> <span class='ocrx_word' id='word_1_210' title='bbox 1062 3269 1225 3335; x_wconf 84' lang='lat' dir='ltr'><strong>magis</strong></span> 
     </span>
     <span class='ocr_line' id='line_1_44' title="bbox 239 3333 1225 3400; baseline 0.01 -17"><span class='ocrx_word' id='word_1_211' title='bbox 239 3333 493 3400; x_wconf 78' lang='lat' dir='ltr'><strong>orgo-Deo</strong></span> <span class='ocrx_word' id='word_1_212' title='bbox 523 3335 636 3388; x_wconf 88' lang='lat' dir='ltr'><strong>talis</strong></span> <span class='ocrx_word' id='word_1_213' title='bbox 674 3338 886 3390; x_wconf 82' lang='lat' dir='ltr'><strong>scientia</strong></span> <span class='ocrx_word' id='word_1_214' title='bbox 913 3347 991 3392; x_wconf 87' lang='lat' dir='ltr'><strong>est</strong></span> <span class='ocrx_word' id='word_1_215' title='bbox 1031 3341 1225 3393; x_wconf 88' lang='lat' dir='ltr'><strong>adscri-</strong></span> 
     </span>
     <span class='ocr_line' id='line_1_45' title="bbox 239 3403 1232 3479; baseline 0.011 -23"><span class='ocrx_word' id='word_1_216' title='bbox 239 3403 434 3479; x_wconf 76' lang='lat' dir='ltr'><strong>benda?</strong></span> <span class='ocrx_word' id='word_1_217' title='bbox 475 3435 542 3445; x_wconf 90' lang='lat'><strong>--</strong></span> <span class='ocrx_word' id='word_1_218' title='bbox 583 3408 637 3461; x_wconf 89' lang='lat' dir='ltr'><strong>In</strong></span> <span class='ocrx_word' id='word_1_219' title='bbox 681 3410 824 3463; x_wconf 85' lang='lat' dir='ltr'><strong>nobis</strong></span> <span class='ocrx_word' id='word_1_220' title='bbox 862 3413 1067 3465; x_wconf 80' lang='lat' dir='ltr'><strong>cuidem</strong></span> <span class='ocrx_word' id='word_1_221' title='bbox 1108 3413 1232 3467; x_wconf 82' lang='lat' dir='ltr'><strong>talis</strong></span> 
     </span>
    </p>

    <p class='ocr_par' dir='ltr' id='par_1_5' title="bbox 287 3501 505 3547">
     <span class='ocr_line' id='line_1_46' title="bbox 287 3501 505 3547; baseline -0.014 -5"><span class='ocrx_word' id='word_1_222' title='bbox 287 3501 339 3546; x_wconf 69' lang='lat'><strong>(1)</strong></span> <span class='ocrx_word' id='word_1_223' title='bbox 363 3504 447 3547; x_wconf 80' lang='lat' dir='ltr'><strong>cup.</strong></span> <span class='ocrx_word' id='word_1_224' title='bbox 472 3502 505 3539; x_wconf 75' lang='grc'><strong>9.</strong></span> 
     </span>
    </p>
   </div>
   <div class='ocr_carea' id='block_1_3' title="bbox 909 155 1574 222">
    <p class='ocr_par' dir='ltr' id='par_1_6' title="bbox 909 155 1574 222">
     <span class='ocr_line' id='line_1_47' title="bbox 909 155 1574 222; baseline -0.011 0"><span class='ocrx_word' id='word_1_225' title='bbox 909 155 970 222; x_wconf 40' lang='lat' dir='ltr'><strong>13-ss</strong></span> <span class='ocrx_word' id='word_1_226' title='bbox 1008 182 1100 220; x_wconf 85' lang='lat' dir='ltr'><strong>DEO</strong></span> <span class='ocrx_word' id='word_1_227' title='bbox 1140 181 1189 218; x_wconf 79' lang='grc' dir='ltr'><strong>ΙΝ</strong></span> <span class='ocrx_word' id='word_1_228' title='bbox 1226 180 1281 218; x_wconf 81' lang='lat' dir='ltr'><strong>SE</strong></span> <span class='ocrx_word' id='word_1_229' title='bbox 1317 179 1574 217; x_wconf 67' lang='lat' dir='ltr'><strong>specum.</strong></span> 
     </span>
    </p>
   </div>
   <div class='ocr_carea' id='block_1_4' title="bbox 1273 258 2304 768">
    <p class='ocr_par' dir='ltr' id='par_1_7' title="bbox 1273 252 2323 768">
     <span class='ocr_line' id='line_1_48' title="bbox 1274 258 2266 331; baseline -0.001 -18"><span class='ocrx_word' id='word_1_230' title='bbox 1274 260 1527 329; x_wconf 76' lang='lat' dir='ltr'><strong>praevisio</strong></span> <span class='ocrx_word' id='word_1_231' title='bbox 1589 273 1794 328; x_wconf 88' lang='lat' dir='ltr'><strong>semper</strong></span> <span class='ocrx_word' id='word_1_232' title='bbox 1857 258 2160 327; x_wconf 64' lang='lat' dir='ltr'><strong>imperfecta</strong></span> <span class='ocrx_word' id='word_1_233' title='bbox 2211 258 2266 331; x_wconf 72' lang='lat' dir='ltr'><strong>et</strong></span> 
     </span>
     <span class='ocr_line' id='line_1_49' title="bbox 1273 332 2266 401; baseline 0.001 -15"><span class='ocrx_word' id='word_1_234' title='bbox 1273 333 1498 386; x_wconf 84' lang='lat' dir='ltr'><strong>fallibilis</strong></span> <span class='ocrx_word' id='word_1_235' title='bbox 1537 338 1636 394; x_wconf 85' lang='lat' dir='ltr'><strong>est,</strong></span> <span class='ocrx_word' id='word_1_236' title='bbox 1678 332 1797 401; x_wconf 89' lang='lat' dir='ltr'><strong>quia</strong></span> <span class='ocrx_word' id='word_1_237' title='bbox 1825 333 2006 385; x_wconf 83' lang='lat' dir='ltr'><strong>intima</strong></span> <span class='ocrx_word' id='word_1_238' title='bbox 2045 332 2266 387; x_wconf 84' lang='lat' dir='ltr'><strong>hominis</strong></span> 
     </span>
     <span class='ocr_line' id='line_1_50' title="bbox 1275 405 2304 474; baseline 0.001 -16"><span class='ocrx_word' id='word_1_239' title='bbox 1275 411 1537 474; x_wconf 82' lang='lat' dir='ltr'><strong>nunquam</strong></span> <span class='ocrx_word' id='word_1_240' title='bbox 1566 406 1717 474; x_wconf 83' lang='lat' dir='ltr'><strong>plene</strong></span> <span class='ocrx_word' id='word_1_241' title='bbox 1746 407 2101 474; x_wconf 85' lang='lat' dir='ltr'><strong>perspicimus3</strong></span> <span class='ocrx_word' id='word_1_242' title='bbox 2129 405 2268 459; x_wconf 90' lang='lat' dir='ltr'><strong>Deus</strong></span> <span class='ocrx_word' id='word_1_243' title='bbox 2300 418 2304 419; x_wconf 48' lang='lat'><em>⁷</em></span> 
     </span>
     <span class='ocr_line' id='line_1_51' title="bbox 1273 479 2268 548; baseline 0 -16"><span class='ocrx_word' id='word_1_244' title='bbox 1273 487 1468 540; x_wconf 90' lang='lat' dir='ltr'><strong>autem,</strong></span> <span class='ocrx_word' id='word_1_245' title='bbox 1511 480 1598 548; x_wconf 93' lang='lat' dir='ltr'><strong>qui</strong></span> <span class='ocrx_word' id='word_1_246' title='bbox 1636 480 1866 531; x_wconf 86' lang='lat' dir='ltr'><strong>omnium</strong></span> <span class='ocrx_word' id='word_1_247' title='bbox 1905 479 2058 532; x_wconf 89' lang='lat' dir='ltr'><strong>corda</strong></span> <span class='ocrx_word' id='word_1_248' title='bbox 2099 486 2150 532; x_wconf 91' lang='lat' dir='ltr'><strong>et</strong></span> <span class='ocrx_word' id='word_1_249' title='bbox 2191 495 2268 532; x_wconf 90' lang='lat' dir='ltr'><strong>re-</strong></span> 
     </span>
     <span class='ocr_line' id='line_1_52' title="bbox 1276 542 2272 620; baseline 0.001 -15"><span class='ocrx_word' id='word_1_250' title='bbox 1276 569 1364 606; x_wconf 89' lang='lat' dir='ltr'><strong>nes</strong></span> <span class='ocrx_word' id='word_1_251' title='bbox 1391 542 1671 613; x_wconf 64' lang='lat' dir='ltr'><strong>scrutatur,</strong></span> <span class='ocrx_word' id='word_1_252' title='bbox 1702 553 2070 620; x_wconf 81' lang='lat' dir='ltr'><strong>perfectissime</strong></span> <span class='ocrx_word' id='word_1_253' title='bbox 2097 560 2272 606; x_wconf 88' lang='lat' dir='ltr'><strong>etcer-</strong></span> 
     </span>
     <span class='ocr_line' id='line_1_53' title="bbox 1275 622 2271 695; baseline 0.001 -16"><span class='ocrx_word' id='word_1_254' title='bbox 1275 628 1469 679; x_wconf 88' lang='lat' dir='ltr'><strong>tissime</strong></span> <span class='ocrx_word' id='word_1_255' title='bbox 1510 622 1888 692; x_wconf 78' lang='lat' dir='ltr'><strong>cognoscit‚“²et</strong></span> <span class='ocrx_word' id='word_1_256' title='bbox 1926 627 1979 678; x_wconf 91' lang='lat' dir='ltr'><strong>in</strong></span> <span class='ocrx_word' id='word_1_257' title='bbox 2002 643 2094 679; x_wconf 85' lang='lat' dir='ltr'><strong>sua</strong></span> <span class='ocrx_word' id='word_1_258' title='bbox 2124 643 2271 695; x_wconf 88' lang='lat' dir='ltr'><strong>prae-</strong></span> 
     </span>
     <span class='ocr_line' id='line_1_54' title="bbox 1275 700 2272 768; baseline 0.001 -15"><span class='ocrx_word' id='word_1_259' title='bbox 1275 701 1489 753; x_wconf 85' lang='lat' dir='ltr'><strong>scientia</strong></span> <span class='ocrx_word' id='word_1_260' title='bbox 1529 700 1635 752; x_wconf 76' lang='lat' dir='ltr'><strong>ialli</strong></span> <span class='ocrx_word' id='word_1_261' title='bbox 1677 715 1778 752; x_wconf 88' lang='lat' dir='ltr'><strong>non</strong></span> <span class='ocrx_word' id='word_1_262' title='bbox 1821 706 2005 768; x_wconf 89' lang='lat' dir='ltr'><strong>potest:</strong></span> <span class='ocrx_word' id='word_1_263' title='bbox 2050 702 2152 753; x_wconf 91' lang='lat' dir='ltr'><strong>imo</strong></span> <span class='ocrx_word' id='word_1_264' title='bbox 2196 707 2272 754; x_wconf 79' lang='lat' dir='ltr'><strong>ta-</strong></span> 
     </span>
    </p>
   </div>
   <div class='ocr_carea' id='block_1_5' title="bbox 1251 772 2271 843">
    <p class='ocr_par' dir='ltr' id='par_1_8' title="bbox 1251 772 2271 843">
     <span class='ocr_line' id='line_1_55' title="bbox 1251 772 2271 843; baseline 0.001 -18"><span class='ocrx_word' id='word_1_265' title='bbox 1251 775 1378 827; x_wconf 89' lang='lat' dir='ltr'><strong>·lem</strong></span> <span class='ocrx_word' id='word_1_266' title='bbox 1423 775 1693 826; x_wconf 86' lang='lat' dir='ltr'><strong>scientiam</strong></span> <span class='ocrx_word' id='word_1_267' title='bbox 1750 772 1857 825; x_wconf 89' lang='lat' dir='ltr'><strong>Deo</strong></span> <span class='ocrx_word' id='word_1_268' title='bbox 1922 773 2116 838; x_wconf 82' lang='lat' dir='ltr'><strong>inesse,</strong></span> <span class='ocrx_word' id='word_1_269' title='bbox 2162 775 2271 843; x_wconf 86' lang='lat' dir='ltr'><strong>ipsa</strong></span> 
     </span>
    </p>
   </div>
   <div class='ocr_carea' id='block_1_6' title="bbox 1276 846 2271 990">
    <p class='ocr_par' dir='ltr' id='par_1_9' title="bbox 1276 846 2271 990">
     <span class='ocr_line' id='line_1_56' title="bbox 1276 846 2271 916; baseline 0.001 -17"><span class='ocrx_word' id='word_1_270' title='bbox 1276 848 1389 900; x_wconf 88' lang='lat' dir='ltr'><strong>idea</strong></span> <span class='ocrx_word' id='word_1_271' title='bbox 1430 849 1563 899; x_wconf 90' lang='lat' dir='ltr'><strong>entis</strong></span> <span class='ocrx_word' id='word_1_272' title='bbox 1626 846 2002 915; x_wconf 82' lang='lat' dir='ltr'><strong>perfectissimi,</strong></span> <span class='ocrx_word' id='word_1_273' title='bbox 2058 863 2158 916; x_wconf 79' lang='lat' dir='ltr'><strong>quo</strong></span> <span class='ocrx_word' id='word_1_274' title='bbox 2199 847 2271 900; x_wconf 92' lang='lat' dir='ltr'><strong>nil</strong></span> 
     </span>
     <span class='ocr_line' id='line_1_57' title="bbox 1277 920 2264 990; baseline 0.001 -16"><span class='ocrx_word' id='word_1_275' title='bbox 1277 921 1463 974; x_wconf 90' lang='lat' dir='ltr'><strong>melius</strong></span> <span class='ocrx_word' id='word_1_276' title='bbox 1485 921 1698 990; x_wconf 85' lang='lat' dir='ltr'><strong>cogitari</strong></span> <span class='ocrx_word' id='word_1_277' title='bbox 1730 927 1916 989; x_wconf 88' lang='lat' dir='ltr'><strong>potest,</strong></span> <span class='ocrx_word' id='word_1_278' title='bbox 1949 920 2264 989; x_wconf 60' lang='lat' dir='ltr'><strong>expostulat,</strong></span> 
     </span>
    </p>
   </div>
   <div class='ocr_carea' id='block_1_7' title="bbox 1689 1043 1861 1101">
    <p class='ocr_par' dir='ltr' id='par_1_10' title="bbox 1689 1043 1861 1101">
     <span class='ocr_line' id='line_1_58' title="bbox 1689 1043 1861 1101; baseline 0 -12"><span class='ocrx_word' id='word_1_279' title='bbox 1689 1044 1727 1101; x_wconf 62' lang='grc' dir='ltr'><strong>ς</strong></span> <span class='ocrx_word' id='word_1_280' title='bbox 1755 1043 1861 1089; x_wconf 63' lang='lat' dir='ltr'><strong>can.</strong></span> 
     </span>
    </p>
   </div>
   <div class='ocr_carea' id='block_1_8' title="bbox 1580 1130 1969 1165">
    <p class='ocr_par' dir='ltr' id='par_1_11' title="bbox 1580 1130 1969 1165">
     <span class='ocr_line' id='line_1_59' title="bbox 1580 1130 1969 1165; baseline -0.003 0"><span class='ocrx_word' id='word_1_281' title='bbox 1580 1130 1631 1165; x_wconf 91' lang='lat' dir='ltr'><strong>De</strong></span> <span class='ocrx_word' id='word_1_282' title='bbox 1662 1130 1811 1165; x_wconf 86' lang='lat' dir='ltr'><strong>scientia</strong></span> <span class='ocrx_word' id='word_1_283' title='bbox 1836 1130 1969 1165; x_wconf 87' lang='lat' dir='ltr'><strong>media.</strong></span> 
     </span>
    </p>
   </div>
   <div class='ocr_carea' id='block_1_9' title="bbox 1280 1212 2309 3556">
    <p class='ocr_par' dir='ltr' id='par_1_12' title="bbox 1280 1212 2287 3409">
     <span class='ocr_line' id='line_1_60' title="bbox 1352 1212 2268 1282; baseline 0 -16"><span class='ocrx_word' id='word_1_284' title='bbox 1352 1212 1652 1266; x_wconf 85' lang='lat' dir='ltr'><strong>Scholastici</strong></span> <span class='ocrx_word' id='word_1_285' title='bbox 1687 1214 1971 1282; x_wconf 89' lang='lat' dir='ltr'><strong>antiquitus</strong></span> <span class='ocrx_word' id='word_1_286' title='bbox 1998 1213 2268 1266; x_wconf 87' lang='lat' dir='ltr'><strong>scientiam</strong></span> 
     </span>
     <span class='ocr_line' id='line_1_61' title="bbox 1281 1287 2274 1340; baseline 0 -1"><span class='ocrx_word' id='word_1_287' title='bbox 1281 1288 1508 1340; x_wconf 89' lang='lat' dir='ltr'><strong>divinam</strong></span> <span class='ocrx_word' id='word_1_288' title='bbox 1550 1287 1778 1339; x_wconf 88' lang='lat' dir='ltr'><strong>dividere</strong></span> <span class='ocrx_word' id='word_1_289' title='bbox 1818 1292 2200 1339; x_wconf 87' lang='lat' dir='ltr'><strong>consueverunt</strong></span> <span class='ocrx_word' id='word_1_290' title='bbox 2222 1288 2274 1339; x_wconf 89' lang='lat' dir='ltr'><strong>in</strong></span> 
     </span>
     <span class='ocr_line' id='line_1_62' title="bbox 1280 1360 2271 1429; baseline -0.002 -15"><span class='ocrx_word' id='word_1_291' title='bbox 1280 1363 1547 1414; x_wconf 82' lang='lat' dir='ltr'><strong>scientiam</strong></span> <span class='ocrx_word' id='word_1_292' title='bbox 1599 1361 1834 1429; x_wconf 78' lang='lat' dir='ltr'><strong>simplicis</strong></span> <span class='ocrx_word' id='word_1_293' title='bbox 1887 1360 2271 1428; x_wconf 54' lang='lat' dir='ltr'><strong>intelligentiae,</strong></span> 
     </span>
     <span class='ocr_line' id='line_1_63' title="bbox 1281 1434 2278 1504; baseline 0 -17"><span class='ocrx_word' id='word_1_294' title='bbox 1281 1451 1411 1504; x_wconf 88' lang='lat' dir='ltr'><strong>quae</strong></span> <span class='ocrx_word' id='word_1_295' title='bbox 1441 1451 1531 1503; x_wconf 88' lang='lat' dir='ltr'><strong>pro</strong></span> <span class='ocrx_word' id='word_1_296' title='bbox 1559 1435 1758 1487; x_wconf 89' lang='lat' dir='ltr'><strong>obiecto</strong></span> <span class='ocrx_word' id='word_1_297' title='bbox 1779 1434 1934 1486; x_wconf 86' lang='lat' dir='ltr'><strong>habet</strong></span> <span class='ocrx_word' id='word_1_298' title='bbox 1962 1435 2134 1486; x_wconf 90' lang='lat' dir='ltr'><strong>omnia</strong></span> <span class='ocrx_word' id='word_1_299' title='bbox 2164 1451 2278 1503; x_wconf 90' lang='lat' dir='ltr'><strong>pos-</strong></span> 
     </span>
     <span class='ocr_line' id='line_1_64' title="bbox 1281 1508 2273 1573; baseline -0.001 -13"><span class='ocrx_word' id='word_1_300' title='bbox 1281 1509 1466 1573; x_wconf 84' lang='lat' dir='ltr'><strong>sibilia;</strong></span> <span class='ocrx_word' id='word_1_301' title='bbox 1511 1516 1562 1560; x_wconf 93' lang='lat' dir='ltr'><strong>et</strong></span> <span class='ocrx_word' id='word_1_302' title='bbox 1626 1510 1679 1559; x_wconf 92' lang='lat' dir='ltr'><strong>in</strong></span> <span class='ocrx_word' id='word_1_303' title='bbox 1737 1508 2007 1560; x_wconf 87' lang='lat' dir='ltr'><strong>scientiam</strong></span> <span class='ocrx_word' id='word_1_304' title='bbox 2050 1509 2273 1568; x_wconf 67' lang='lat' dir='ltr'><strong>vision-63,</strong></span> 
     </span>
     <span class='ocr_line' id='line_1_65' title="bbox 1282 1582 2280 1651; baseline -0.002 -17"><span class='ocrx_word' id='word_1_305' title='bbox 1282 1584 1428 1634; x_wconf 89' lang='lat' dir='ltr'><strong>cuius</strong></span> <span class='ocrx_word' id='word_1_306' title='bbox 1455 1583 1712 1634; x_wconf 87' lang='lat' dir='ltr'><strong>obiectum</strong></span> <span class='ocrx_word' id='word_1_307' title='bbox 1755 1582 1927 1633; x_wconf 87' lang='lat' dir='ltr'><strong>omnia</strong></span> <span class='ocrx_word' id='word_1_308' title='bbox 1950 1597 2280 1651; x_wconf 90' lang='lat' dir='ltr'><strong>quocumque</strong></span> 
     </span>
     <span class='ocr_line' id='line_1_66' title="bbox 1282 1654 2275 1724; baseline -0.001 -17"><span class='ocrx_word' id='word_1_309' title='bbox 1282 1663 1510 1724; x_wconf 91' lang='lat' dir='ltr'><strong>tempore</strong></span> <span class='ocrx_word' id='word_1_310' title='bbox 1552 1656 1827 1708; x_wconf 80' lang='lat' dir='ltr'><strong>existentia</strong></span> <span class='ocrx_word' id='word_1_311' title='bbox 1869 1656 2175 1707; x_wconf 90' lang='lat' dir='ltr'><strong>costituunt.</strong></span> <span class='ocrx_word' id='word_1_312' title='bbox 2220 1654 2275 1707; x_wconf 91' lang='lat' dir='ltr'><strong>In</strong></span> 
     </span>
     <span class='ocr_line' id='line_1_67' title="bbox 1282 1727 2280 1789; baseline -0.001 -8"><span class='ocrx_word' id='word_1_313' title='bbox 1282 1731 1384 1781; x_wconf 89' lang='lat' dir='ltr'><strong>fine</strong></span> <span class='ocrx_word' id='word_1_314' title='bbox 1435 1736 1608 1782; x_wconf 89' lang='lat' dir='ltr'><strong>autem</strong></span> <span class='ocrx_word' id='word_1_315' title='bbox 1662 1727 1853 1780; x_wconf 84' lang='lat' dir='ltr'><strong>saeculi</strong></span> <span class='ocrx_word' id='word_1_316' title='bbox 1916 1729 2006 1789; x_wconf 72' lang='lat'><strong>46,</strong></span> <span class='ocrx_word' id='word_1_317' title='bbox 2077 1727 2280 1780; x_wconf 91' lang='lat' dir='ltr'><strong>nonulli</strong></span> 
     </span>
     <span class='ocr_line' id='line_1_68' title="bbox 1282 1801 2280 1868; baseline -0.001 -14"><span class='ocrx_word' id='word_1_318' title='bbox 1282 1802 1521 1868; x_wconf 85' lang='lat' dir='ltr'><strong>Theologi</strong></span> <span class='ocrx_word' id='word_1_319' title='bbox 1563 1803 1772 1853; x_wconf 90' lang='lat' dir='ltr'><strong>tertium</strong></span> <span class='ocrx_word' id='word_1_320' title='bbox 1812 1801 2077 1853; x_wconf 88' lang='lat' dir='ltr'><strong>divisionis</strong></span> <span class='ocrx_word' id='word_1_321' title='bbox 2120 1817 2280 1854; x_wconf 90' lang='lat' dir='ltr'><strong>mem-</strong></span> 
     </span>
     <span class='ocr_line' id='line_1_69' title="bbox 1283 1875 2273 1943; baseline 0 -15"><span class='ocrx_word' id='word_1_322' title='bbox 1283 1877 1431 1928; x_wconf 87' lang='lat' dir='ltr'><strong>brum</strong></span> <span class='ocrx_word' id='word_1_323' title='bbox 1473 1875 1803 1927; x_wconf 91' lang='lat' dir='ltr'><strong>inserendum</strong></span> <span class='ocrx_word' id='word_1_324' title='bbox 1844 1891 1957 1927; x_wconf 92' lang='lat' dir='ltr'><strong>esse</strong></span> <span class='ocrx_word' id='word_1_325' title='bbox 2001 1882 2273 1943; x_wconf 89' lang='lat' dir='ltr'><strong>putarunt,</strong></span> 
     </span>
     <span class='ocr_line' id='line_1_70' title="bbox 1285 1949 2282 2017; baseline 0.001 -17"><span class='ocrx_word' id='word_1_326' title='bbox 1285 1950 1524 2001; x_wconf 84' lang='lat' dir='ltr'><strong>nimirum</strong></span> <span class='ocrx_word' id='word_1_327' title='bbox 1588 1949 1839 2002; x_wconf 75' lang='lat' dir='ltr'><strong>scientiam</strong></span> <span class='ocrx_word' id='word_1_328' title='bbox 1900 1949 2132 2010; x_wconf 76' lang='lat' dir='ltr'><strong>mediam,</strong></span> <span class='ocrx_word' id='word_1_329' title='bbox 2190 1965 2282 2017; x_wconf 85' lang='lat' dir='ltr'><strong>per</strong></span> 
     </span>
     <span class='ocr_line' id='line_1_71' title="bbox 1284 2022 2281 2092; baseline 0 -18"><span class='ocrx_word' id='word_1_330' title='bbox 1284 2039 1434 2092; x_wconf 85' lang='lat' dir='ltr'><strong>quam</strong></span> <span class='ocrx_word' id='word_1_331' title='bbox 1474 2023 1613 2090; x_wconf 88' lang='lat' dir='ltr'><strong>Deus</strong></span> <span class='ocrx_word' id='word_1_332' title='bbox 1653 2022 1918 2090; x_wconf 84' lang='lat' dir='ltr'><strong>cognoscit</strong></span> <span class='ocrx_word' id='word_1_333' title='bbox 1955 2023 2281 2076; x_wconf 75' lang='lat' dir='ltr'><strong>conditionate</strong></span> 
     </span>
     <span class='ocr_line' id='line_1_72' title="bbox 1282 2097 2284 2165; baseline 0.002 -18"><span class='ocrx_word' id='word_1_334' title='bbox 1282 2100 1475 2163; x_wconf 69' lang='lat' dir='ltr'><strong>futurag</strong></span> <span class='ocrx_word' id='word_1_335' title='bbox 1508 2099 1542 2147; x_wconf 91' lang='lat' dir='ltr'><strong>i.</strong></span> <span class='ocrx_word' id='word_1_336' title='bbox 1587 2112 1635 2148; x_wconf 87' lang='lat' dir='ltr'><strong>e.</strong></span> <span class='ocrx_word' id='word_1_337' title='bbox 1680 2113 1738 2148; x_wconf 86' lang='lat' dir='ltr'><strong>ea</strong></span> <span class='ocrx_word' id='word_1_338' title='bbox 1781 2097 1973 2157; x_wconf 91' lang='lat' dir='ltr'><strong>omnia,</strong></span> <span class='ocrx_word' id='word_1_339' title='bbox 2005 2113 2138 2165; x_wconf 86' lang='lat' dir='ltr'><strong>quae</strong></span> <span class='ocrx_word' id='word_1_340' title='bbox 2180 2112 2284 2149; x_wconf 90' lang='lat' dir='ltr'><strong>non</strong></span> 
     </span>
     <span class='ocr_line' id='line_1_73' title="bbox 1285 2170 2282 2237; baseline 0 -15"><span class='ocrx_word' id='word_1_341' title='bbox 1285 2171 1450 2222; x_wconf 91' lang='lat' dir='ltr'><strong>solum</strong></span> <span class='ocrx_word' id='word_1_342' title='bbox 1478 2170 1734 2237; x_wconf 85' lang='lat' dir='ltr'><strong>possibilia</strong></span> <span class='ocrx_word' id='word_1_343' title='bbox 1762 2177 1911 2230; x_wconf 91' lang='lat' dir='ltr'><strong>sunt,</strong></span> <span class='ocrx_word' id='word_1_344' title='bbox 1938 2171 2029 2222; x_wconf 86' lang='lat' dir='ltr'><strong>sed</strong></span> <span class='ocrx_word' id='word_1_345' title='bbox 2069 2170 2282 2222; x_wconf 76' lang='lat' dir='ltr'><strong>realiter</strong></span> 
     </span>
     <span class='ocr_line' id='line_1_74' title="bbox 1286 2243 2283 2312; baseline 0 -17"><span class='ocrx_word' id='word_1_346' title='bbox 1286 2245 1453 2296; x_wconf 84' lang='lat' dir='ltr'><strong>futura</strong></span> <span class='ocrx_word' id='word_1_347' title='bbox 1484 2249 1674 2304; x_wconf 83' lang='lat' dir='ltr'><strong>essent,</strong></span> <span class='ocrx_word' id='word_1_348' title='bbox 1709 2246 1749 2295; x_wconf 85' lang='lat' dir='ltr'><strong>si</strong></span> <span class='ocrx_word' id='word_1_349' title='bbox 1773 2243 1996 2296; x_wconf 78' lang='lat' dir='ltr'><strong>conditio</strong></span> <span class='ocrx_word' id='word_1_350' title='bbox 2025 2243 2283 2312; x_wconf 87' lang='lat' dir='ltr'><strong>quaedam</strong></span> 
     </span>
     <span class='ocr_line' id='line_1_75' title="bbox 1287 2317 2280 2384; baseline 0.002 -16"><span class='ocrx_word' id='word_1_351' title='bbox 1287 2323 1582 2384; x_wconf 83' lang='lat' dir='ltr'><strong>poneretur3</strong></span> <span class='ocrx_word' id='word_1_352' title='bbox 1626 2317 1689 2369; x_wconf 92' lang='lat' dir='ltr'><strong>ob</strong></span> <span class='ocrx_word' id='word_1_353' title='bbox 1730 2317 1883 2369; x_wconf 87' lang='lat' dir='ltr'><strong>huius</strong></span> <span class='ocrx_word' id='word_1_354' title='bbox 1948 2323 2123 2370; x_wconf 86' lang='lat' dir='ltr'><strong>autem</strong></span> <span class='ocrx_word' id='word_1_355' title='bbox 2190 2317 2280 2370; x_wconf 91' lang='lat' dir='ltr'><strong>de-</strong></span> 
     </span>
     <span class='ocr_line' id='line_1_76' title="bbox 1285 2389 2284 2443; baseline 0 -1"><span class='ocrx_word' id='word_1_356' title='bbox 1285 2391 1474 2442; x_wconf 88' lang='lat' dir='ltr'><strong>fectum</strong></span> <span class='ocrx_word' id='word_1_357' title='bbox 1530 2389 1736 2442; x_wconf 82' lang='lat' dir='ltr'><strong>realiter</strong></span> <span class='ocrx_word' id='word_1_358' title='bbox 1786 2391 1957 2442; x_wconf 84' lang='lat' dir='ltr'><strong>futura</strong></span> <span class='ocrx_word' id='word_1_359' title='bbox 2007 2407 2107 2443; x_wconf 93' lang='lat' dir='ltr'><strong>non</strong></span> <span class='ocrx_word' id='word_1_360' title='bbox 2159 2397 2284 2442; x_wconf 85' lang='lat' dir='ltr'><strong>sunt</strong></span> 
     </span>
     <span class='ocr_line' id='line_1_77' title="bbox 1285 2463 2285 2531; baseline 0.001 -16"><span class='ocrx_word' id='word_1_361' title='bbox 1285 2471 1335 2516; x_wconf 92' lang='lat' dir='ltr'><strong>et</strong></span> <span class='ocrx_word' id='word_1_362' title='bbox 1386 2464 1499 2517; x_wconf 92' lang='lat' dir='ltr'><strong>ideo</strong></span> <span class='ocrx_word' id='word_1_363' title='bbox 1560 2465 1695 2516; x_wconf 89' lang='lat' dir='ltr'><strong>inter</strong></span> <span class='ocrx_word' id='word_1_364' title='bbox 1734 2480 1877 2517; x_wconf 89' lang='lat' dir='ltr'><strong>mere</strong></span> <span class='ocrx_word' id='word_1_365' title='bbox 1916 2463 2178 2531; x_wconf 89' lang='lat' dir='ltr'><strong>possibilia</strong></span> <span class='ocrx_word' id='word_1_366' title='bbox 2212 2470 2285 2525; x_wconf 56' lang='lat' dir='ltr'><strong>Qet</strong></span> 
     </span>
     <span class='ocr_line' id='line_1_78' title="bbox 1286 2537 2283 2590; baseline 0.001 -2"><span class='ocrx_word' id='word_1_367' title='bbox 1286 2538 1494 2589; x_wconf 84' lang='lat' dir='ltr'><strong>realiter</strong></span> <span class='ocrx_word' id='word_1_368' title='bbox 1535 2539 1810 2590; x_wconf 81' lang='lat' dir='ltr'><strong>existentia</strong></span> <span class='ocrx_word' id='word_1_369' title='bbox 1851 2537 2079 2589; x_wconf 86' lang='lat' dir='ltr'><strong>medium</strong></span> <span class='ocrx_word' id='word_1_370' title='bbox 2109 2537 2283 2589; x_wconf 85' lang='lat' dir='ltr'><strong>locum</strong></span> 
     </span>
     <span class='ocr_line' id='line_1_79' title="bbox 1287 2611 2286 2678; baseline 0 -15"><span class='ocrx_word' id='word_1_371' title='bbox 1287 2618 1480 2663; x_wconf 85' lang='lat' dir='ltr'><strong>tenent.</strong></span> <span class='ocrx_word' id='word_1_372' title='bbox 1527 2611 1671 2662; x_wconf 87' lang='lat' dir='ltr'><strong>Hanc</strong></span> <span class='ocrx_word' id='word_1_373' title='bbox 1732 2611 2044 2663; x_wconf 87' lang='lat' dir='ltr'><strong>sententiam</strong></span> <span class='ocrx_word' id='word_1_374' title='bbox 2088 2611 2286 2678; x_wconf 86' lang='lat' dir='ltr'><strong>praeci-</strong></span> 
     </span>
     <span class='ocr_line' id='line_1_80' title="bbox 1289 2683 2286 2754; baseline 0.001 -19"><span class='ocrx_word' id='word_1_375' title='bbox 1289 2701 1383 2751; x_wconf 86' lang='lat' dir='ltr'><strong>pue</strong></span> <span class='ocrx_word' id='word_1_376' title='bbox 1423 2683 1689 2736; x_wconf 74' lang='lat' dir='ltr'><strong>Lodovicus</strong></span> <span class='ocrx_word' id='word_1_377' title='bbox 1744 2684 1940 2738; x_wconf 80' lang='lat' dir='ltr'><strong>Molina</strong></span> <span class='ocrx_word' id='word_1_378' title='bbox 1991 2699 2286 2754; x_wconf 57' lang='lat' dir='ltr'><strong>propugnaa</strong></span> 
     </span>
     <span class='ocr_line' id='line_1_81' title="bbox 1287 2758 2287 2818; baseline 0.002 -10"><span class='ocrx_word' id='word_1_379' title='bbox 1287 2761 1379 2818; x_wconf 85' lang='lat' dir='ltr'><strong>vit,</strong></span> <span class='ocrx_word' id='word_1_380' title='bbox 1423 2764 1474 2809; x_wconf 89' lang='lat' dir='ltr'><strong>et</strong></span> <span class='ocrx_word' id='word_1_381' title='bbox 1513 2758 1576 2809; x_wconf 86' lang='lat' dir='ltr'><strong>ad</strong></span> <span class='ocrx_word' id='word_1_382' title='bbox 1609 2758 1981 2810; x_wconf 85' lang='lat' dir='ltr'><strong>ostendendam</strong></span> <span class='ocrx_word' id='word_1_383' title='bbox 2013 2758 2159 2810; x_wconf 82' lang='lat' dir='ltr'><strong>liberi</strong></span> <span class='ocrx_word' id='word_1_384' title='bbox 2202 2767 2287 2810; x_wconf 85' lang='lat' dir='ltr'><strong>ar-&#39;</strong></span> 
     </span>
     <span class='ocr_line' id='line_1_82' title="bbox 1288 2831 2286 2900; baseline 0 -17"><span class='ocrx_word' id='word_1_385' title='bbox 1288 2831 1420 2883; x_wconf 90' lang='lat' dir='ltr'><strong>bitrii</strong></span> <span class='ocrx_word' id='word_1_386' title='bbox 1462 2834 1578 2882; x_wconf 84' lang='lat' dir='ltr'><strong>cum</strong></span> <span class='ocrx_word' id='word_1_387' title='bbox 1619 2831 1784 2900; x_wconf 85' lang='lat' dir='ltr'><strong>gratia</strong></span> <span class='ocrx_word' id='word_1_388' title='bbox 1826 2832 2158 2884; x_wconf 88' lang='lat' dir='ltr'><strong>concordiam</strong></span> <span class='ocrx_word' id='word_1_389' title='bbox 2198 2846 2286 2899; x_wconf 88' lang='lat' dir='ltr'><strong>ap-</strong></span> 
     </span>
     <span class='ocr_line' id='line_1_83' title="bbox 1288 2904 2285 2971; baseline 0.001 -16"><span class='ocrx_word' id='word_1_390' title='bbox 1288 2904 1512 2971; x_wconf 83' lang='lat' dir='ltr'><strong>plicavit.</strong></span> <span class='ocrx_word' id='word_1_391' title='bbox 1549 2905 1689 2969; x_wconf 23' lang='lat' dir='ltr'><strong>,Huic</strong></span> <span class='ocrx_word' id='word_1_392' title='bbox 1717 2920 1840 2957; x_wconf 86' lang='lat' dir='ltr'><strong>vero</strong></span> <span class='ocrx_word' id='word_1_393' title='bbox 1882 2904 2114 2957; x_wconf 82' lang='lat' dir='ltr'><strong>theoriae</strong></span> <span class='ocrx_word' id='word_1_394' title='bbox 2141 2919 2285 2956; x_wconf 86' lang='lat' dir='ltr'><strong>acer-</strong></span> 
     </span>
     <span class='ocr_line' id='line_1_84' title="bbox 1290 2977 2278 3046; baseline 0.002 -19"><span class='ocrx_word' id='word_1_395' title='bbox 1290 2979 1415 3028; x_wconf 88' lang='lat' dir='ltr'><strong>rime</strong></span> <span class='ocrx_word' id='word_1_396' title='bbox 1463 2994 1518 3029; x_wconf 91' lang='lat' dir='ltr'><strong>se</strong></span> <span class='ocrx_word' id='word_1_397' title='bbox 1564 2985 1915 3046; x_wconf 88' lang='lat' dir='ltr'><strong>opposuerunt</strong></span> <span class='ocrx_word' id='word_1_398' title='bbox 1977 2977 2278 3029; x_wconf 73' lang='lat' dir='ltr'><strong>Themistae.</strong></span> 
     </span>
     <span class='ocr_line' id='line_1_85' title="bbox 1286 3050 2287 3119; baseline 0.001 -17"><span class='ocrx_word' id='word_1_399' title='bbox 1286 3050 1562 3119; x_wconf 85' lang='lat' dir='ltr'><strong>Utriusque</strong></span> <span class='ocrx_word' id='word_1_400' title='bbox 1603 3051 1759 3118; x_wconf 84' lang='lat' dir='ltr'><strong>partis</strong></span> <span class='ocrx_word' id='word_1_401' title='bbox 1788 3053 2019 3103; x_wconf 87' lang='lat' dir='ltr'><strong>rationes</strong></span> <span class='ocrx_word' id='word_1_402' title='bbox 2054 3051 2287 3103; x_wconf 82' lang='lat' dir='ltr'><strong>breviter</strong></span> 
     </span>
     <span class='ocr_line' id='line_1_86' title="bbox 1290 3123 2286 3192; baseline 0.002 -18"><span class='ocrx_word' id='word_1_403' title='bbox 1290 3139 1579 3181; x_wconf 79' lang='lat' dir='ltr'><strong>recensere,</strong></span> <span class='ocrx_word' id='word_1_404' title='bbox 1622 3131 1675 3175; x_wconf 90' lang='lat' dir='ltr'><strong>et</strong></span> <span class='ocrx_word' id='word_1_405' title='bbox 1713 3123 2103 3176; x_wconf 88' lang='lat' dir='ltr'><strong>observationes</strong></span> <span class='ocrx_word' id='word_1_406' title='bbox 2129 3136 2286 3192; x_wconf 82' lang='lat' dir='ltr'><strong>quas-</strong></span> 
     </span>
     <span class='ocr_line' id='line_1_87' title="bbox 1288 3196 2287 3266; baseline 0.002 -20"><span class='ocrx_word' id='word_1_407' title='bbox 1288 3197 1404 3247; x_wconf 86' lang='lat' dir='ltr'><strong>dam</strong></span> <span class='ocrx_word' id='word_1_408' title='bbox 1445 3196 1624 3248; x_wconf 86' lang='lat' dir='ltr'><strong>ultimo</strong></span> <span class='ocrx_word' id='word_1_409' title='bbox 1664 3197 1946 3265; x_wconf 83' lang='lat' dir='ltr'><strong>adiungere</strong></span> <span class='ocrx_word' id='word_1_410' title='bbox 1984 3197 2153 3266; x_wconf 71' lang='lat' dir='ltr'><strong>decet,</strong></span> <span class='ocrx_word' id='word_1_411' title='bbox 2193 3211 2287 3248; x_wconf 79' lang='lat' dir='ltr'><strong>ne</strong></span> 
     </span>
     <span class='ocr_line' id='line_1_88' title="bbox 1287 3268 2287 3333; baseline 0.003 -14"><span class='ocrx_word' id='word_1_412' title='bbox 1287 3268 1575 3333; x_wconf 86' lang='lat' dir='ltr'><strong>Theologus</strong></span> <span class='ocrx_word' id='word_1_413' title='bbox 1595 3270 1733 3321; x_wconf 87' lang='lat' dir='ltr'><strong>circa</strong></span> <span class='ocrx_word' id='word_1_414' title='bbox 1755 3277 1859 3321; x_wconf 91' lang='lat' dir='ltr'><strong>tam</strong></span> <span class='ocrx_word' id='word_1_415' title='bbox 1881 3268 2139 3323; x_wconf 83' lang='lat' dir='ltr'><strong>celebrem</strong></span> <span class='ocrx_word' id='word_1_416' title='bbox 2162 3274 2287 3323; x_wconf 73' lang='lat' dir='ltr'><strong>con·-</strong></span> 
     </span>
     <span class='ocr_line' id='line_1_89' title="bbox 1289 3339 2281 3409; baseline 0.002 -15"><span class='ocrx_word' id='word_1_417' title='bbox 1289 3341 1589 3394; x_wconf 87' lang='lat' dir='ltr'><strong>troversiam</strong></span> <span class='ocrx_word' id='word_1_418' title='bbox 1631 3343 1842 3409; x_wconf 86' lang='lat' dir='ltr'><strong>ignarus</strong></span> <span class='ocrx_word' id='word_1_419' title='bbox 1884 3339 2111 3396; x_wconf 52' lang='lat' dir='ltr'><strong>maneat}</strong></span> <span class='ocrx_word' id='word_1_420' title='bbox 2143 3367 2146 3375; x_wconf 63' lang='lat'><strong><em>&gt;</em></strong></span> <span class='ocrx_word' id='word_1_421' title='bbox 2175 3362 2179 3378; x_wconf 70' lang='lat'>¹</span> <span class='ocrx_word' id='word_1_422' title='bbox 2211 3352 2217 3359; x_wconf 84' lang='grc'><em>·</em></span> <span class='ocrx_word' id='word_1_423' title='bbox 2278 3347 2281 3350; x_wconf 79' lang='grc'><strong>“</strong></span> 
     </span>
    </p>

    <p class='ocr_par' dir='ltr' id='par_1_13' title="bbox 1363 3413 2282 3523">
     <span class='ocr_line' id='line_1_90' title="bbox 1363 3413 2282 3523; baseline 0.003 -58"><span class='ocrx_word' id='word_1_424' title='bbox 1363 3414 1415 3466; x_wconf 73' lang='lat' dir='ltr'><strong>l.</strong></span> <span class='ocrx_word' id='word_1_425' title='bbox 1482 3413 1742 3468; x_wconf 81' lang='lat' dir='ltr'><strong>Scientiae</strong></span> <span class='ocrx_word' id='word_1_426' title='bbox 1787 3414 1988 3470; x_wconf 83' lang='lat' dir='ltr'><strong>mediae</strong></span> <span class='ocrx_word' id='word_1_427' title='bbox 2053 3414 2282 3523; x_wconf 55' lang='lat' dir='ltr'><strong>patroni-ff</strong></span> 
     </span>
    </p>

    <p class='ocr_par' dir='ltr' id='par_1_14' title="bbox 1332 3492 2309 3556">
     <span class='ocr_line' id='line_1_91' title="bbox 1332 3492 2309 3556; baseline 0.001 -10"><span class='ocrx_word' id='word_1_428' title='bbox 1332 3508 1384 3556; x_wconf 64' lang='lat' dir='ltr'><strong>(a)</strong></span> <span class='ocrx_word' id='word_1_429' title='bbox 1409 3512 1446 3548; x_wconf 85' lang='lat' dir='ltr'><strong>e.</strong></span> <span class='ocrx_word' id='word_1_430' title='bbox 1474 3508 1527 3547; x_wconf 71' lang='grc' dir='ltr'><strong>ιο.</strong></span> <span class='ocrx_word' id='word_1_431' title='bbox 2176 3517 2201 3525; x_wconf 60' lang='lat'><strong>=·</strong></span> <span class='ocrx_word' id='word_1_432' title='bbox 2279 3492 2309 3509; x_wconf 68' lang='lat'><strong>¹&#39;</strong></span> 
     </span>
    </p>
   </div>
  </div>
 </body>
</html>
