2332 3860
47 0 175 63 ‘'³³‘st

89 288 288 374 riginali
333 287 530 357 aliquos
585 285 816 340 absolute
871 289 1080 357 praede·

8 378 31 435 ᾗ
90 358 291 423 stipari,
321 369 373 414 et
398 362 526 415 alios
542 361 775 415 absolute
797 363 1075 431 reprobari,

5 444 37 506 52²„
93 442 243 505 atque
282 433 538 488 Christum
578 451 668 504 pro
697 436 816 498 illis,
862 454 960 491 non
989 453 1081 490 au-

96 514 196 562 tem
238 525 327 577 pro
366 509 446 563 his
481 517 736 564 mortuum
766 527 895 564 esse.
937 510 1084 563 Simi-

98 581 194 637 lem
213 583 497 637 doctrinam
523 585 780 637 Iansenius
810 587 1082 654 proposuit,

4 662 20 733 f]
98 658 175 725 qui
203 657 322 711 licet
346 659 660 719 admitteret,
697 658 953 712 Christum
996 676 1083 728 pro

8 745 18 802 j
90 733 320 800 reprobis
359 734 666 801 temporales
691 734 935 803 quasdam
970 751 1087 799 gra-

94 805 211 867 tiuS‚
254 821 344 859 seu
370 807 561 860 auxilia
592 809 864 877 quaedam,
903 809 1087 878 quibus

93 879 156 932 ad
196 885 399 950 tempus
439 882 839 935 iustificarentur
866 890 918 935 et
959 884 1087 936 bene

93 954 368 1017 viverent,
413 958 743 1025 promeritum
809 973 948 1019 esse,
1006 973 1091 1009 ne·

94 1027 237 1094 gavit
265 1036 459 1093 tamen,
482 1030 741 1083 Christum
765 1048 852 1100 pro
879 1039 1089 1084 aeterna

96 1116 275 1154 eorum
314 1106 480 1158 salute
543 1107 847 1175 sanguinem
903 1108 1091 1159 fudisse

7 1196 11 1204 ·
97 1182 150 1228 et
188 1186 403 1231 mortem
444 1180 679 1234 subiisse.
718 1212 791 1220 —-
829 1181 977 1234 Hisce
1019 1197 1095 1233 er-

0 3491 38 3622 3

0 3629 247 3860 3

100 1251 299 1304 roribus
337 1255 609 1322 opponitur
649 1255 880 1308 doctrina
925 1255 1096 1308 catho-

102 1323 229 1386 lica,
273 1342 404 1395 quae
461 1328 620 1390 dicit,
671 1329 931 1383 Christum
996 1346 1094 1382 non

102 1400 306 1466 quidem
328 1403 492 1471 quoad
521 1412 787 1467 eventum,
806 1405 893 1457 sed
924 1412 1093 1457 tamen

104 1474 268 1541 quoad
308 1476 645 1530 intentionem
674 1496 773 1532 non
814 1480 978 1532 solum
1011 1496 1098 1547 pro

107 1548 527 1615 praedestinatiS‚
582 1554 670 1605 sed
731 1571 818 1622 pro
865 1555 1101 1606 omnibus

108 1624 312 1676 omnino
341 1633 392 1677 et
418 1628 633 1695 singulis
656 1628 945 1680 hominibus
968 1644 1101 1679 mor·

110 1703 252 1749 tuum
293 1714 424 1752 esse.
472 1701 602 1755 Vere
644 1705 833 1755 etenim
871 1703 1103 1754 Christus

110 1771 176 1823 ita
214 1781 446 1827 mortuus
486 1783 563 1828 est
625 1794 714 1846 pro
776 1778 1011 1830 omnibus
1052 1793 1104 1829 o-

113 1848 284 1900 mnino
325 1848 636 1911 hominibuS‚
681 1859 738 1904 ut
778 1869 898 1904 vera
928 1860 979 1904 et
1007 1854 1106 1903 sin·

117 1937 226 1975 zera
266 1923 532 1977 voluntate
560 1933 776 1979 mortem
813 1927 1101 1995 oppetierit,

118 2013 326 2067 eamque
346 1997 481 2051 Patri
499 2001 742 2053 obtulerit
760 2018 848 2069 pro
878 2001 1106 2053 omnium

120 2073 461 2140 redemptione
502 2082 552 2127 et
580 2076 745 2127 salute
767 2083 997 2127 aeterna.
1032 2076 1108 2128 Ex

121 2152 211 2198 hoc
250 2149 507 2216 sequitur,
550 2150 729 2202 adesse
770 2151 986 2217 singulis
1029 2151 1112 2201 ho-

123 2221 337 2273 minibus
360 2222 603 2275 beneficio
632 2223 819 2276 Christi
855 2225 1110 2277 sufficien-

124 2301 222 2348 tem
262 2298 504 2362 gratiam,
536 2314 636 2366 qua
679 2300 871 2366 possint
892 2300 1110 2350 salutem

127 2372 376 2438 :onsequh
405 2402 475 2411 --
515 2371 654 2424 Haec
680 2373 910 2424 doctrina
938 2389 998 2425 ex
1024 2373 1115 2426 Sa-

128 2459 204 2496 :ra
229 2442 486 2514 Scriptura
512 2453 563 2498 et
600 2462 662 2500 ex
706 2446 983 2500 Traditione
1004 2464 1115 2517 pro-

129 2525 293 2572 batur.

197 2593 250 2645 l.
294 2592 350 2644 In
401 2594 460 2647 S.
525 2594 779 2665 Scriptura
836 2596 1117 2649 clarissima

132 2668 414 2720 testimonia
442 2671 797 2730 inveniuntur,
823 2686 953 2739 quae
977 2672 1119 2721 evin-

134 2747 270 2803 :unt‚
313 2740 568 2795 Christum
613 2762 700 2813 pro
728 2747 965 2798 omnibus
991 2761 1123 2797 mor-

135 2824 274 2870 tuum
304 2832 436 2878 esse,
466 2824 516 2869 et
537 2819 738 2887 quidem
767 2836 826 2872 ea
857 2820 1120 2872 voluntate

136 2898 181 2943 et
221 2892 523 2952 intentione,
557 2900 612 2944 ut
638 2910 816 2946 omnes
842 2911 869 2946 a
902 2895 1123 2961 peccatis

137 2965 444 3027 liberentur,
488 2972 540 3018 et
590 2967 811 3020 salutem
859 2976 1124 3021 aeternam

139 3047 533 3108 consequantur.
592 3040 924 3095 Voluntatem
983 3043 1126 3095 illam

141 3118 185 3164 et
224 3113 561 3166 intentionem
602 3113 836 3168 Christus
876 3118 982 3184 ipse
1023 3134 1127 3169 ma-

142 3186 393 3240 nifestavit
431 3188 625 3240 dicens:
676 3190 812 3242 Venit
837 3190 997 3243 Filius
1042 3193 1126 3243 ho-

143 3260 289 3313 minis
325 3261 510 3315 salvare
549 3264 675 3331 quod
698 3266 909 3335 perierat
931 3265 1104 3336 (t).o

145 3350 284 3388 mnes
303 3343 474 3389 autem
497 3337 727 3391 homines
751 3356 839 3407 per
860 3346 1126 3407 peccatum

149 3409 385 3476 originale
416 3413 692 3481 perierant3
717 3430 839 3482 ergo
861 3414 924 3466 ad
953 3431 1130 3468 omnes

185 3508 740 3556 (limantu.18,11.crr.1.uc.
765 3512 893 3573 12,st

671 99 794 169 mas
826 130 901 168 ιιι.
943 128 1108 170 smnio
1144 130 1201 170 ιι.
1243 130 1393 188 citur
1428 131 1491 170 rr.

34 263 62 293 ,
87 227 230 277 cens,
264 212 528 283 supposito
563 211 745 274 saltem
787 220 996 280 peccato
1029 229 1080 267 o-

1138 193 1371 268 homines
1408 211 1578 266 salvos
1604 210 1862 266 faciendos
1898 210 2134 266 Christus

1141 297 1195 342 ut
1222 287 1533 356 Redemptor
1562 289 1722 341 venit.
1748 316 1821 327 —
1847 286 1926 339 Ex
1952 287 2134 340 eadem

1142 363 1423 416 intentione
1454 377 1510 415 se
1536 377 1565 413 a
1608 362 1755 414 Patre
1783 362 1996 415 missum
2021 375 2136 414 esse

1142 436 1374 490 Christus
1393 436 1534 493 dicit·
1557 432 1638 488 Sic
1660 436 1787 489 Deus
1803 435 1972 488 dilexit
1995 451 2136 486 mun-

1143 512 1261 564 dum
1283 509 1489 582 (nempe
1519 510 1818 562 universum
1857 526 2022 576 genus
2051 510 2141 561 hu-

1148 585 1385 657 manum)
1419 593 1473 638 ut
1510 583 1699 637 Filium
1730 593 1875 636 suum
1912 583 2141 652 Uniqem'-

1147 669 1248 714 tum
1269 662 1406 713 daret
1428 658 1645 731 (scilicet
1664 659 1714 711 in
1739 665 1954 711 mortem
1973 658 2143 727 ww),

1148 743 1200 787 ut
1251 735 1407 787 omnis
1441 734 1529 802 qui
1570 733 1723 786 credit
1773 734 1827 785 in
1865 747 2007 793 eum,
2051 747 2146 783 non

1140 818 1326 879 pereat,
1376 811 1459 860 sed
1487 808 1653 860 habeat
1686 808 1837 860 vitam
1874 815 2142 860 aeternam.

1149 884 1264 937 Non
1296 884 1426 936 enim
1469 885 1600 936 misit
1628 882 1757 934 Deus·
1788 881 1973 934 Filium
2006 895 2151 932 suum

1153 961 1203 1010 in
1255 958 1512 1016 mundum,
1555 966 1607 1010 ut
1642 957 1820 1009 iudicet
1871 955 2110 1008 mundam
2136 995 2148 1016 ‚

1151 1033 1231 1085 sed
1274 1041 1323 1085 ιιι
1349 1033 1563 1085 salvetur
1595 1032 1807 1084 mundus
1853 1047 1944 1101 per
1992 1033 2154 1098 ipsum

1155 1106 1252 1179 (2).
1297 1107 1489 1159 Sensus
1516 1113 1726 1175 apertus
1753 1111 1852 1167 est,
1895 1105 2156 1157 Christum

1156 1198 1214 1234 eo
1254 1182 1466 1234 consilio
1509 1182 1658 1233 morti
1717 1195 1829 1233 esse
1869 1179 2154 1241 traditum,

1159 1264 1214 1309 ut
1252 1258 1439 1319 omniS‚
1497 1258 1805 1325 quicumque
1840 1254 2160 1306 conditiones

1159 1332 1427 1400 requisitas
1483 1330 1804 1397 adimplere,
1862 1344 2045 1397 nempe
2106 1325 2162 1378 fi·

1160 1407 1276 1458 dem
1342 1422 1431 1474 per
1494 1405 1799 1457 charitatem
1860 1409 2163 1472 operantem

1162 1482 1430 1548 concipere
1472 1480 1722 1540 voluerit,
1780 1478 2002 1531 salutem
2044 1492 2163 1529 con·

1162 1556 1304 1623 sequi
1349 1556 1523 1622 possit.
1569 1554 1687 1606 ldeo
1730 1569 1881 1604 nemo
1922 1568 1951 1604 a
1998 1551 2167 1604 salute

1165 1631 1403 1681 exclusus
1443 1636 1539 1680 est.
1572 1658 1645 1667 -
1675 1628 1863 1680 Paulus
1903 1626 2051 1678 Rom.
2098 1623 2164 1685 V,

1174 1705 1255 1763 18,
1300 1705 1544 1756 delictum
1587 1703 1726 1755 Adae
1792 1701 1991 1754 confert
2049 1715 2169 1752 cum

1169 1780 1518 1847 redemptione
1547 1776 1733 1829 Christi
1781 1776 1948 1847 quoad
1989 1780 2171 1827 exten-

1168 1855 1396 1913 sionem,
1441 1859 1493 1904 et
1532 1852 1798 1910 ostendit,
1860 1849 1995 1919 quod
2036 1849 2172 1900 sicut

1170 1929 1310 1981 Adae
1354 1927 1727 1996 praevaricatio
1767 1941 1946 1978 omnes
1987 1922 2170 1982 inficit,

1172 2006 1239 2056 ita
1294 2010 1344 2055 et
1405 2001 1591 2054 Christi
1650 2000 1933 2067 redemptio
1997 2013 2175 2050 omnes

1172 2078 1530 2144 complectitur
1571 2075 1649 2127 his
1690 2075 1880 2127 verbis:
1927 2072 2177 2141 Sicutper

1176 2154 1321 2205 unias
1375 2150 1600 2203 delictum
1647 2150 1698 2202 in
1752 2165 1913 2202 omnes
1963 2147 2178 2199 homines

1175 2231 1226 2280 in
1252 2227 1721 2286 condemnationem,-
1749 2227 1815 2275 sic
1846 2231 1889 2275 et
1911 2238 2000 2291 per
2028 2222 2179 2273 unias

1178 2303 1418 2353 iustitaeam
1447 2301 1499 2350 in
1532 2316 1692 2350 omnes
1729 2295 2181 2354 hominesiniustif

1176 2377 1444 2445 ficationem
1467 2375 1606 2426 vitae.
1629 2373 1758 2425 Cum
1786 2379 1959 2425 autem
1979 2377 2180 2423 certum

1178 2453 1262 2510 sit,
1309 2465 1407 2502 non
1450 2464 1629 2500 omnes
1657 2447 1891 2499 homines
1922 2461 2010 2514 per
2036 2444 2183 2496 Chri-

1179 2533 1317 2576 stum
1355 2529 1475 2575 actu
1516 2521 1781 2575 iustificari
1824 2529 1875 2572 et
1915 2520 1978 2572 ad
2022 2520 2183 2570 vitam

1184 2600 1470 2667 pervenire,
1518 2598 1673 2650 verba
1701 2596 1927 2663 Apostoli
1970 2591 2058 2665 (ne
2097 2592 2186 2645 tal-

1182 2674 1347 2725 sitatis
1386 2671 1693 2742 arguantur)
1738 2672 1806 2723 ita
1848 2666 2186 2733 intelligenda

1183 2755 1331 2809 sunt,
1376 2749 1509 2816 quod
1571 2746 1855 2812 redemptio
1893 2743 2085 2796 Christi
2125 2757 2187 2793 ea

1185 2822 1466 2874 intentione
1495 2822 1626 2873 facta
1657 2823 1742 2880 sit,
1771 2827 2022 2872 utomnes
2049 2832 2189 2885 pror-

1186 2914 1272 2949 sus
1314 2897 1547 2948 homines
1606 2896 1805 2947 debitas
1869 2892 2189 2945 conditiones

1186 2970 1529 3038 adimplentes
1570 2969 1989 3021 iustificationem
2028 2973 2080 3038 et
2120 2966 2191 3017 vi-

1189 3053 1292 3098 tam
1334 3045 1576 3112 consequi
1622 3046 1835 3111 possint.
2045 3039 2049 3043 ’

1262 3121 1314 3171 02.
1360 3118 1436 3171 Ss,
1490 3120 1668 3170 Patres
1726 3117 1917 3186 passim
1968 3114 2186 3173 docent,

1188 3193 1447 3245 Christum
1478 3210 1566 3261 pro
1606 3193 1845 3244 omnibus
1885 3197 1937 3243 et
1976 3187 2191 3256 singulis

1193 3268 1483 3320 hominibus
1546 3274 1806 3320 mortuum
1847 3281 1981 3325 esse,
2027 3264 2094 3314 ita
2123 3267 2191 3311 *ut

1191 3342 1427 3394 omnibus
1478 3343 1673 3410 grat-ias
1727 3340 2040 3396 sufficientes
2083 3350 2192 3402 pro-

1193 3417 1474 3476 meruerit,
1519 3417 1704 3485 quibus
1763 3415 1986 3469 salutem
2032 3413 2194 3463 aeter·

1236 3514 1283 3563 (2,
1310 3516 1436 3555 tostin.
1463 3514 1496 3557 3.
1521 3514 1573 3554 20.
