2332 3860
294 173 401 229 117&

214 346 450 405 seruerit,
494 361 590 399 nec
619 363 842 416 unquam
878 348 1200 401 deserturum

215 419 309 472 sit..·
341 418 391 473 S.
418 417 682 489 Scriptura
708 421 757 474 id
777 423 900 475 satis
919 422 1057 475 clare
1085 437 1199 474 con-

212 499 449 550 testatur.
481 493 607 546 Nam
648 495 875 563 Angelus
914 496 976 547 de
1002 494 1202 550 Christo

213 565 373 621 dicit.
416 566 571 635 Requi
602 568 705 621 eius
730 586 827 621 non
846 570 938 621 erit
964 570 1077 637 sinis
1104 567 1199 639 (t).

216 638 447 694 Christus
486 641 548 693 de
585 658 642 694 se
682 644 1010 711 ipsoinquit.
1040 642 1201 695 Filius

213 722 372 768 manet
420 715 473 767 in
526 724 777 768 aeternum
829 715 929 787 (2).
987 716 1200 784 Ipsaque

214 789 363 841 turba
402 787 602 841 Christo
641 792 947 858 respondet:
974 790 1076 842 Nos
1111 806 1199 841 au-

214 861 421 919 divimus
448 878 509 915 ea>
535 863 631 931 leqe
656 866 774 931 quia
794 863 1021 915 Chr-istus
1042 872 1199 915 manet

213 937 266 995 in
304 944 571 989 aeternum.
630 967 702 975 —
754 938 944 990 Paulus
993 939 1194 990 scribit:

216 1005 445 1063 Christus
500 1027 551 1062 eo
607 1011 732 1078 quod
775 1019 966 1063 maneat
1018 1013 1070 1063 in
1121 1028 1201 1063 ae-

213 1091 428 1144 ternum,
481 1086 823 1152 sempiternum
868 1085 1001 1136 habet
1047 1102 1201 1137 sacer·

213 1158 397 1211 dotium
450 1155 548 1227 (3).
606 1157 668 1210 Et
724 1159 846 1210 ibid.
912 1175 973 1211 ea
1014 1158 1196 1211 Psalmi

211 1232 389 1292 verba,
437 1231 507 1291 Tu
533 1247 580 1282 es
607 1233 828 1285 sacerdos
859 1233 912 1284 in
951 1242 1198 1284 aeternum

211 1311 309 1357 etc.
369 1302 447 1374 (lt.)
499 1303 699 1356 Christo
756 1307 1000 1373 appticat:
1059 1309 1195 1375 atqui

211 1376 445 1430 Christus
484 1386 561 1430 est
601 1381 838 1432 sacerdos
895 1388 951 1432 ut
1015 1380 1194 1445 hom03

211 1467 332 1519 ergo
372 1459 428 1504 ut
469 1452 617 1504 homo
639 1462 808 1506 manet
835 1455 883 1506 in
908 1461 1195 1514 aeternum,

211 1542 272 1578 ac
311 1526 422 1579 ideo
463 1528 583 1579 unio
622 1528 940 1595 hypostatica
988 1530 1199 1581 indisso·

213 1600 382 1653 iubilis
423 1608 518 1652 est.
550 1601 712 1654 —Ss.
751 1604 921 1654 Patres
946 1604 1037 1655 hoc
1066 1604 1197 1655 idem

212 1674 416 1726 docent.
479 1674 536 1727 S.
591 1674 966 1745 Chrysostomeaes
1020 1676 1094 1746 (5)
1148 1679 1197 1729 in

214 1748 417 1801 ioannis
443 1751 595 1800 verba
618 1768 630 1801 ε
655 1760 696 1802 et
715 1750 941 1802 habitavit
970 1751 1021 1802 in
1049 1751 1199 1819 nobis,

216 1823 283 1874 ita
326 1824 545 1875 disserit:
581 1843 607 1872 «
634 1823 850 1876 Carnem
881 1832 1102 1877 nostram
1126 1828 1199 1878 in·

213 1895 340 1957 duit,
385 1913 486 1948 non
529 1904 773 1966 tanquam
833 1901 1018 1951 iterum
1087 1916 1198 1951 eam

213 1970 572 2030 derelicturus,
619 1973 709 2024 sed
750 1980 805 2025 ut
844 1989 1016 2025 secum
1061 1974 1198 2024 ittam

213 2060 414 2112 semper
455 2045 792 2099 habitaturus,
826 2068 850 2096 »3
881 2046 932 2099 8.
960 2047 1199 2115 Hierony-

213 2135 322 2171 mus
357 2117 432 2189 (6)
464 2120 654 2187 inquit:
691 2140 716 2169 «
748 2120 820 2172 De
861 2138 937 2188 eo,
977 2123 1059 2189 qui
1091 2139 1200 2187 pas-

216 2209 303 2245 sus
344 2200 422 2245 est
460 2209 687 2253 crucem,
713 2196 796 2263 qui
825 2203 996 2262 postea
1024 2196 1200 2247 sedere

217 2267 422 2320 iubetur
459 2284 489 2319 a
528 2268 742 2326 dextris,
787 2269 904 2337 quid
944 2270 1036 2322 sibi
1092 2269 1201 2321 vult

218 2340 333 2402 hoc,
377 2342 507 2410 quod
548 2343 649 2394 ait:
695 2341 884 2411 Oportet
910 2346 1038 2395 enim
1065 2343 1201 2395 illum

217 2430 440 2484 reynare,
467 2418 614 2467 donec
637 2425 782 2485 ponat
827 2433 985 2469 omues
1036 2418 1202 2469 inimi-

217 2505 291 2541 cos
317 2489 404 2542 sub
424 2490 622 2558 pedibus
648 2492 751 2543 eius
786 2490 860 2562 (7)
883 2490 908 2543 ‘i’
958 2493 1202 2560 numquid

220 2564 414 2615 tamdiu
458 2572 764 2632 regnaturus
803 2573 880 2617 est
919 2566 1199 2624 Dominus,

218 2637 385 2690 donee
423 2639 668 2706 incipiant
707 2655 819 2692 esse
857 2640 1045 2691 inimici
1110 2641 1204 2691 sub

221 2712 432 2778 pedihus
494 2707 604 2765 eius
631 2753 648 2772 ‚
709 2720 760 2765 et
811 2721 1073 2781 postquam
1133 2713 1202 2764 iiii

221 2785 315 2836 sub
356 2786 564 2852 pedibus
601 2787 808 2848 fuerint,
870 2803 1084 2854 regnare
1124 2786 1207 2838 de-

223 2858 409 2911 sistet?
473 2875 589 2922 cum
650 2862 822 2930 utique
887 2868 1010 2912 tunc
1048 2861 1206 2926 magis

227 2948 439 2998 regnare
480 2935 703 3002 incipiet,
745 2951 860 2987 cum
892 2934 1075 2986 inimici
1098 2950 1208 2985 coe-

225 3007 391 3073 perint
429 3023 539 3059 esse
589 3009 683 3060 sub
743 3008 951 3077 pedibus
1013 3009 1140 3060 eius,
1178 3028 1202 3056 3)

223 3078 276 3133 S.
309 3079 609 3148 Auyustinus
630 3081 886 3134 Christum
912 3082 1071 3133 Deum
1119 3080 1206 3133 ho-

227 3155 415 3206 minem
459 3163 701 3222 perpetuo
742 3161 1075 3223 regnaturum
1097 3171 1207 3207 esse

226 3229 405 3296 probat
430 3228 479 3278 in
522 3228 646 3281 libro
674 3231 743 3281 83
782 3246 892 3299 qq.,
922 3246 972 3298 q.
1018 3230 1105 3281 69.
1135 3258 1210 3268 —-

229 3299 320 3353 His
356 3301 608 3353 accedunt
629 3303 945 3356 definitiones
971 3301 1208 3355 Concilio·
1269 3319 1284 3353 ι

230 3389 361 3437 rum.
396 3371 973 3445 Constantinopolitanum
991 3377 1018 3429 I
1035 3383 1209 3430 contra

271 3505 323 3592 {32}
344 3505 452 3585 ι’ῑὲἷέι.
457 3503 512 3591 ¹³1,
514 3503 589 3583 ³4³.
898 3506 950 3592 ξὲι
976 3505 1164 3591 biuhti?
1176 3547 1208 3584 ι.

653 193 717 231 ns
754 193 846 231 oco
893 193 1027 231 nupsi
1065 192 1266 236 niniam
1289 192 1513 236 essenis
1536 193 1871 234 nssnmr‘ronz.

216 270 381 329 nitum
410 271 517 334 sit,
547 278 606 325 ut
632 272 767 330 hano
805 290 1069 344 nunquam
1119 273 1206 330 de·
1247 273 1513 330 haeresin
1534 273 1758 332 Marcelli
1811 273 2069 346 Ancyrani
2104 266 2318 352 sydus&

1262 346 1375 400 bolo
1412 345 1634 407 Nicaeno
1671 348 1865 403 addidit
1915 351 2108 409 verba.
2147 335 2317 413 Gis-if]

1262 420 1339 472 ius
1356 419 1479 504 ·(seu
1517 421 1608 475 fini
1635 421 1736 476 Dei
1778 423 2050 491 unigeniti,
2075 418 2324 560 incar-&lii

1263 495 1388 557 nati,
1448 495 1601 562 passi,
1659 498 1867 559 mortui,
1927 495 2054 568 etc.)
2105 498 2273 567 requi

1262 584 1357 620 non
1394 571 1486 620 erit
1510 569 1642 638 finis,
1672 569 1864 624 Concil.
1897 567 2274 628 Chalcedonen·
2278 563 2322 628 ’ἶ

1259 657 1308 694 se
1365 641 1478 696 Act.
1537 641 1582 696 V
1645 643 1696 695 in
1757 644 2065 712 professione
2127 646 2287 700 fidei
2292 649 2331 712 ἵ

1261 715 1403 777 dicit,
1435 723 1705 801 utramque
1730 724 1986 780 naturam,
2018 718 2244 772 divinam

1260 796 1313 842 et
1350 790 1630 842 humanam
1671 792 1721 842 in
1763 807 1915 844 unam
1975 807 2247 878 personam
2276 700 2332 887 ἶ

1261 865 1579 916 concurrisse
1619 865 2006 929 indivisibiliter,
2030 872 2082 919 et
2120 867 2247 923 inse·
2288 897 2292 903 2

1257 937 1561 1005 partibiliter.
2276 894 2332 1045 ἒ

1333 1011 1462 1063 Nota
1503 1013 1553 1064 t.
1598 1010 1896 1074 Quaesitum
1934 1019 2030 1074 est,
2054 1029 2120 1069 an
2145 1015 2300 1068 sat·

1262 1091 1362 1137 tem
1404 1087 1454 1137 in
1495 1086 1581 1138 illo
1621 1086 1807 1148 uiduo,
1850 1103 1947 1155 quo
1987 1088 2037 1139 in
2076 1088 2244 1155 sepul·

1260 1175 1345 1210 cro
1385 1160 1539 1211 iacuit
1578 1158 1828 1221 ChristuS,
1886 1161 2124 1213 divinitas
2178 1161 2245 1214 ab
2283 1155 2332 1232 ξ’]

1262 1231 1578 1284 humanitate
1616 1242 1848 1300 separata
1891 1233 2083 1287 fuerit?
2145 1234 2243 1287 Sed
2290 1238 2332 1298 :s

1260 1307 1402 1358 iuxta
1442 1308 1721 1359 doctrinam
1762 1308 2064 1360 catholicam
2094 1324 2245 1375 nega·

1261 1381 1362 1431 tive
1404 1382 1812 1464 respondendum
1851 1389 1947 1435 est.
1991 1380 2120 1434 Nam
2179 1398 2243 1434 ex
2294 1382 2332 1501 ἒ

1260 1455 1490 1522 symbolo
1543 1456 1720 1508 initio
1785 1456 1953 1507 triduo
2010 1455 2242 1508 Christus
2290 1467 2332 1577 {3

1263 1544 1414 1580 verus
1453 1529 1541 1580 Dei
1586 1529 1719 1581 filius
1759 1536 1810 1582 et
1847 1529 2079 1596 sepultus
2124 1529 2244 1582 dici·

1263 1610 1365 1664 tur,
1407 1609 1457 1654 et
1514 1603 1832 1655 descendisse
1895 1603 1957 1654 ad
2023 1603 2242 1655 inferOS.
2276 1591 2326 1651 *ff

1262 1674 1459 1728 Credo..
1473 1678 1570 1729 ,in
1615 1677 1776 1729 Iesum
1815 1677 2062 1729 Christum
2089 1678 2246 1746 filium
2283 1649 2332 1737 x}

1260 1752 1363 1802 cius
1403 1751 1644 1802 unissum.
1659 1752 1787 1819 .qui
1827 1759 2046 1802 mortuus
2090 1759 2133 1803 et
2176 1767 2246 1803 se·
2283 1742 2332 1809 fj't'

1259 1827 1445 1892 petitus
1477 1826 1553 1877 de
1540 1794 1711 1878 cendit
1740 1826 1802 1877 acl
1860 1827 2059 1886 biferae,
2116 1832 2239 1877 etc.
2205 1863 2243 1889 .,
2278 1830 2308 1873 2

1262 1899 1491 1965 sepultus
1535 1900 1774 1951 nimirum
1812 1901 1974 1967 quoad
2041 1915 2244 1965 corpuS,
2286 1890 2327 1965 ἶζ·

1262 1973 1424 2040 quoad
1468 1974 1690 2025 animam
1732 1990 1848 2025 vero
1888 1974 2152 2025 descendit
2183 1973 2248 2025 ad

1264 2048 1463 2099 inferos.
1503 2046 1600 2099 Sed
1643 2048 1872 2099 Christus
1918 2047 2043 2099 nihii
2109 2046 2318 2119 aliudf'

1263 2127 1339 2172 est
1377 2137 1527 2189 quam
1570 2122 1808 2173 divinitas
1835 2122 2107 2173 coniuncta
2129 2135 2247 2173 cum

1265 2194 1580 2246 humanitate
1631 2196 1710 2247 vei
1767 2202 1867 2247 tota
1931 2195 2104 2257 simui,
2166 2194 2247 2247 vel
2280 2190 2321 2241 ‘³⁴5

1263 2285 1378 2320 cum
1420 2270 1528 2320 eius
1572 2269 1830 2335 partibus3
1875 2268 1993 2321 hinc
2043 2268 2096 2322 S.
2149 2267 2246 2320 Leo

1265 2343 1342 2396 M,
1378 2342 1451 2411 (8)
1497 2344 1689 2411 inquit:
1724 2362 1750 2391 «
1811 2343 1867 2394 ln
1901 2349 2097 2395 tantam
2136 2343 2248 2394 uni·
2295 2370 2298 2392 ;

1265 2422 1419 2469 tatem
1464 2417 1554 2468 Dei
1595 2424 1645 2469 et
1672 2416 1888 2469 hominis
1917 2423 2095 2469 natura
2122 2431 2250 2468 con·
2296 2431 2305 2445 '¹

1267 2492 1426 2550 venit,
1471 2497 1526 2542 ut
1573 2507 1666 2542 nec
1722 2491 1969 2558 supplicio
2030 2491 2248 2556 potuerit
2283 2519 2291 2560 j

1266 2563 1451 2626 dirimi,
1497 2581 1590 2616 nec
1631 2570 1790 2615 morte
1829 2564 2068 2629 disiungi.
2103 2583 2131 2612 »
2286 2614 2287 2617 ,

1338 2638 1469 2689 Nota
1509 2639 1561 2689 2.
1606 2637 1843 2699 Quaestio
1894 2637 2048 2689 etiam
2114 2634 2293 2690 mota.2s

1266 2719 1363 2771 est,
1406 2728 1468 2762 au
1499 2713 1707 2777 sanguis
1728 2709 1911 2762 Christi
1937 2711 1984 2762 in
2016 2712 2250 2779 passione
2291 2709 2298 2738 :

1267 2785 1457 2836 effusus
1497 2790 1601 2837 toto
1643 2784 1809 2836 triduo
1863 2786 2041 2837 mortis
2108 2799 2248 2836 man·
2279 2782 2298 2849 ξ’

1267 2860 1390 2911 serit
1430 2858 1595 2911 Verbo
1619 2858 1828 2912 unitus?
1851 2859 1925 2910 Ad
1952 2860 2081 2910 hanc
2101 2871 2286 2926 (ιιιιιθρι

1267 2934 1483 2984 stionem
1523 2934 1808 2984 communis
1848 2939 1898 2984 et
1937 2948 2058 2984 vera
2113 2927 2287 2984 theo·

1271 3007 1498 3071 logorum
1541 3008 1799 3074 responsio
1826 3012 1922 3065 est,
1953 3005 2086 3074 quod
2117 3006 2285 3078 totus⁶

1268 3081 1477 3147 sanguis
1507 3082 1554 3131 in
1589 3081 1961 3132 resurrectione
1989 3073 2279 3141 resumen'r‘

1269 3154 1382 3214 dus,
1427 3154 1476 3204 in
1521 3155 1684 3206 triduo
1723 3155 1900 3206 mortis
1939 3151 2106 3207 Verbo
2142 3150 2263 3209 univ.

1269 3233 1350 3278 tus
1389 3229 1595 3310 mansit.
1652 3226 1781 3289 Nam
1845 3227 1958 3279 ideo
2020 3241 2175 3278 caro
2189 3226 2279 3372 εἷς

1329 3503 1361 3545 δ)
1388 3503 1493 3538 Hom
1517 3502 1570 3539 u

1707 3521 1709 3524 .
1779 3502 1919 3546 (sium
1957 3505 2018 3537 aa
2065 3502 2173 3537 ne·

1331 3548 1363 3591 ἶ)
1385 3546 1414 3580 1.
1439 3548 1517 3583 cor
1555 3545 1595 3582 ts

1784 3549 1834 3589 (ὅ,
1861 3548 1958 3581 §urm
2003 3527 2233 3595 ...⁸=...3
2253 3574 2257 3585 ,
