2332 3860
940 164 1096 203 carm·
1142 165 1222 203 W.

1950 141 2072 210 35'

53 242 107 296 S.
153 242 331 297 Maria
368 239 585 295 Carmel.
618 237 717 313 (l).
750 241 1047 297 Generatim
1107 246 1337 315 ymatiea,
1368 254 1480 299 tum
1507 247 1568 300 2⁰
1589 247 1652 301 de
1683 247 1935 319 Theoloqia
1969 251 2095 320 pole-

56 315 311 401 lpquendo
360 315 496 370 facta
535 314 778 370 historica
823 334 884 371 eo
933 333 1046 371 cer·
1109 321 1234 375 mica
1256 328 1682 376 commonstrare.

56 390 186 446 tiora
210 396 353 451 sunt,
383 405 484 459 quo
511 388 686 458 plures
714 407 804 459 pro
828 391 933 444 illis
956 392 1049 444 mi-

56 464 207 518 litant
231 470 413 525 testeS,
457 463 768 518 dexteritate
807 472 859 519 et
885 466 1050 518 since-

54 534 205 591 ritate
232 538 502 607 pollentes.
533 537 692 591 Recte
718 546 891 592 tamen
922 556 1048 592 non-

55 611 184 665 nulli
223 613 522 673 observant‚
555 613 712 665 etiam
744 614 896 666 unius
924 615 1048 666 scri-

54 688 213 755 ptoris
275 686 627 740 testimoni-um
685 688 1046 740 certitudinem
1123 723 1126 725 -

55 776 236 829 parere
266 777 432 830 posse,
464 762 506 814 si
534 761 601 813 sit
629 763 773 813 testis
796 763 935 814 omni
964 778 1050 814 ex-

54 835 288 903 ceptione
328 835 510 897 maior‚
542 834 793 901 singulari
824 836 1051 888 dexteri-

54 914 160 962 tate
187 915 240 962 et
265 910 562 962 sinceritate
604 909 822 977 pollens,
856 911 1049 978 praeci-

54 999 193 1051 pue,
238 984 280 1036 si
331 984 523 1036 factum
572 983 834 1050 publicum
876 986 1050 1051 gravis

56 1058 301 1110 momenti
330 1073 450 1111 cum
486 1058 675 1110 talibus
714 1059 1048 1111 circumstan-

54 1131 139 1184 tiis
178 1132 402 1194 referat,
456 1148 588 1201 quae
641 1148 742 1184 non
794 1135 1053 1200 potuerint

54 1205 308 1274 confingi,
352 1212 404 1259 et
442 1222 471 1258 a
513 1206 719 1259 nemine
760 1206 951 1261 fuerint
990 1208 1051 1259 de

55 1279 280 1334 falsitate
323 1279 687 1350 reprehensae.

363 1477 599 1524 CAPUT
640 1478 737 1521 lv.

101 1617 152 1645 DE
176 1616 438 1647 nxanLENTu
459 1617 707 1646 THEOLOGIAE
727 1617 1010 1646 TREORETIGAE.

471 1745 510 1803 §
541 1746 637 1790 ze.

130 1872 378 1925 Homines
394 1873 503 1924 eius
525 1871 712 1924 indolis
735 1888 847 1923 esse
864 1872 1052 1932 solent,

58 1952 115 1998 ut
138 1946 322 1999 leviter
342 1963 401 1999 ea
425 1946 801 2015 parvipendant
823 1953 873 1998 et
898 1947 1058 2014 negli-

57 2027 202 2087 gant,
228 2037 442 2090 quorum
473 2022 689 2088 pretium
713 2022 970 2086 ignoram3
999 2037 1055 2072 ea

60 2110 181 2146 vero
219 2111 336 2147 cum
374 2111 561 2163 magna
600 2095 870 2155 aviditate,
901 2101 952 2147 et
983 2097 1057 2146 in·

60 2167 258 2222 defesso
275 2169 448 2222 labore
471 2176 743 2237 quaerant,
771 2185 902 2238 quae
927 2170 974 2219 in
1005 2186 1058 2220 se

61 2245 398 2309 praestantia,
424 2245 622 2313 sibique
639 2243 782 2295 utilia
799 2249 1058 2295 autetiam

62 2317 356 2370 necessaria
416 2333 530 2373 esse
587 2324 924 2384 cognoscunt.
986 2317 1059 2370 lta

62 2392 255 2457 pariter
281 2391 613 2443 scientiarum
641 2392 808 2443 studia
837 2392 1056 2443 oscitan-

63 2472 143 2516 ter
170 2465 543 2533 suscipiuntur,
577 2467 615 2516 si
647 2481 712 2517 ex
740 2466 841 2535 illis
878 2481 1055 2532 parva,

63 2545 154 2590 aut
194 2539 343 2591 nulla
383 2539 731 2591 emolumenta
753 2546 1061 2607 exspectan-

67 2619 171 2663 tur.
217 2611 327 2675 Quo
379 2614 544 2680 magis
610 2621 785 2665 autem
845 2614 959 2681 quis
1000 2613 1062 2664 de

3 2711 15 2716 »
65 2686 334 2752 scientiae,
363 2688 511 2739 cuius
552 2687 860 2755 palaestram
891 2688 1062 2753 ingre-

67 2758 226 2821 ditur,
257 2761 526 2828 dignitate,
559 2762 780 2813 utilitate
803 2768 858 2835 ‘ct
886 2778 1062 2814 neces-

67 2833 219 2885 sitate
250 2849 526 2901 persuasus
553 2841 650 2895 est,
675 2851 734 2887 eo
758 2836 937 2887 maiori
958 2835 1063 2886 ala-

0 2910 5 2916 “
68 2906 252 2959 oritate
280 2923 458 2960 omnes
485 2908 641 2960 animi
673 2910 809 2961 vires
834 2909 898 2960 ad
921 2909 1063 2960 illam

8 3003 15 3005 ⁴
68 2981 294 3046 perfecte
352 2981 715 3034 addiscendam
776 2983 1059 3049 impendet.

73 3052 246 3122 Magni
285 3055 476 3109 idcirco
518 3057 762 3108 momenti
803 3063 911 3117 est,
973 3063 1060 3115 ut,

71 3129 212 3195 prius
245 3145 399 3198 quam
422 3130 730 3194 Theologiae
754 3130 1066 3183 theoreticae

71 3204 405 3269 pertractatio
445 3205 787 3268 suscipiatur,
831 3205 941 3256 eius
981 3220 1067 3256 ex-

72 3274 314 3329 cellentia
341 3278 662 3331 ostendatur.
694 3277 870 3331 Facile
889 3285 1064 3330 autem

0 3373 10 3425 ᾗ
74 3355 179 3413 est,
188 3350 358 3404 banc
398 3359 507 3405 tum
529 3353 587 3404 1⁰
604 3352 670 3404 de
701 3351 956 3420 Theoloqia
983 3352 1066 3404 clo-

0 3482 14 3526 i

70 3476 175 3560 agg
195 3478 535 3520 Aunnadverstones
556 3482 594 3519 in
624 3482 772 3528 regulas
794 3487 830 3519 et
863 3490 971 3518 usum
992 3483 1067 3517 cri-

1432 481 1716 519 ARTIGULUS
1739 483 1774 518 1.

1241 593 1461 629 Excellentia
1483 594 1705 638 Theologiae
1728 594 1967 639 dogmaticae.

1519 726 1558 786 ,a
1588 726 1688 773 ²3.

1184 837 1462 907 Theologia
1491 839 1783 908 dogmatica
1822 841 2105 894 rectissime

1111 911 1341 964 scientiae
1369 915 1576 966 nomine
1604 915 1901 982 insignitur.
1934 914 1990 967 ln
2016 931 2105 983 ge-

1116 1002 1236 1038 nere
1286 988 1422 1039 enim
1471 989 1687 1041 scientia
1735 996 1814 1041 est
1848 988 2102 1050 facultas,

1113 1075 1202 1112 seu
1257 1061 1464 1115 babitus
1522 1079 1589 1115 ex
1642 1063 1797 1115 certis
1847 1063 2109 1131 principiis

1116 1134 1369 1203 legitimas
1416 1138 1811 1206 consequentias
1855 1137 2108 1189 deducen-

1115 1210 1183 1260 di.
1240 1208 1517 1277 Theologia
1580 1218 1757 1263 autem
1820 1210 2109 1278 dogmatica

1118 1282 1306 1336 multas
1345 1290 1628 1352 pertractat
1668 1285 1934 1346 veritate3‚
1978 1300 2109 1352 quae

1116 1357 1271 1409 etiam
1312 1374 1342 1410 a
1377 1360 1573 1410 ratione
1613 1358 1841 1410 humana
1881 1374 2110 1427 compre-

1117 1430 1272 1483 hendi
1319 1439 1371 1484 et
1423 1433 1627 1500 probari
1669 1439 1922 1501 possunt,
1967 1438 2019 1484 et
2058 1433 2108 1484 in

1116 1505 1302 1572 quibus
1324 1507 1606 1568 evidentia,
1631 1522 1691 1559 ac
1717 1507 2105 1566 demonstrati0‚

1121 1595 1217 1630 non
1268 1581 1441 1632 minus
1496 1597 1651 1649 quam
1701 1582 1751 1633 in
1806 1581 2113 1632 veritatibus

1120 1653 1480 1722 philosophicis
1521 1655 1690 1706 locum
1732 1655 1905 1707 habet.
1962 1654 2110 1706 Prae-

1121 1734 1260 1778 terea
1303 1744 1424 1779 vero
1468 1735 1574 1779 tum
1627 1730 1676 1779 in
1729 1728 1845 1789 his,
1899 1734 2011 1780 tum
2060 1728 2110 1780 in

1120 1800 1222 1851 illis
1253 1802 1578 1861 veritatibus,
1617 1817 1749 1870 quac
1788 1802 2002 1853 rationis
2028 1817 2112 1853 ca·

1122 1880 1264 1940 ptum
1306 1882 1592 1942 superant,
1652 1876 1890 1926 innititur
1939 1882 2114 1928 aucto*

1122 1949 1260 1999 ritati
1313 1948 1403 1999 Dei
1446 1948 1745 2009 revelantiS‚
1788 1949 1874 2017 qui
1916 1948 2022 2000 falli
2062 1955 2145 2016 et⁴

1123 2021 1300 2073 fallere
1339 2026 1537 2091 nequit,
1570 2023 1651 2074 cui
1674 2024 1782 2074 sine
1814 2023 2001 2075 erroris
2031 2038 2114 2090 pe-

1123 2097 1281 2149 riculo
1330 2096 1607 2148 inhaerens
1658 2097 1937 2149 immobilia
1973 2097 2112 2163 prin-

1122 2170 1253 2237 cipia
1300 2171 1501 2232 statuit,
1547 2177 1598 2223 et
1637 2186 1702 2222 ex
1742 2170 1822 2222 his
1861 2171 2116 2237 legitimas

1123 2245 1518 2312 consequentias
1579 2244 1805 2296 deducit.
1874 2243 1993 2297 Ideo
2055 2243 2108 2295 S.

1121 2318 1631 2386 Scripturaclarae,
1682 2317 2007 2386 completae,
2066 2324 2115 2369 et

1123 2393 1315 2445 solidae
1330 2409 1505 2444 rerum
1522 2393 1815 2444 divinarum
1837 2391 2114 2459 cognitioni

1126 2483 1309 2518 nomen
1340 2467 1588 2518 scientiae
1616 2467 1874 2527 attribuit,
1907 2466 2110 2517 dicens:

1126 2539 1266 2610 (Sap.
1296 2541 1385 2599 to,
1414 2538 1533 2610 10.)
1558 2540 1697 2592 Dedit
1736 2539 1813 2591 illi
1862 2540 2115 2591 scientiam

1123 2622 1404 2665 sanctorum
1421 2613 1518 2684 (⁸2).
1547 2614 1705 2665 Recte
1729 2614 1882 2665 etiam
1904 2613 2111 2673 dicitur,

1124 2688 1454 2756 Theologiam
1548 2688 1890 2753 dogmaticam
1982 2687 2117 2738 inter

1124 2763 1366 2814 scientias
1424 2763 1756 2830 praecipuum
1810 2761 1979 2812 locum
2038 2767 2114 2812 te·

1129 2852 1267 2888 nere.
1315 2836 1638 2893 Excellentia
1678 2836 1815 2887 enim
1854 2835 2007 2886 huius
2042 2834 2116 2885 di-

1125 2910 1372 2977 sciplinae
1419 2909 1736 2975 theologicae
1775 2909 1901 2960 satis
1947 2907 2115 2959 elucet

1129 2982 1184 3035 1⁰
1213 3001 1274 3035 ea:
1298 2984 1501 3042 obicem,
1535 2982 1667 3051 quod
1699 2988 2012 3052 pertractat,
2057 2978 2116 3033 ‘2⁰

1126 3074 1187 3110 eac
1210 3058 1444 3126 fontibus,
1463 3057 1726 3124 dequibus
1755 3055 2116 3122 pertractanda

1128 3131 1318 3188 haurit,
1352 3129 1410 3182 5⁰
1435 3146 1496 3182 ecc
1522 3130 1830 3189 certitudine,
1853 3145 2006 3198 quam
2033 3145 2118 3196 pa·

1129 3206 1212 3264 rit,
1232 3203 1290 3256 [2⁰
1310 3221 1372 3258 eoe
1397 3205 1634 3273 efficacia,
1657 3220 1759 3272 qua
1775 3203 2117 3255 moralitatem

1130 3285 1428 3346 promovet,
1461 3276 1518 3328 5⁰
1546 3293 1608 3330 eac
1651 3278 1925 3330 necessitate
1952 3318 1964 3337 ‚
2015 3291 2117 3344 qua

1129 3353 1238 3403 eius
1262 3352 1491 3404 studium
1519 3359 1600 3404 est
1631 3350 2037 3419 suscipiendum,
2066 3354 2119 3400 et

1128 3423 1185 3477 (5⁰
1205 3441 1267 3477 ex
1293 3431 1407 3490 fine,
1439 3426 1492 3477 in
1519 3440 1672 3494 quem
1701 3425 1885 3477 tendit.

1172 3524 1223 3571 (2)
1248 3523 1301 3562 cr.
1325 3523 1455 3561 ierem.
1481 3523 1514 3568 3,
1540 3523 1593 3560 15.
1619 3524 1635 3559 1
1658 3523 1737 3561 cor.
1763 3523 1819 3564 η,
1844 3522 1879 3559 8.
