2332 3860
315 105 426 161 2612

238 203 568 272 catholicum,
586 204 685 258 fide
706 205 878 258 divina
897 203 1227 258 credendum.

237 277 411 331 Altera
455 279 523 331 -in'
552 281 722 347 specie
761 281 1078 348 pronuntiat,
1121 278 1227 329 sin-

237 351 370 419 gulis
409 352 700 407 bominibus
738 353 967 422 singulos
1006 351 1229 419 Angelos

238 426 495 498 deputari3
525 426 652 480 haec
699 429 970 496 propositio
1011 442 1111 478 non
1153 431 1230 477 est

237 500 461 567 dogma,
517 517 612 554 nec
646 502 726 554 ad
777 501 933 554 fidem
984 506 1224 569 spectat,

235 575 470 642 quamvis
491 582 571 628 sat
591 575 763 628 solidis
783 575 1100 643 argumentis
1134 573 1230 624 iul-

234 649 422 702 ciatur.
451 648 733 719 Utramque
771 650 1071 719 singillatim
1117 663 1230 717 pro-

195 790 213 794 -
236 721 362 776 bare
399 730 620 791 oportet.

650 860 688 919 ς
719 861 836 907 151.

315 950 343 985 1.
372 951 498 995 Angeli
521 951 567 985 ad
590 951 790 985 custodiam
815 951 1005 987 hominum
1029 959 1048 985 a
1073 951 1147 986 Deo

586 1010 756 1045 destinati
780 1016 878 1046 sunt.

310 1093 548 1146 Custodia
591 1095 826 1161 angelica
868 1111 967 1146 non
1010 1102 1107 1155 est,
1134 1093 1229 1144 nisi

240 1168 514 1236 applicatio
553 1169 735 1220 efficax
778 1175 830 1220 et
870 1169 1028 1221 libera
1076 1169 1231 1219 maio-

242 1258 379 1302 rum,
423 1244 607 1311 quibus
634 1243 820 1309 Angeli
850 1243 962 1294 boni
986 1243 1230 1310 gaudent,

241 1316 428 1368 virium
469 1317 532 1368 ad
575 1317 979 1384 promovendum
1010 1317 1231 1368 hominis

236 1390 451 1449 bonum,
494 1397 542 1441 et
584 1391 739 1442 finem
787 1392 1060 1443 creationis
1115 1390 1230 1441 ulti-

236 1479 399 1516 mum.
416 1462 719 1516 —Tantum
740 1465 901 1525 abest,
925 1471 980 1516 ut
1002 1465 1230 1515 doctrina

239 1537 302 1589 de
355 1539 440 1589 tali
495 1539 726 1590 custodia
779 1539 985 1590 absurdi
1038 1537 1229 1606 aliquid

239 1613 504 1664 contineat
538 1653 548 1673 ‚
618 1618 709 1664 aut
773 1613 1232 1664 contradictionem

236 1686 492 1754 quandam
534 1687 809 1749 involvat3
868 1692 924 1738 ut
965 1688 1130 1754 potius
1169 1686 1232 1736 ab

238 1760 347 1826 ipsa
390 1761 585 1811 ratione
628 1777 725 1811 non
767 1760 934 1811 solum
982 1760 1232 1827 possibilis

238 1833 459 1894 admitti,
485 1833 574 1885 sed
598 1835 754 1885 etiam
775 1841 831 1884 ut
854 1835 1234 1884 convenientis-

238 1909 370 1959 sima
416 1908 686 1974 adprobari
740 1907 942 1959 debeat.
976 1907 1039 1958 Et
1085 1924 1228 1965 sane,

238 1980 534 2050 possibilitas
560 1982 823 2032 custodiae
871 1981 1136 2046 angelicae
1182 1983 1231 2032 in

243 2055 456 2107 dubium
487 2057 658 2107 vocari
689 2056 897 2123 nequit:
932 2055 1086 2121 topica
1126 2056 1235 2123 qui-

242 2129 358 2180 dem
388 2135 528 2196 patet
555 2129 695 2186 inde,
727 2130 861 2197 quod
891 2131 938 2179 in
985 2136 1233 2196 conceptu

242 2209 591 2270 repugnantes
614 2203 707 2255 sibi
725 2204 951 2254 invicem
970 2211 1118 2254 notae
1136 2219 1233 2254 non

241 2277 647 2345 coniungantur3
695 2277 900 2346 physica
946 2284 1122 2328 autem
1175 2278 1236 2328 ob

239 2351 460 2403 maiores
483 2351 802 2417 Angelorum
824 2352 980 2411 vires,
999 2366 1130 2418 quae
1152 2367 1239 2402 an—

239 2424 404 2490 gustis
462 2425 590 2476 adeo
652 2425 885 2476 terminis
948 2440 1046 2476 non
1096 2440 1239 2477 coar-

241 2504 473 2559 ctantur,
511 2498 782 2550 manifesta
806 2505 905 2562 est3
939 2506 990 2550 et
1017 2500 1057 2550 si
1087 2498 1238 2550 homo

241 2571 436 2623 homini
468 2573 519 2623 in
548 2571 902 2639 corporalibus
925 2579 975 2624 et
996 2573 1238 2639 spiritua-

244 2644 378 2696 libus
401 2646 793 2698 necessitatibus
813 2662 961 2712 opem
985 2646 1115 2697 ferre
1138 2652 1242 2713 pot-

246 2725 344 2778 est,
400 2735 494 2771 cur
545 2719 750 2787 Augen,
812 2720 989 2772 maiori
1030 2728 1241 2788 potentes

246 2792 429 2843 virtute
458 2792 552 2861 (l),
580 2794 626 2844 id
660 2800 919 2859 praestare
967 2809 1066 2845 non
1105 2800 1241 2859 pote-

247 2866 408 2916 runt?
435 2866 641 2920 moralis
668 2868 887 2935 denique
915 2883 984 2919 ex
1009 2883 1067 2919 eo
1095 2867 1239 2918 inno·

248 2939 432 2999 tescit,
471 2941 603 3008 quod
638 2941 869 2994 custodia
912 2940 1144 3008 angelica
1178 2940 1240 2992 ad

252 3014 661 3079 promovendum
717 3016 908 3068 bonum
954 3014 1146 3067 morale
1191 3021 1244 3065 et

251 3084 525 3153 physicum
555 3088 792 3150 tendens,
824 3087 913 3141 fini
936 3088 1115 3140 ultimo
1143 3103 1241 3140 non

251 3165 528 3227 repugnet,
559 3162 648 3212 sed
676 3163 832 3216 istum
862 3163 1028 3230 potius
1050 3178 1247 3229 promo-

252 3237 393 3285 veat.
438 3231 503 3284 Et
538 3241 678 3286 certe
721 3236 837 3306 talis
888 3237 1118 3290 custodia
1167 3243 1246 3289 est

254 3306 743 3360 convenientissima
794 3309 920 3372 Deo,
977 3311 1085 3379 qui,
1128 3309 1246 3362 lieet

255 3379 408 3432 unico
459 3381 859 3448 omnipotentiae
902 3390 1027 3435 nutu
1076 3382 1246 3436 omnia

291 3477 350 3524 (1)
373 3478 430 3515 Ρι-
461 3477 541 3522 102,
565 3478 608 3515 ΩΟ
782 3478 834 3525 (2)
855 3482 1118 3528 standenmyr
1139 3483 1167 3530 8
1188 3482 1246 3522 ⁸4.

622 124 684 160 nn
723 125 815 161 nizo
853 125 905 170 ικ
940 121 1212 161 anan-iona
1250 121 1318 158 An
1344 119 1565 165 ,munuum
1593 106 1867 158 sancrno.'

2285 166 2299 188 ,k

1288 201 1340 255 in
1374 200 1938 285 momentoproducere
1965 201 2141 269 possit,
2160 207 2296 260 ,ἰὴν

1289 292 1403 327 men
1433 275 1486 327 in
1511 291 1683 329 rerum
1707 275 2078 343 gubernatione
2104 278 2332 343 causianis

1291 349 1604 405 intermediis
1631 350 1792 403 utitur
1817 350 1881 403 ad
1908 349 2121 403 effectus
2147 343 2332 440 quoad!

1291 423 1404 475 vult
1442 422 1813 490 producendos3
1855 423 2211 493 quamobrem
2223 420 2332 525 ο-εςζε

1290 499 1464 549 mnino
1490 499 1821 558 conveniens,
1839 499 2179 581 etsapientiae
2200 498 2332 559 dit-fast

1294 573 1441 622 vinae
1470 587 1756 639 congruum
1781 579 1879 633 est,
1909 579 1966 624 ut
1992 572 2146 625 etiam
2184 588 2274 624 no·
2298 583 2332 619 ὲ·

1293 645 1550 698 bilissimis
1577 647 1682 697 suis
1709 647 1977 708 creaturiS,
2009 648 2044 698 i.
2088 662 2136 698 e.
2169 642 2332 700 An·

1291 720 1419 787 gelis
1448 725 1621 772 utatur
1647 720 1710 771 ad
1739 720 1868 773 fines
1893 736 1924 772 a
1948 736 2002 772 se
2021 720 2332 789 praefixos*-

1296 794 1661 860 promovendos
1690 792 1784 863 (Ξ).
1829 793 2100 847 Praeterea
2138 793 2275 846 Deus

1295 884 1382 935 per
1399 868 1554 919 talem
1575 868 1856 920 custodiam
1876 875 2138 936 paternam
2153 884 2318 935 erga

1294 943 1523 994 homines
1567 943 1842 995 bonitatem
1877 943 2187 1002 manifestat,
2220 948 2291 999 ut:
2327 948 2332 950 “

1293 1020 1497 1083 egregie
1532 1018 1769 1069 observat
1810 1016 2162 1069 Catechismus
2198 1032 2310 1067 ror

1293 1107 1475 1143 manus
1503 1088 1579 1161 (5)
1610 1092 1782 1143 dicens
1808 1108 1820 1142 ε
1857 1110 1879 1139 α
1911 1089 1979 1144 Ut
2017 1097 2272 1159 parenteS‚

1293 1167 1332 1216 si
1362 1167 1542 1217 infesta
1562 1172 1613 1217 et
1634 1165 1916 1233 periculosa
1943 1166 2021 1217 via
2043 1165 2160 1218 filiis
2182 1168 2278 1217 iter

1294 1239 1584 1291 faciendum
1636 1241 1719 1300 sit,
1770 1239 2006 1291 custodes
2032 1239 2279 1291 adhibent

1293 1321 1343 1365 et
1373 1313 1714 1381 periculorum
1741 1314 2032 1376 adiutores3
2063 1314 2136 1366 sic
2165 1329 2278 1365 coe·

1295 1388 1434 1439 lestis
1481 1403 1665 1455 parens
1709 1389 1760 1438 in
1799 1387 1895 1439 hoc
1934 1389 2135 1449 itinere,
2179 1402 2278 1456 quo

1293 1462 1353 1513 ad
1375 1462 1646 1514 coelestem
1666 1462 1880 1527 patriam
1898 1462 2276 1520 contendimus,

1294 1536 1509 1602 singulis
1545 1536 1686 1587 nobis
1727 1537 1984 1603 proposuit
2020 1535 2277 1602 Angelos»,

1294 1625 1510 1678 quorum
1531 1625 1625 1677 ope
1646 1625 1705 1661 ac
1727 1610 1987 1676 diligentia
2007 1612 2147 1670 tecti,
2183 1610 2283 1661 fur-

1296 1687 1383 1736 tim
1415 1691 1616 1751 paratos
1643 1685 1706 1736 ab
1729 1684 1958 1736 hostibus
1983 1684 2187 1753 laqueos
2209 1686 2283 1734 vi-

1297 1766 1590 1810 taremus...
1624 1759 1784 1826 iisque
1830 1759 2046 1810 ducibus
2087 1766 2283 1810 rectum

1296 1834 1390 1884 iter
1419 1839 1732 1884 teneremus,
1760 1851 1782 1880 »
1808 1831 2045 1884 Custodia
2072 1832 2284 1884 homini-

1296 1907 1389 1959 bus
1418 1907 1646 1973 impensa
1676 1914 1752 1957 est
1779 1907 1933 1958 etiam
1979 1909 2287 1959 convenien-

1297 1982 1489 2032 tissima
1500 1979 1695 2048 Angelis
1716 1982 1886 2049 qui‚ut
1906 1980 1975 2032 ait
1993 1979 2284 2040 S.Thoma3,

1299 2056 1488 2106 bonum
1517 2054 1650 2121 quod
1700 2055 1914 2115 babent,
1965 2055 2183 2108 libenter
2235 2055 2287 2106 in
2324 2069 2326 2074 ⁸

1297 2129 1422 2180 alios
1448 2128 1740 2181 difiundunt
1767 2126 1820 2198 (S
1849 2144 2018 2196 praec.
2053 2145 2105 2181 n.
2139 2128 2214 2199 5),
2236 2135 2289 2181 et

1298 2202 1497 2254 ardenti
1557 2202 1725 2254 studio
1778 2202 1999 2269 flagrant
2053 2202 2288 2256 imitandi
2327 2240 2332 2247 -

1299 2276 1483 2338 Deum,
1515 2279 1599 2344 qui
1630 2277 1848 2345 plurima
1870 2277 2117 2330 beneficia
2134 2278 2184 2329 in
2208 2277 2291 2329 bo-

1301 2352 1463 2402 mines
1491 2352 1711 2411 confert,
1743 2358 1795 2403 et
1841 2351 2019 2419 repleti
2067 2352 2290 2420 perfecta

1300 2425 1551 2476 charitate
1577 2425 1700 2476 nihil
1727 2424 2084 2477 vehementius
2099 2425 2295 2476 deside·

1303 2505 1436 2558 rant,
1470 2514 1625 2566 quam
1659 2498 1876 2566 gloriam
1906 2499 2021 2560 Dei,
2053 2505 2105 2550 et
2131 2498 2294 2550 homi·
2323 2528 2325 2530 -

1303 2588 1446 2632 num,
1491 2572 1780 2624 futurorum
1839 2571 2116 2641 aliquando
2174 2588 2294 2624 con-

1301 2647 1514 2704 civium,
1566 2647 1928 2714 perfectionem
1978 2652 2030 2698 et
2075 2645 2294 2699 salutem

1305 2734 1624 2787 promovere.
1656 2710 1887 2789 Denique
1917 2720 2098 2773 eadem
2127 2728 2296 2773 custo·

1304 2795 1382 2844 dia
1413 2794 1649 2878 angelica
1683 2795 2169 2847 convenientissima
2217 2799 2297 2846 est
2319 2810 2332 2845 i

1305 2868 1512 2926 homini,
1554 2871 1639 2938 qui
1688 2884 1743 2921 se
1790 2868 2073 2929 infirmum,
2122 2867 2332 2949 multi-023

1305 2943 1698 2995 necessitatibus
1748 2942 2064 3003 obnoxium,
2132 2949 2185 2994 et
2226 2941 2332 3006 ‘abssj

1306 3015 1523 3068 inimicis
1539 3017 1782 3084 stipatum
1799 3032 2086 3084 agnoscens
2106 3030 2196 3084 per
2215 3031 2299 3068 su-
2304 2994 2332 3174 ξ

1307 3105 1521 3157 pernum
1565 3089 1816 3142 auxilium
1858 3106 1888 3142 a
1914 3091 2052 3143 malo
2093 3096 2299 3142 arcetur

1306 3170 1357 3215 et
1384 3163 1624 3230 periculis
1655 3163 1900 3233 eripitur,
1949 3164 2000 3231 in
2039 3162 2311 3223 confidem}

1307 3237 1427 3288 tiam
1457 3239 1691 3304 erigitur,
1722 3237 1788 3291 ad
1815 3238 2006 3290 honum
2030 3237 2311 3302 incitatur‚‹

1307 3316 1358 3362 et
1406 3309 1480 3362 sic
1523 3310 1723 3364 facilius
1765 3311 1920 3364 finem
1948 3326 2100 3362 suum
2124 3326 2309 3369 conse-2

1307 3383 1498 3452 quitur.
1523 3412 1597 3422 -
1621 3383 1866 3446 Quamvis
1902 3391 2077 3438 autem
2106 3400 2207 3438 ex
2206 3384 2291 3486 lii

1342 3480 1469 3529 (³21³.
1492 3480 1704 3528 &omn
1731 3481 1763 3521 ί»
