2332 3860
208 123 311 176 571⁴

134 220 283 272 bilem
323 218 374 270 in
415 216 513 270 fide
544 218 841 286 perdurare,
872 218 973 271 iam
998 216 1122 269 *alibi

133 293 403 359 probatum
442 298 519 344 est
547 289 643 362 (l).
688 291 794 345 Ast
822 299 924 344 n'on
957 290 1121 344 solum

132 382 293 435 usque
332 366 398 419 ad
451 367 948 419 consummationem
1011 380 1121 416 sae-

129 439 377 508 culissed
419 440 572 492 etiam
617 449 730 509 post
758 440 931 492 mundi
966 439 1120 491 finem

130 521 181 566 et
222 521 337 582 post
386 514 633 566 iudicium
697 513 928 567 Christus
984 512 1120 565 Deus

129 588 280 641 homo
319 588 575 655 regnabit,
620 595 670 642 et
710 589 916 658 quidem
955 587 1005 639 in
1034 604 1119 641 ae-

128 668 351 715 ternum.
397 661 453 714 ld
493 663 630 714 enim
673 663 914 715 vaticinia
965 663 1117 715 citata

126 738 393 798 evincunt,
436 737 623 805 quibus
661 737 777 789 addi
838 743 1000 805 potest
1052 736 1120 790 lo-

126 827 215 863 cus
255 811 481 863 Danielis
532 809 641 871 Vll,
705 811 809 872 M,
874 811 956 864 ubi
998 810 1118 863 Pro-

127 885 275 953 pheta
317 884 505 937 Filium
544 883 769 937 hominis
810 901 900 953 per
951 885 1116 937 visum

126 960 341 1028 aspexit,
373 959 455 1011 cui
482 957 724 1026 Antiquus
752 959 964 1020 dierum,
995 962 1029 1012 i.
1063 977 1110 1012 e.

126 1033 270 1086 Deus
333 1032 483 1086 Pater
552 1033 680 1085 dedit
745 1041 1021 1101 potestatem
1074 1043 1117 1086 et

126 1108 358 1161 honorem
396 1115 439 1160 ec
478 1123 683 1174 reqmam
720 1116 764 1159 ec
822 1124 982 1159 omues
1034 1125 1115 1175 po-

124 1182 247 1252 puli,
294 1182 448 1234 tribus
488 1191 530 1233 et
554 1180 751 1249 linquae
775 1182 873 1248 ipsi
891 1185 1114 1236 servient.-

124 1263 331 1325 poteslas
369 1256 473 1308 eius
507 1263 713 1323 potestas
753 1265 968 1319 aeterua,
995 1273 1116 1323 quae

124 1347 218 1383 non
256 1331 509 1398 auferetur
537 1370 549 1391 ,
605 1338 649 1382 et
707 1345 909 1397 regnum
966 1332 1069 1383 eius
1099 1372 1110 1391 ‚

124 1405 246 1474 quod
308 1421 404 1456 uon
467 1412 826 1472 corrumpetur.
890 1405 1112 1473 idipsum

124 1479 351 1546 Angelus
390 1478 593 1531 Gabriel
617 1479 871 1546 praedixit
894 1480 954 1532 de
976 1480 1115 1532 Chri-

123 1561 199 1607 sto
238 1553 428 1607 Mariae
478 1555 829 1605 annuntians:
885 1553 1115 1622 Reqnabt't

123 1629 174 1681 in
212 1629 352 1680 domo
391 1628 535 1680 Iacob
562 1628 615 1678 iu
655 1636 925 1689 aeteruum,
970 1638 1012 1680 et
1039 1645 1114 1681 re-

123 1706 203 1771 qui
243 1704 348 1755 eius
387 1719 485 1754 nen
525 1703 617 1755 erit
655 1703 767 1773 finis
797 1702 893 1773 (2).
927 1703 1114 1755 Paulus

123 1777 183 1830 ad
227 1777 382 1830 Hehr.
452 1777 632 1829 docet:
694 1777 828 1829 Iesus
890 1775 1114 1829 Christus

122 1851 249 1913 heri,
274 1860 315 1903 el
335 1850 491 1912 hodie,
527 1851 627 1920 ipse
649 1859 690 1902 et
718 1853 770 1903 ‘iu
798 1852 984 1903 saecula
1013 1850 1107 1922 (3).

120 1924 251 1978 Hinc
291 1941 408 1979 cum
451 1924 683 1977 nonnulli
735 1940 852 1977 cum
911 1921 1113 1993 Oripene

122 2005 452 2060 assererent‚'
498 2015 615 2051 cum
674 2002 1112 2053 consummatione

120 2074 314 2127 saeculi
354 2074 508 2127 etiam
550 2089 766 2141 regnum
807 2073 992 2125 Christi
1057 2076 1113 2127 fi-

122 2148 561 2203 nemhabiturum
603 2164 734 2208 esse,
778 2147 1005 2200 Ecclesia
1026 2165 1110 2201 ca-

120 2222 307 2276 tholiea
355 2222 474 2275 huic
525 2222 683 2274 errori
742 2237 796 2274 se
856 2231 1112 2291 opponent

119 2295 361 2365 Symbolo
419 2296 622 2349 CPtano
666 2295 793 2349 haec
839 2298 997 2349 verba
1049 2298 1111 2350 de

118 2370 317 2424 Christo
356 2371 579 2423 addidit:
623 2368 779 2423 Cuius
818 2372 957 2429 renni
1014 2389 1110 2424 nou

118 2446 210 2499 erit
245 2446 378 2517 finis,

194 2523 247 2572 [ι.
293 2519 522 2587 Denique
563 2534 782 2586 regnum
810 2516 993 2572 Christi
1021 2536 1109 2573 ex-

119 2593 544 2647 cellentissimum
585 2609 696 2645 esse
743 2596 1067 2659 cognoscitur
1092 2637 1104 2657 ‚

119 2670 158 2720 si
198 2669 311 2738 finis
351 2669 460 2720 eius
500 2673 779 2735 spectetur.
825 2667 1000 2735 Regna
1058 2685 1108 2720 e-

121 2743 224 2794 nim
263 2742 415 2796 huius
457 2749 623 2794 terrae
665 2741 893 2809 proxime
922 2744 1109 2795 securi-

121 2822 275 2869 tatem
316 2823 367 2869 et
415 2816 712 2869 felicitatem
775 2817 1106 2882 temporalem

121 2890 410 2943 intendunt.
456 2889 691 2957 Regnum
721 2896 895 2942 autem
922 2889 1106 2943 Christi

121 2965 409 3017 animarum
452 2963 907 3016 sanctificationem
949 2971 1000 3016 et
1037 2967 1107 3017 fe-

121 3037 366 3090 licitatem
405 3044 667 3090 aeternam
697 3054 786 3106 pro
807 3038 909 3090 fine
931 3038 1101 3092 habet.

121 3111 312 3166 Idcirco
351 3112 459 3178 ipse
497 3111 707 3166 Messias
745 3113 852 3164 ait:
896 3113 998 3180 qu
1018 3130 1107 3165 au-

120 3194 209 3239 tem
249 3186 534 3237 constitutus
573 3202 681 3238 sum
720 3202 814 3239 rem
850 3186 908 3238 ab
945 3203 996 3239 eo
1026 3204 1107 3240 su-

119 3275 202 3329 per
239 3257 358 3312 Sion
395 3267 602 3312 montem
639 3268 860 3313 sanctum
878 3261 982 3312 eius
1004 3259 1102 3331 (lt),

119 3335 170 3388 in
210 3347 340 3403 quae
378 3332 537 3386 verba
575 3332 627 3386 S.
670 3334 976 3403 Auqustinus
1020 3336 1106 3388 ob-

239 3463 364 3499 Theol.
385 3472 466 3507 gen.
493 3461 517 3508 S
542 3461 620 3498 287.

164 3463 216 3554 ὃς
237 3509 325 3545 Luc.
350 3508 387 3552 1,
407 3507 463 3548 «3-3-
796 3507 848 3550 (3)
871 3508 979 3545 Hebr.
993 3508 1047 3553 1³,
1071 3509 1103 3545 8.

534 138 595 175 DE
633 137 726 175 ΠΕΟ
763 136 896 175 LAPs1
934 137 1118 175 numm
1156 135 1732 177 GENssmsnnnEMRToRE.
1781 123 1787 129 ’

1184 223 1393 270 servat:
1428 236 1455 268 a
1485 217 1586 271 Sed
1623 218 1741 271 Sion
1780 215 1889 281 ille,
1931 225 1983 273 et
2021 201 2179 276 mons·
2233 223 2246 243 ’·

1184 291 1270 343 ille
1307 306 1409 344 non
1449 300 1527 345 est
1564 293 1627 347 de
1667 292 1763 345 hoc
1790 293 1997 347 mundo.
2023 293 2166 358 Quod
2222 297 2234 327 ’·

1183 371 1262 417 est
1301 365 1439 417 enim
1478 362 1587 419 eius
1625 382 1862 436 regnum,
1905 368 1999 420 nisi
2057 383 2167 422 ore-
2244 366 2260 370 ⁴
2295 381 2321 395 ”

1183 438 1364 491 dentes
1403 441 1453 491 in
1484 455 1598 492 eum
1618 439 1645 494 ’ἑ
1677 461 1702 491 >›
1732 441 1887 494 lsaias
1923 442 2166 510 spiritua·

1186 512 1285 565 lem
1326 513 1480 566 finem
1503 529 1661 582 regno
1682 514 1895 568 Messiae
1915 516 2162 584 assignat,

1182 588 1251 640 ita
1293 587 1454 640 Deum
1495 588 1559 640 ad
1599 588 1834 642 Messiam
1874 589 2164 658 loquentem

1182 662 1467 715 inducens:
1511 662 1633 714 Dedi
1672 670 1713 714 te
1757 664 1809 715 in
1864 664 2030 732 foedus
2083 681 2166 732 po·

1176 736 1283 804 puli
1321 737 1374 789 iu
1413 737 1565 789 lucem
1591 738 1825 803 ymnum,
1869 746 1922 789 ut
1953 739 2167 807 aperires

1180 810 1340 862 oculos
1360 827 1632 871 caecorum,
1662 819 1706 863 et
1734 812 1954 864 educeres
1980 813 2036 863 de
2057 829 2166 864 con·

1179 884 1391 937 clusione
1428 886 1662 944 vinctum,
1716 885 1771 937 de
1797 886 1936 938 domo
1955 887 2167 939 carceris
2249 919 2252 923 Δ

1177 959 1384 1012 sedentes
1404 960 1453 1010 in
1476 959 1681 1011 tenebris
1696 957 1793 1030 (ὅ).
1824 960 1999 1012 Daniel
2021 976 2166 1029 prae-

1179 1033 1332 1096 dixit,
1375 1034 1611 1086 Messiam
1657 1049 1829 1102 regem
1875 1040 2166 1088 ‘venturum

1178 1122 1307 1169 esse,
1352 1116 1405 1160 ut
1444 1117 1799 1161 consummetur
1810 1110 2166 1177 praevaricatio

1177 1189 1219 1234 ec
1249 1183 1391 1251 finem
1429 1183 1631 1252 accipiat
1645 1191 1907 1253 peceatum,
1937 1190 1979 1235 et
2014 1183 2166 1236 delea-

1179 1264 1260 1307 tur
1305 1257 1540 1326 iniquitas
1570 1298 1583 1319 ‚
1642 1264 1686 1309 et
1716 1257 1988 1309 adducatur
2029 1258 2168 1310 iusti-

1180 1334 1246 1382 cia
1283 1333 1572 1399 sempiterna
1627 1329 1725 1402 (6).
1781 1330 2012 1384 Christus
2057 1332 2166 1400 ipse

1180 1407 1319 1472 regni
1361 1407 1436 1458 sui
1477 1405 1630 1458 finem
1671 1405 1988 1473 spiritualem
2029 1421 2163 1469 esse,

1177 1486 1350 1546 aperte
1390 1480 1684 1532 declaravit.
1724 1478 1853 1531 Cum
1893 1482 2030 1532 enim
2082 1495 2166 1533 re-

1176 1570 1333 1620 gnum
1356 1570 1384 1606 a
1411 1571 1466 1607 se
1494 1555 1863 1607 instituendum
1891 1554 2011 1607 ovili
2033 1570 2167 1607 com-

1180 1636 1400 1696 pararet,
1445 1629 1506 1680 de
1535 1630 1715 1682 ovibus
1742 1630 1848 1681 suis
1869 1629 2030 1682 dixit:
2062 1629 2165 1698 qu

1177 1704 1298 1761 veni,
1343 1713 1397 1755 ut
1435 1704 1584 1755 vitam
1635 1702 1856 1766 habeam,
1917 1711 1960 1756 et
2015 1703 2166 1757 abun-

1176 1778 1372 1829 dantius
1400 1778 1601 1831 habeant
1630 1777 1725 1848 (7).

1249 1851 1380 1903 Nota
1420 1852 1471 1905 1.
1516 1853 1623 1905 Non
1664 1853 1774 1904 sine
1814 1850 1985 1904 solidis
2011 1867 2165 1921 argu-

1177 1927 1361 1978 mentis
1402 1926 1621 1994 theologi
1668 1934 1925 1988 asserunt,
1994 1926 2164 1978 Domi-

1180 2016 1298 2052 num
1339 2000 1507 2053 Iesum
1572 2001 1850 2062 Christum,
1913 2007 2162 2069 quantum

1175 2076 1237 2126 ad
1280 2082 1582 2143 potestatem
1624 2082 1675 2127 et
1714 2076 1791 2126 ius
1850 2075 1993 2141 regni
2053 2090 2163 2143 spe-

1176 2156 1299 2211 ctat,
1345 2150 1498 2202 fuisse
1539 2158 1643 2202 tam
1683 2148 1963 2217 spiritualis
2007 2164 2160 2218 quam

1176 2224 1466 2291 temporalis
1507 2225 1651 2290 regni
1693 2223 1986 2291 plenissima
2023 2239 2164 2290 prae-

1174 2298 1337 2348 ditum
1384 2300 1706 2359 auctoritate,
1769 2298 1967 2350 etiamsi
2027 2297 2161 2350 hanc

1174 2388 1415 2423 exercere
1457 2372 1695 2424 noluerit.
1739 2369 1868 2423 Cum
1908 2371 2042 2423 enim
2073 2388 2163 2425 na-

1174 2453 1288 2497 tura
1328 2446 1438 2498 eius
1477 2446 1701 2498 humana
1740 2446 1803 2497 ad
1832 2452 1936 2498 tam
1963 2452 2159 2499 arctam

1173 2535 1288 2571 cum
1329 2520 1434 2572 Deo
1474 2520 1640 2573 Verbo
1681 2521 1921 2572 unionem
1962 2535 2161 2572 assum-

1174 2601 1258 2662 pta
1297 2602 1390 2660 est,
1433 2601 1488 2645 ut
1527 2594 1673 2646 fieret
1713 2595 1891 2647 eadem
1913 2595 2160 2662 cumipso

1174 2684 1404 2735 persona,
1449 2669 1611 2720 factus
1650 2674 1727 2720 est
1763 2666 1992 2720 Christus
2024 2667 2160 2721 filius

1171 2741 1260 2794 Dei
1303 2743 1549 2794 naturalis
1597 2743 1824 2795 omnium
1888 2741 2154 2804 DominuS,

1171 2821 1317 2885 eique
1358 2817 1598 2868 universa
1637 2817 1689 2869 in
1729 2815 1870 2868 coelo
1909 2817 2031 2868 etin
2061 2823 2160 2868 ter-

1171 2907 1225 2942 ra
1266 2891 1497 2943 subiecta
1539 2898 1660 2943 sunt
1723 2905 2045 2959 quocumque
2102 2891 2160 2942 ti-

1170 2964 1277 3016 tulo
1341 2966 1604 3017 servitutis
1666 2979 1726 3016 ac
1766 2963 2154 3036 dependentiae,

1170 3038 1257 3090 His
1297 3039 1512 3100 accedit,
1557 3037 1817 3090 Christum
1848 3052 2024 3090 omnes
2071 3037 2158 3090 ho-

1170 3114 1332 3164 mines
1396 3113 1645 3180 sanguine
1705 3128 1796 3165 suo
1859 3111 2151 3171 redemisse,

1168 3194 1320 3255 atque
1359 3187 1511 3239 etiam
1552 3202 1618 3238 ex
1658 3185 1753 3239 boc
1789 3185 1936 3238 titulo
1980 3186 2032 3236 in
2072 3199 2156 3237 eo-

1169 3260 1383 3312 rundem
1424 3266 1473 3312 et
1512 3261 1708 3313 animas
1747 3267 1799 3313 et
1835 3271 2043 3327 corpora
2072 3258 2157 3311 do·

1169 3335 1383 3387 minium
1422 3334 1751 3403 acquisivisse
1780 3331 2149 3403 plenissimum.

1788 3460 1840 3507 (³)
1863 3463 1909 3497 Is.
1935 3462 1992 3503 1124
2017 3461 2049 3505 θ,
2073 3466 2144 3498 etc.

1215 3463 1260 3506 (4)
1286 3465 1326 3499 ln
1351 3465 1490 3498 Psalmo
1515 3464 1547 3507 2,
1573 3464 1608 3500 6.

1788 3505 1840 3552 17)
1865 3508 1964 3544 toan.
1988 3506 2044 3552 10,
2066 3506 2120 3543 10.

1213 3509 1264 3554 (e)
1289 3511 1373 3552 cap.
1398 3508 1431 3554 9,
1455 3508 1509 3544 24.

2303 3371 2332 3745 'Mam-1:
2312 3346 2332 3356 ¹.
2315 3324 2325 3334 ⁴
2315 3253 2332 3299 e-ss„
2299 3203 2332 3241 'm
2324 3079 2332 3084 .
