2332 3860
187 1005 205 1011 ‘
245 1002 406 1054 gnare
434 1028 446 1047 ,

324 146 436 200 372

293 277 339 314 11.
364 278 468 314 Ratio
497 278 537 313 in
574 278 742 314 doctrina
775 279 822 313 de
856 285 1006 323 peceato
1039 278 1208 322 originali

362 339 688 374 contradictionem
711 339 903 375 ostendere
926 348 1000 374 non
1034 339 1138 375 valet.

638 451 677 510 ς
709 452 844 498 nae.

322 541 453 596 Tum
517 544 716 611 antiqui
776 543 1038 612 Pelaqiani
1063 585 1075 605 ‚
1138 551 1247 596 tum

248 615 503 670 Sociniani
542 623 593 670 et
631 616 1017 679 Rationaliscae‚
1062 620 1248 687 quibus

189 690 192 694 ’
249 690 432 759 dogma
461 691 523 743 de
563 699 769 759 peccato
797 692 1054 759 originali,
1100 693 1246 761 valde

248 780 466 817 exosum
506 771 603 826 est,
647 782 852 817 omnem
897 767 1115 834 lapidem
1147 784 1248 818 mo-

249 846 460 900 verunt,
495 845 550 891 ut
576 840 927 900 ostenderent,
960 841 1244 893 doctrinam

247 912 311 965 de
353 920 560 981 peccato
597 914 832 981 originali
876 915 1056 966 rationi
1101 932 1247 983 repu-

501 994 553 1040 et
605 1004 722 1039 cum
779 987 891 1039 aliis
944 987 1245 1041 veritatibus

246 1061 488 1114 revelatis
562 1062 1019 1115 contradictionem
1084 1065 1246 1115 invol-

248 1151 388 1188 vere.
414 1135 515 1188 Sed
536 1152 602 1188 ex
623 1137 966 1189 obiectionum
993 1137 1244 1190 solutione

244 1210 461 1277 patebit,
506 1211 555 1261 in
586 1210 818 1264 doctrina
855 1211 918 1263 de
961 1219 1168 1278 peccato
1197 1230 1246 1264 0-

243 1282 447 1350 riginali
517 1284 716 1337 nullam
787 1286 1241 1339 contradictionem

247 1357 446 1409 ostendi
483 1373 649 1424 posse.

319 1429 426 1483 obi.
482 1434 565 1483 1.⁸
606 1432 850 1484 Doctrina
898 1433 960 1485 de
1003 1450 1245 1503 propaga-

245 1505 381 1557 tione
406 1507 597 1573 peccati
621 1507 884 1570 originalis
909 1516 1103 1575 pugnat
1125 1525 1241 1561 cum

243 1580 646 1646 perfectionibus
712 1582 914 1635 divinis,
984 1581 1113 1634 Nam
1171 1585 1243 1636 ait

242 1651 615 1720 Wegscbeider
644 1653 742 1726 (1):
774 1676 796 1705 «
824 1656 924 1708 Nec
955 1657 1244 1725 benignitas

243 1727 335 1780 Dei
361 1730 647 1782 concedere
676 1737 862 1797 potest,
896 1738 952 1782 ut
974 1748 1063 1798 per
1094 1733 1244 1783 unius

243 1801 465 1854 hominis
508 1810 774 1870 peccatum
817 1805 1058 1857 universa
1087 1806 1245 1858 homi-

243 1891 367 1927 num
409 1884 596 1929 natura
635 1886 1027 1945 corrumpatur,
1072 1887 1122 1931 et
1162 1880 1245 1931 de-

243 1956 524 2018 pravetur,
572 1967 666 2003 nec
705 1953 957 2019 sapientia
998 1954 1141 2020 pati,
1187 1962 1243 2006 ut

240 2039 371 2092 opus
408 2025 474 2077 ab
502 2025 644 2077 initio
675 2027 1128 2092 praestantissimis
1172 2029 1245 2079 in-

242 2104 502 2151 structum
561 2099 763 2151 dotibus
824 2102 975 2169 paulo
1028 2109 1141 2169 post
1180 2104 1243 2155 ob

243 2188 453 2225 causam
486 2173 797 2226 levissimam
820 2175 870 2226 in
897 2175 1047 2243 plane
1068 2177 1242 2242 aliam,

243 2245 655 2316 deterioremque
695 2249 1040 2302 conditionem
1083 2257 1244 2302 trans-

242 2321 513 2385 formetur3
540 2337 635 2374 nec
657 2324 847 2375 iustitia
878 2323 965 2375 Dei
994 2324 1238 2386 admittit,

242 2401 301 2447 ut
357 2396 657 2449 innocentes
710 2398 773 2449 ob
815 2405 1085 2466 peccatum
1125 2399 1244 2451 alie-

243 2485 370 2521 num
409 2485 470 2523 eo
511 2472 810 2539 puniantur,
838 2472 972 2540 quod
1009 2473 1130 2539 ipsis
1161 2490 1244 2525 ne-

243 2545 454 2596 cessitas
483 2544 725 2611 peccandi
757 2547 1101 2612 imponatur.»
1133 2546 1242 2599 Non

244 2632 366 2684 ergo
392 2618 506 2670 sine
533 2619 758 2670 maxima
783 2619 872 2670 Dei
892 2620 1078 2671 iniuria
1102 2637 1243 2689 prae-

245 2690 349 2742 fata
390 2691 623 2744 doctrina
662 2692 862 2744 admitti
905 2701 1088 2761 potest.

318 2763 458 2833 Resp.
504 2765 787 2818 Decantata
840 2766 967 2818 haec
1024 2767 1240 2819 obiectio

246 2836 393 2889 facile
420 2838 655 2892 solvitur.
699 2839 749 2910 a)
794 2839 962 2892 Liceat
996 2841 1141 2893 nobis
1169 2842 1238 2892 uiti

245 2919 551 2977 argumento
608 2913 671 2966 ad
723 2914 1004 2966 hominem.
1050 2914 1242 2967 Adver-

245 2985 387 3044 sarii.
430 2988 513 3054 qui
542 2994 812 3055 peccatum
850 2987 1098 3055 originale
1135 3005 1242 3057 per-

245 3057 405 3110 fracte
455 3067 678 3127 negant,
741 3068 913 3114 tamen
976 3063 1238 3115 nobiscum

247 3130 592 3185 miserrimum
624 3135 889 3188 hominum
911 3143 1104 3189 statum
1131 3144 1240 3189 tum

246 3205 414 3272 quoad
466 3221 690 3274 corpuS‚
752 3217 862 3262 tum
915 3210 1080 3279 quoad
1132 3210 1241 3262 ani-

247 3293 416 3341 mam,
459 3294 550 3331 seu
591 3280 804 3335 effectus
843 3285 1039 3352 peccati
1089 3284 1243 3351 origi-

148 3407 167 3414 „
249 3351 400 3419 natis,
421 3353 572 3405 sicuti
604 3369 694 3406 nos
715 3356 950 3422 dicinim,
970 3357 1242 3410 admittere

250 3431 510 3484 tenentur.
541 3425 847 3495 Discrepant
877 3446 996 3483 cum
1024 3429 1244 3484 Catholi-

293 3522 350 3571 (ι)
372 3524 461 3561 rust.
472 3525 525 3562 ιιι.
534 3525 662 3562 cariat.
674 3527 795 3570 αοςω.
806 3526 832 3573 s
855 3526 930 3566 m.

326 3608 583 3631 maman-<w
631 3617 635 3619 -
667 3623 675 3626 .

655 164 719 200 nn
755 163 849 202 neo
886 163 939 201 m
979 162 1250 202 nemnem:
1278 147 1355 203 ‘An
1389 163 1597 204 nonnum
1634 165 1897 204 specum.

1314 246 1386 298 cis
1413 245 1730 301 solummodo
1765 248 1814 300 in
1843 244 2156 315 assignando
2193 228 2301 295 ι*-

1304 337 1442 373 sam.
1473 320 1600 374 Nam
1621 323 1764 375 iuxta
1797 322 2123 375 adversarios
2295 343 2301 397 ὲ

1311 395 1421 446 sine
1448 395 1598 463 culpa
1627 397 1799 464 miser,
1825 404 1877 450 et
1914 399 2014 449 iam
2053 397 2118 448 ab
2159 397 2301 452 init

1311 470 1383 520 sic
1420 485 1449 521 a
1490 469 1596 522 Deo
1623 471 1858 523 conditus
1897 476 2007 534 est3
2053 471 2196 523 iuxta

1313 543 1525 596 tholicos
1553 560 1674 596 vero
1702 544 1853 597 bomo
1892 552 2063 598 rectus
2089 551 2140 596 et
2178 540 2302 610 feli}

1310 618 1546 670 conditus
1567 625 1661 683 est,
1677 625 1728 670 et
1745 626 1947 687 propter
1961 618 2164 685 culpam
2184 634 2247 670 cu
2279 614 2303 672 ἶ
2327 679 2329 683 ,

1309 691 1525 754 AdamO,
1571 699 1623 745 et
1661 694 1710 744 in
1741 693 1937 745 Adamo
1976 693 2246 745 commissa
2268 669 2320 739 '3

1309 768 1463 819 miser
1484 767 1664 819 factus,
1687 762 1990 830 Quaerimus
2011 768 2130 833 iarn,
2151 782 2293 835 qua
2315 768 2328 836 ’-

1312 857 1426 892 nam
1468 842 1720 893 sententia
1747 841 2140 908 perfectionibus
2179 840 2226 891 di

1311 916 1386 966 nis
1447 918 1607 982 magis
1663 916 1918 967 contraria
1977 913 2088 967 sit?
2153 905 2300 991 Cert}

1310 991 1448 1040 iuxta
1502 1005 1828 1042 communem
1878 989 2140 1040 hominum
2190 991 2298 1050 seri?

1308 1080 1421 1115 sum
1451 1066 1611 1116 multo
1641 1065 1803 1131 magis
1832 1063 2064 1124 bonitati,
2102 1056 2332 1189 sapieaef'q

1311 1139 1407 1190 tiae
1435 1145 1486 1191 et
1513 1139 1735 1191 iustitiae
1759 1139 1845 1190 Dei
1867 1153 2159 1205 repugnans
2184 1152 2242 1189 ce
2280 1131 2332 1207 ft

1307 1220 1447 1265 setur
1488 1214 1695 1273 dicere,
1742 1212 1999 1264 hominem
2052 1212 2160 1263 sine
2212 1207 2332 1294 affl

1307 1303 1404 1354 qua
1446 1287 1596 1355 culpa
1637 1295 1743 1339 tam
1784 1288 2059 1347 miserum,
2103 1292 2154 1337 et
2194 1291 2242 1337 ta
2279 1325 2299 1331 .«

1308 1362 1537 1429 ineptum
1565 1361 1626 1413 ad
1669 1361 1823 1412 finem
1852 1377 2001 1412 suum
2034 1359 2241 1412 conditu
2270 1358 2295 1368 ‘⁴
2319 1356 2322 1358 ’

1309 1435 1495 1497 fuisse,
1539 1450 1692 1504 quam
1733 1450 1998 1492 asserere,
2042 1434 2244 1485 homine

1307 1527 1333 1559 a
1376 1509 1480 1561 Deo
1521 1516 1741 1571 rectum,
1767 1516 1818 1561 et
1844 1509 1907 1560 ad
1939 1508 2094 1560 finem
2120 1514 2302 1575 aptu·

1307 1583 1590 1645 conditum,
1637 1599 1725 1651 per
1764 1583 1970 1650 culpam
2010 1585 2060 1634 in
2107 1579 2307 1650 statn‘⁴

1309 1658 1612 1710 deteriorem
1655 1657 1921 1709 decidisse.
1967 1657 2012 1725 b)
2072 1656 2164 1708 Ast
2222 1654 2295 1707 d*

1310 1740 1445 1784 recte
1486 1734 1641 1784 etiam
1668 1731 1863 1783 ostendi
1902 1737 2086 1797 potest,
2117 1729 2234 1781 doct
2274 1725 2283 1773 ῗ

1310 1822 1426 1857 nam
1466 1806 1772 1858 catholicam
1828 1821 1991 1873 neque
2041 1804 2309 1867 iustitian,

1310 1896 1472 1949 neque
1513 1882 1823 1947 sapientiae,
1870 1895 2034 1947 neque
2086 1874 2308 1933 bonita

1306 1955 1511 2007 divinae
1553 1969 1858 2023 repugnare.
1899 1952 1962 2005 Et
1990 1952 2122 2021 quod
2163 1940 2314 2030 ius)-g

1310 2030 1430 2081 tiam
1471 2030 1688 2089 attinet,
1732 2034 1931 2080 certum
1978 2033 2090 2085 est,

1307 2105 1416 2155 sine
1476 2103 1580 2154 ulla
1622 2102 1843 2154 iustitiae
1902 2117 2026 2153 suae
2074 2099 2309 2155 laesio

1308 2178 1532 2245 potuisse
1574 2177 1730 2228 talem
1757 2177 1821 2228 ab
1855 2175 1996 2227 initio
2038 2174 2231 2225 bomin·

1306 2267 1501 2313 creare,
1545 2251 1710 2319 qualis
1740 2265 1877 2301 nunc
1907 2249 2148 2301 nascitur.
2173 2245 2310 2322 Nugas

1309 2326 1510 2377 latenus
1573 2325 1896 2392 obligabatur
1945 2323 2008 2375 ad
2073 2323 2273 2374 tribue*

1306 2399 1427 2451 dum
1479 2399 1772 2451 hominibus
1822 2398 2044 2466 gratiam
2105 2401 2309 2447 suam

1306 2490 1396 2525 seu
1438 2474 1681 2526 iustitiam
1721 2470 2054 2539 originalem,
2097 2485 2191 2522 nec
2238 2490 2246 2515 =
2303 2501 2309 2520 ‚s

1306 2547 1711 2599 conservandam
1751 2547 1909 2597 vitam
1950 2544 2194 2605 bominis,
2305 2551 2309 2594 ἶ

1307 2628 1359 2672 ut
1400 2636 1584 2688 corpus
1626 2636 1722 2672 non
1766 2619 2106 2679 dissolvatur,
2171 2623 2269 2690 etj

1307 2694 1687 2747 inordinationes
1724 2693 1776 2744 in
1813 2695 1922 2761 ipso
1962 2707 2063 2744 non
2102 2690 2259 2749 conti

1304 2776 1446 2835 gant,
1492 2785 1587 2820 nec
1626 2768 1690 2821 ad
1726 2765 2114 2819 concedendum
2153 2765 2201 2817 in
2236 2777 2258 2815 ιῖ

1307 2843 1460 2894 lectui
1502 2843 1666 2895 maius
1706 2842 1909 2904 lumen,
1952 2847 2005 2892 et
2042 2839 2256 2892 volunt

1307 2918 1548 2968 maiorem
1587 2917 1652 2970 ad
1678 2918 1869 2968 bonum
1898 2913 2214 2981 proclivitate
2230 2915 2253 2981 j

1304 2989 1441 3042 Deus
1462 3007 1582 3058 ergo
1604 2991 1793 3058 absque
1829 2988 2054 3041 iustitiae
2081 2997 2250 3054 suaejq

1303 3065 1545 3116 scrimine
1571 3065 1818 3132 potuisset
1839 3062 2095 3115 hominem
2119 3059 2242 3128 >cri

1303 3139 1412 3191 sine
1453 3138 1645 3189 iustitia
1684 3135 1958 3205 originali,
1999 3149 2091 3187 seu
2130 3149 2207 3201 gr
2241 3139 2243 3143 ’

1304 3211 1655 3272 sanctificante
1695 3211 1774 3278 (in
1827 3208 1972 3262 cuius
2011 3207 2239 3281 privat'3

1304 3285 1523 3336 essentia
1542 3285 1733 3351 peccati
1749 3281 2010 3350 originalis
2024 3279 2223 3351 consi-fi

1321 3365 1372 3410 et
1412 3359 1659 3425 potuisset
1692 3358 1861 3411 eidem
1898 3356 2052 3407 etiam
2091 3355 2222 3424 cae

1306 3431 1569 3498 privilegia
1596 3430 1763 3500 quoad
1787 3443 1972 3497 corpus
1993 3435 2098 3483 eta
2115 3452 2121 3476 ι
2136 3451 2209 3491 ψῃ

1299 3504 1526 3575 gratuito
1551 3519 1795 3558 concessa
1815 3503 2091 3572 denegare.
2108 3494 2205 3555 81‘
