2332 3860
662 179 806 242 rsus
842 201 883 240 1.
925 202 1090 242 suerio
1126 205 1165 242 1.
1208 204 1358 243 cnm·
1394 206 1449 243 n.

1905 150 2001 250 ⁴85

24 278 229 335 'Vinum
248 292 350 351 non
363 280 724 363 distinguebat
735 280 939 348 aPatre
960 281 1033 334 di·
1094 284 1208 338 aliis
1245 286 1465 338 terrenis
1505 286 1659 339 rebus
1695 287 1927 343 divinum
1967 307 2078 344 esse

49 371 193 418 cene,
216 352 358 424 quod
397 368 500 407 non
525 352 594 406 sit
624 371 650 400 α
676 354 776 406 nisi
814 371 940 418 vox,
982 361 1035 408 et

50 443 209 488 sonus
233 427 356 490 oris,
386 433 439 480 et
453 431 541 479 aer
568 426 813 493 offensus3
830 448 857 477 »
881 443 1032 497 quem

50 496 395 555 Tertullianus
429 515 652 583 argu-ens
690 499 832 553 dicit·
876 521 898 551 «
928 502 1035 568 Ego

50 574 174 631 nibil
204 575 314 627 dico
327 573 391 626 de
416 572 562 625 Deo
551 588 706 625 inane
733 580 786 625 et
814 590 1034 626 vacuum

52 648 255 717 prodire
281 647 696 717 potuisse...nec
720 659 898 699 carere
919 648 1038 700 sub-

50 722 261 783 stantia,
290 720 423 790 quod
466 720 529 772 de
566 726 712 772 tanta
751 721 1038 772 substantia

52 796 317 862 processit.
347 813 373 843 »
404 792 551 846 Unde
581 794 789 845 nomine
815 795 1040 861 corporis

51 867 293 936 intelligit
313 866 656 920 substantiam
690 883 777 935 per
797 883 852 920 se
880 868 1039 919 subsi-

54 947 298 1001 stentem,
354 956 457 992 non
511 941 700 993 molem
748 948 1035 993 extensam.

54 1013 169 1083 Ipse
194 1014 247 1067 S.
265 1012 594 1082 Anyti-samis,
611 1015 850 1083 quamvis
871 1015 922 1066 in
945 1013 1038 1082 Ep.

54 1088 162 1140 490
188 1088 251 1140 ad
274 1087 443 1155 Optat.
475 1087 852 1140 Tertullianum
879 1087 941 1139 de
970 1103 1045 1152 er7

55 1177 170 1214 rore
197 1161 473 1229 arguisset,
518 1161 716 1213 haeresi
746 1161 815 1213 86
857 1161 919 1212 de
959 1178 1043 1213 eo-

58 1235 175 1287 dem
213 1235 321 1286 ait:
379 1251 403 1282 «
434 1232 613 1286 Posset
651 1250 857 1302 quoquo
899 1235 1047 1286 modo

58 1308 226 1377 putari
245 1307 408 1375 ipsam
432 1313 671 1359 naturam
686 1308 1047 1360 substantiam-

57 1398 157 1451 que
198 1380 426 1432 divinam
466 1396 654 1449 corpus
682 1397 889 1443 vocare,
947 1398 1047 1433 non

59 1454 163 1507 tale
191 1469 399 1523 corpuS,
431 1455 577 1506 cuius
605 1462 776 1522 partes
796 1454 927 1507 aliae
949 1471 1053 1506 ma-

60 1530 215 1589 ioreS,
258 1528 391 1580 aliae
430 1529 656 1580 minores
697 1529 925 1590 valeant,
970 1527 1050 1580 vel

61 1600 284 1654 debeant
335 1602 570 1667 cogitari,
614 1601 787 1670 qualia
840 1609 963 1653 sunt
1001 1618 1052 1654 o-

60 1675 222 1734 mnia,
266 1689 400 1742 quae
434 1675 634 1742 proprie
686 1674 906 1726 dicimus
945 1691 1056 1727 cor-

65 1754 258 1817 pora...
285 1746 376 1798 sed
399 1748 633 1814 quianon
649 1745 738 1799 'est
760 1748 908 1799 nihil.
929 1767 951 1796 »
984 1747 1056 1800 Si-

63 1821 254 1873 militer
281 1818 462 1886 reliqui
505 1820 682 1872 Patres
721 1837 909 1873 nomen
951 1837 1058 1872 cor-

66 1895 202 1967 poris
228 1896 278 1945 in
308 1908 462 1945 sensu
492 1893 616 1956 lato,
661 1909 753 1945 seu
780 1894 1057 1962 improprio

40 2020 44 2023 ,
67 1972 419 2035 sumpserunt.

142 2042 273 2093 Nola
314 2041 366 2092 5.
399 2039 561 2093 Usum
586 2040 851 2093 doctrinae
879 2057 1060 2108 propo-

73 2117 202 2168 sitae
229 2114 291 2166 de
304 2115 633 2182 simplicitate
660 2113 751 2166 Dei
782 2116 889 2182 ipse
917 2113 1060 2166 Chri-

72 2196 182 2244 stus
221 2187 413 2240 indicat
471 2187 677 2239 dicens:
733 2187 951 2256 Spiritus
996 2194 1063 2239 est

77 2261 202 2313 Deus
253 2269 298 2312 et
354 2277 461 2323 εοε,
516 2262 602 2329 qui
639 2262 847 2313 adorant
903 2277 1013 2312 eum

75 2335 127 2385 in
149 2334 330 2403 spiritu
356 2342 399 2385 et
426 2336 629 2386 veritate
650 2343 831 2403 opo-rtet
853 2335 1064 2386 adorare

78 2405 174 2477 (t).
207 2405 468 2460 Colendus
497 2414 575 2459 est
593 2424 723 2474 eigo
750 2407 889 2460 Deus
917 2424 1064 2475 prae-

80 2481 228 2548 cipue
270 2496 358 2548 per
388 2482 573 2532 mentis
613 2481 881 2548 cordisque
911 2481 1064 2532 devo-

81 2555 292 2612 tionem,
336 2555 447 2605 sine
486 2570 586 2622 qua
638 2562 973 2606 externorum
1013 2570 1066 2605 a·

80 2626 257 2694 ,ctuum
280 2627 546 2695 splendida
569 2633 618 2678 et
637 2627 909 2695 magnifica
931 2643 1068 2695 pom-

59 2715 142 2767 ’ρει
184 2700 274 2768 ipsi
306 2699 507 2767 plaeere
537 2702 732 2769 nequit:
764 2701 899 2752 unde
930 2717 1068 2752 mere

81 2778 353 2825 externum
385 2773 729 2826 israelitarum
770 2775 967 2826 cultum
992 2791 1068 2826 re-

79 2846 200 2906 jecit
241 2845 442 2897 dicens:
488 2847 696 2913 Populus
736 2848 822 2898 isle
863 2863 946 2899 ore
983 2864 1071 2898 suo

62 2926 127 2970 ret
166 2918 308 2970 labiis
347 2921 450 2970 suis
475 2919 713 2989 ylarifical
740 2935 832 2983 me.
865 2936 950 2972 cor
987 2938 1073 2972 αα-

83 2993 180 3049 {tem
205 2991 310 3043 eius
340 2992 476 3060 lonae
514 3000 579 3043 est
607 3008 641 3045 a.
678 3008 751 3043 me
793 2990 889 3062 (2).
922 2992 1072 3044 Prae-

63 3065 250 3126 terea,
293 3066 412 3133 quia
454 3065 611 3126 DeuS,
659 3072 835 3133 utpote
874 3066 1074 3132 infinite

83 3138 362 3206 perfectus,
405 3138 468 3190 ab
508 3139 647 3190 omni
685 3140 930 3191 materiae
954 3156 1076 3190 eon-

59 3243 70 3286 ff
88 3211 315 3271 cretione
342 3218 570 3264 remotus
598 3218 696 3271 est,
728 3229 822 3262 vion
853 3212 1077 3263 debemus

67 3284 364 3359 ·-aestimare‚
413 3300 556 3344 auro,
599 3294 684 3337 aul
722 3291 945 3352 argenta,
988 3291 1079 3338 aut

151 3396 169 3430 1
209 3400 261 3433 10.
285 3399 319 3441 4,
344 3400 399 3435 24.

57 3526 82 3564 t
135 3396 482 3574 }}5i⁸³·¹1³1.{¹3’1¹³i-1.

45 3565 115 3860 ἰ
212 3511 476 3574 mensola

1094 357 1281 420 simile,
1306 358 1440 427 quod
1463 359 1622 426 nostri
1650 359 1819 413 cordis
1838 361 2079 434 aflectum

1097 437 1376 509 mereatur.

1504 583 1543 642 ς
1573 583 1672 630 52.

1379 685 1430 720 De
1454 686 1704 722 invisibilitate
1728 686 1805 722 Dei.

1173 796 1224 848 Si
1267 796 1402 848 Deus
1429 797 1669 865 simplex,
1713 798 1777 850 ab
1817 798 1954 850 omni
1984 813 2090 850 ma·

1104 872 1265 922 teriae
1285 871 1614 923 concretione
1638 877 1867 923 remotus
1884 879 1983 932 est,
2013 888 2092 923 se·

1105 944 1300 1012 quitur,
1327 959 1445 996 eum
1468 943 1632 996 oculis
1646 945 1904 1013 corporeis
1931 944 2090 996 videri

1108 1034 1206 1068 non
1238 1033 1405 1084 posse,
1451 1024 1502 1069 et
1542 1018 1591 1068 in
1632 1018 1729 1070 boc
1768 1033 1926 1071 sensu
1964 1017 2094 1069 invi-

1107 1090 1306 1142 sibilem
1360 1107 1491 1142 esse.

1108 1180 1238 1231 quae
1278 1163 1369 1215 Dei
1411 1163 1793 1231 simplicitatem
1846 1164 2092 1232 pro-bant,

1561 1090 1882 1159 Argumenta
1940 1106 2062 1158 ergo
2078 1131 2090 1150 ,

1111 1237 1242 1288 hanc
1282 1253 1483 1305 quoque
1523 1237 1929 1290 invisibilitatem
1954 1237 2097 1288 evin-

1111 1317 1256 1374 cunt3
1288 1312 1420 1362 sicut
1447 1310 1602 1362 etiam
1631 1326 1712 1371 ea,
1743 1327 1875 1378 quae
1906 1327 1995 1378 pro
2022 1309 2098 1360 in-

1114 1383 1409 1435 visibilitate
1433 1383 1525 1435 Dei
1565 1382 1872 1444 afferuntur,
1916 1383 2102 1450 dogma

1114 1458 1174 1508 de
1204 1457 1532 1524 simplicitate
1554 1464 1604 1508 et
1627 1458 1988 1526 spiritualitate
2009 1455 2103 1507 Dei

1115 1531 1442 1584 confirmant.
1474 1530 1670 1597 Operae
1699 1532 1854 1598 igitur
1883 1530 2102 1598 pretium

1116 1610 1212 1664 est,
1255 1603 1306 1655 S.
1351 1603 1635 1672 Scripturas
1673 1611 1724 1655 et
1763 1603 1855 1657 SS.
1904 1603 2106 1655 Patriam

1120 1678 1410 1729 testimonia
1431 1677 1492 1729 de
1516 1676 1608 1729 Dei
1635 1676 1987 1729 invisibilitate
2014 1691 2107 1728 au-

1119 1751 1246 1802 diro.

1192 1824 1244 1873 l.
1313 1822 1504 1874 Paulus
1566 1820 1970 1874 invisibilitatem
2015 1819 2107 1871 Dei

1122 1895 1381 1963 praedicat
1411 1896 1586 1946 dicens
1613 1894 1707 1962 Ep.
1727 1895 1791 1946 ad
1819 1894 1975 1945 Tim.:
1994 1892 2110 1959 Περί

1121 1968 1428 2021 sacculorum
1471 1967 1738 2020 immortali
1764 1975 1806 2019 et
1845 1965 2105 2027 invisibili,

1121 2043 1214 2093 soli
1253 2041 1352 2094 Deo
1374 2042 1547 2101 honor,
1566 2049 1608 2092 el
1637 2041 1796 2109 {gloria
1825 2038 1920 2111 (5).
1954 2039 2106 2092 lbid.:

1123 2115 1253 2166 Deus
1294 2115 1444 2167 lacem
1471 2114 1709 2167 inhabitat
1738 2112 2111 2166 inaccessibilem

1124 2205 1262 2256 quem
1291 2188 1458 2240 ‘evallus
1482 2188 1732 2239 hominum
1753 2187 1896 2248 vidit,
1920 2187 2002 2239 sed
2029 2202 2112 2238 nec

1048 2302 1057 2321 ,
1125 2262 1284 2313 iidere
1303 2270 1450 2329 polest
1465 2261 1560 2330 ([ι).
1579 2261 1674 2329 Ep.
1693 2261 1756 2314 ad
1779 2261 1926 2313 Rom.
1947 2260 2113 2311 :Invi-

1125 2335 1286 2387 sibilia
1300 2335 1427 2386 enim
1443 2335 1596 2402 ipsius
1616 2350 1645 2386 a
1670 2341 1896 2387 creatura
1917 2333 2109 2391 mundi,

1124 2424 1210 2475 per
1244 2424 1298 2460 ea
1320 2450 1331 2468 ‚
1357 2424 1481 2475 quae
1519 2409 1647 2473 facta
1686 2415 1799 2459 sunl
1821 2448 1833 2468 ,
1876 2406 2115 2458 intellecta

1127 2482 1495 2550 conspiciuntur
1520 2481 1615 2549 (ὅ).
1643 2480 1704 2532 Et
1728 2480 1800 2532 lo.
1828 2480 1878 2539 1,
1906 2480 1974 2530 48
1997 2479 2117 2545 legi-

1130 2562 1232 2606 tur:
1263 2555 1413 2605 Deum
1434 2569 1570 2604 nemo
1589 2554 1712 2605 vidit
1733 2567 1950 2620 unquam
1979 2550 2075 2622 (6).

1203 2628 1256 2678 9.
1289 2627 1347 2680 S.
1376 2626 1591 2694 Cyrillus
1618 2627 1763 2678 Hier.
1797 2624 1873 2696 (7)
1915 2626 2114 2692 inquit:

1134 2721 1159 2748 «
1178 2698 1387 2764 Carneis
1409 2699 1612 2768 quidem
1636 2700 1796 2751 oculis
1817 2699 1955 2751 cerni
1982 2696 2120 2750 Deus

1135 2790 1233 2825 non
1263 2781 1460 2841 potest3
1493 2789 1611 2824 nam
1640 2777 2000 2839 incorporeum
2026 2771 2120 2823 sub

1133 2863 1401 2915 corporeos
1439 2847 1615 2898 oculos
1653 2846 1837 2897 cadere
1873 2844 2113 2912 nequit.»

1134 2920 1191 2971 S.
1242 2921 1575 2987 Hieronymus
1617 2918 1692 2988 (8)
1733 2919 1942 2971 scribit:
1986 2917 2124 2969 Deus

1137 3009 1459 3061 nequaquam
1524 2992 1850 3044 sermonibus
1900 2991 2124 3058 expliea-

1138 3073 1240 3126 tur‚
1269 3082 1364 3118 nec
1403 3066 1551 3118 oculo
1584 3065 1996 3132 contemplabilis
2024 3070 2123 3123 est,

1136 3139 1224 3190 sed
1246 3140 1310 3192 ab
1340 3139 1417 3191 his
1447 3139 1670 3200 videtur,
1703 3138 1765 3190 de
1792 3138 1978 3206 quibus
1998 3138 2125 3189 scri-

1140 3217 1281 3278 ptum
1310 3219 1422 3264 est:
1456 3211 1578 3263 beati
1615 3212 1795 3264 marulo
1820 3212 1981 3270 corde,
2010 3225 2125 3277 quo·

1139 3285 1272 3335 niam
1299 3285 1393 3352 ipsi
1418 3284 1577 3335 Deam
1605 3285 1852 3338 videbunt.
1885 3303 1908 3332 »
1939 3282 1991 3335 S.
2024 3281 2127 3334 Aa·

1202 3398 1239 3565 Ξ)
1265 3400 1368 3434 Rom.
1395 3399 1428 3441 1,
1453 3399 1508 3434 20

1263 3443 1315 3477 α.
1341 3443 1407 3477 Ex.
1418 3423 1486 3520 ’33,
1512 3442 1567 3477 20.
1594 3443 1700 3479 Deut
1726 3441 1831 3486 t,12
1851 3444 1924 3477 etc.

1229 3486 1409 3563 <cumcun
1995 3503 1998 3505 Δ

1229 3484 1473 3565 {misae}
