2332 3860
14 254 57 348 ξς.

43 213 597 294 a'ctusflfflinentis
610 233 787 301 gaudii
815 234 882 286 ita
910 229 1078 304 rapiat

30 356 39 371 .,
60 295 436 370 volunta-'tetih
451 313 521 361 ut
536 307 636 361 tion
667 307 752 360 det
784 306 975 360 locum
983 309 1078 361 tri-

23 379 63 443 ξ’
84 379 258 437 stittae
274 381 432 435 etiam
458 373 694 451 respectu
723 381 911 434 diversi
940 382 1079 436 obie-

27 455 49 523 ’ᾗ
84 449 197 518 dii,-

222 459 331 508 et
359 453 585 508 vicissim
622 455 1077 509 vehementissima

85 521 323 584 tristitia
342 526 544 582 efficere
599 529 761 590 solet,
804 536 862 582 ut
901 545 966 582 ne
1015 529 1078 581 de

83 609 230 673 grato
275 602 486 671 quidem
542 603 739 656 obiecto
798 609 850 655 et
890 603 1078 655 motivo

35 675 43 703 ³
83 676 330 745 gaudium
352 677 710 745 percipiamus.
740 676 1078 730 Athaecideo

32 757 36 762 '
83 749 135 802 in
178 749 322 803 nobis
359 751 631 810 eveniunt,
662 752 780 820 quia
822 752 1078 818 potentiae

39 878 42 879 a
83 822 286 878 animae
325 831 532 878 nostrae
573 825 724 877 valde
753 825 999 877 limitatae
1029 832 1079 876 et

56 896 364 951 'imbecilles
402 905 562 960 sunt,
606 904 657 952 et
695 899 813 968 quia
854 914 944 967 per
993 914 1079 950 ve-

70 969 351 1025 -her'nentes
387 939 686 1025 affectiones
727 973 855 1025 ratio
905 979 1078 1024 nostra

47 1045 415 1115 >perturbatur
472 1054 521 1099 et
587 1046 825 1099 voluntas
879 1047 1080 1114 penitus

55 1117 352 1189 -abripitur,
396 1121 467 1172 ita
505 1125 563 1172 ut
601 1121 715 1172 aliis
742 1126 937 1172 attente
964 1135 1081 1171 con-

83 1192 395 1246 siderandis
384 1209 606 1262 lmpares
621 1193 914 1246 reddamur.
941 1194 1081 1245 Haec

83 1272 257 1320 autem
295 1268 347 1320 in
388 1266 588 1320 Christo
643 1268 810 1320 locum
854 1283 953 1320 non
995 1268 1082 1319 ha-

83 1340 326 1394 buerunt.
372 1339 606 1394 Christus
639 1343 774 1394 enim
813 1359 841 1394 a
874 1348 1080 1409 peccato

52 1415 316 1483 ,originali
375 1416 618 1467 immunis
658 1423 709 1468 et
749 1418 1080 1485 praestantis-

83 1488 226 1541 simis
264 1490 468 1541 animae
528 1490 731 1542 dotibus
777 1498 1076 1551 exornatuS,

52 1606 55 1608 .
85 1562 509 1631 perfectissimam
566 1563 745 1616 habuit
786 1566 1037 1617 rationem
1065 1605 1077 1624 ,

86 3547 88 3550 ,
152 3506 210 3556 (ι)
231 3507 265 3554 8,
287 3517 323 3555 ιι
347 3508 405 3556 1⁸,
425 3509 558 3549 ιιιιο.

84 1652 216 1705 quae
257 1636 397 1689 nullo
452 1637 600 1690 modo
653 1639 975 1706 perturbari,
1030 1644 1082 1690 et

84 1711 506 1780 perfectissimam
560 1713 907 1773 voluntatem,
950 1728 1082 1782 quae

87 1799 349 1854 nunquam
415 1785 706 1838 inordinate
771 1788 964 1839 moveri
1032 1793 1081 1837 et

87 1858 246 1928 abripi
288 1859 469 1926 potuit.
514 1859 630 1913 ideo
672 1862 845 1912 anima
894 1859 1079 1911 Christi

63 1938 139 1986 ⁴et
177 1934 349 2001 gaudii
415 1939 466 1986 et
504 1934 742 1987 tristitiae
782 1935 980 1987 obiecta
1022 1950 1082 1986 ac

89 2009 280 2060 motiva
339 2007 488 2059 simul
529 2010 870 2061 attentissime
919 2010 1083 2061 consi-

89 2081 290 2143 derare,
321 2088 371 2134 et
398 2080 584 2134 exinde
613 2089 723 2136 tum
752 2084 938 2135 sumini
962 2099 1085 2150 gau-

90 2154 156 2208 dii
198 2162 310 2208 tum
349 2157 605 2209 maximae
632 2158 867 2210 tristitiae
901 2173 1084 2209 sensus

90 2229 243 2283 simul
272 2230 535 2298 percipere
563 2233 744 2299 potuit.
780 2262 846 2270 —
876 2232 967 2284 His
1006 2247 1086 2283 ac·

90 2304 261 2365 cedit,
323 2303 457 2372 quod
519 2305 664 2357 iuxta
708 2306 1085 2372 'theologorum

92 2378 402 2430 'sententiam
443 2378 703 2432 beatitudo
746 2379 933 2431 Christi
967 2386 1086 2431 ante

92 2457 308 2504 mortem
360 2467 507 2503 suam
567 2469 668 2505 non
732 2454 802 2505 ita
843 2470 906 2506 ex
948 2454 1085 2505 omni

93 2532 238 2594 parte
279 2525 501 2593 perfecta
542 2534 690 2589 erat,
747 2527 819 2578 uti
863 2533 975 2594 post
1014 2543 1089 2578 re-

93 2600 482 2652 surrectionem.
513 2598 643 2652 Nam
670 2602 740 2653 ait
779 2599 836 2655 S.
886 2600 1089 2653 Thomas

93 2671 213 2744 (ηε
262 2693 285 2723 α
329 2672 564 2726 Christus
614 2682 733 2727 ante
801 2676 1088 2743 passionem

95 2746 380 2798 secundum
419 2755 655 2800 mentem·
687 2748 835 2816 plene
883 2750 1090 2801 videbat

77 2818 294 2882 ‘Deum,
338 2827 389 2873 et
428 2821 500 2873 sic
549 2821 771 2874 habebat
819 2822 1091 2875 beatitudi-

96 2909 215 2946 nem
274 2899 522 2963 quantum
581 2895 646 2947 ad
708 2895 797 2958 id,
841 2897 973 2964 quod
1015 2905 1091 2949 est

81 2968 359 3038 ‚proprium
400 2970 602 3021 animae
627 2987 643 3034 3
693 2969 782 3021 sed
840 2977 1090 3038 quantum

95 3039 164 3099 ‚ad
201 3041 302 3095 alia
342 3042 518 3095 deerat
557 3044 602 3095 ei
644 3044 930 3105 beatitudo,
975 3045 1092 3113 quia

78 3121 153 3168 et
189 3117 361 3168 anima
415 3117 525 3169 eius
583 3123 694 3169 erat
751 3117 1004 3186 passibilis
1044 3125 1095 3170 et

75 3192 286 3265 corpus
323 3190 562 3258 passibile
601 3198 652 3244 et
692 3191 924 3255 mortale,
951 3199 1020 3245 ut
1029 3209 1094 3244 ex

102 3261 406 3345 supradictis
465 3271 624 3333 patet.
687 3264 764 3318 Et
789 3266 903 3319 ideo
941 3265 1092 3319 simul

98 3337 223 3390 erat
256 3334 674 3408 com'poehensor,
711 3340 787 3392 in
846 3348 1096 3415 quantum

755 3511 809 3559 (ς)
824 3512 911 3550 tue.
937 3512 997 3558 ιιι,
1019 3511 1076 3549 ιο.

674 146 846 192 rans
862 150 936 192 ιιι.
955 141 1143 192 sac-rio
1179 140 1218 191 ι.
1259 141 1490 190 cariori.
1534 124 1537 126 ’

1955 114 2074 196 ιόῑ
2126 84 2130 87 ’

1137 220 1363 288 habebat
1408 221 1783 285 beatitudinem
1840 227 2064 291 animae,
2089 233 2138 283 et

1139 306 1318 362 simul
1316 305 1533 366 viator,
1572 305 1629 360 in
1676 307 1928 374 quantum
1966 269 2140 356 ten’de·

1140 383 1227 435 bat
1261 382 1317 435 in·
1342 379 1726 434 beatitudinem
1753 376 2040 430 secundum
2068 377 2139 437 id,

1139 455 1277 525 quod*
1319 455 1365 507 ei
1410 454 1474 506 de
1516 452 1835 506 beatitudine
1886 450 2082 503 deerat.
2115 469 2137 498 υ

1140 529 1237 582 Per
1257 530 1419 597 ipsam
1442 527 1587 580 enim
1614 526 1905 595 passionem
1934 531 1983 576 et
2010 539 2142 575 mor-

1142 610 1246 656 tem
1285 603 1336 654 in
1377 601 1598 670 gloriosa
1632 599 2010 653 resurrectione
2051 598 2144 649 ob-

1143 676 1293 729 tinuit
1340 676 1568 744 corporis
1607 681 1658 727 et
1697 675 1901 726 animae
1954 673 2142 739 impas-

1141 749 1435 803 sibilitatem
1490 755 1542 801 et
1603 747 2028 816 perfectissimam
2077 760 2144 797 ex

1141 825 1278 877 omni
1327 831 1471 891 parte
1530 822 1940 882 beatitudinem,
1982 819 2141 873 'unde

1141 898 1249 966 ipse
1277 897 1425 950 dixit:
1448 896 1626 949 Nonne
1656 896 1769 948 haec
1789 894 2005 962 oportuit
2029 891 2142 959 pati

1142 970 1418 1032 Christum,
1462 978 1505 1024 et
1534 972 1601 1023 ita
1623 972 1815 1022 intrare
1853 970 1911 1021 in⁴
1934 967 2143 1036 ylo-riam

1141 1046 1329 1098 audiit?
1370 1043 1468 1116 (Q),
1521 1074 1581 1083 —
1623 1044 1763 1096 Haec
1802 1044 1926 1095 satis
1972 1047 2145 1094 osten-

1142 1121 1288 1179 dunt,
1334 1118 1622 1171 doctrinam
1651 1119 1714 1170 de
1741 1118 1914 1170 anima
1955 1114 2143 1168 Christi

1142 1193 1295 1246 simul
1354 1208 1555 1246 summo
1609 1192 1799 1260 gaudio
1857 1190 2041 1243 affecta
2094 1194 2145 1240 et

1143 1268 1371 1320 maxima
1429 1267 1635 1319 tristitia
1696 1266 1891 1334 repleta
1945 1263 2144 1316 nullam

1143 1342 1602 1395 contradictionem
1654 1340 1943 1392 involvere.
2000 1336 2142 1400 Quod

1143 1418 1182 1468 si
1224 1417 1338 1485 quis
1380 1416 1665 1484 praefracte
1706 1413 2015 1474 contendat,
2058 1426 2146 1463 ηα-

1145 1490 1378 1543 turaliter
1418 1506 1516 1542 non
1550 1506 1696 1558 posse
1728 1503 1993 1542 summum
2021 1501 2147 1553 gau-

1146 1565 1284 1615 dium
1325 1580 1444 1616 cum
1495 1565 1720 1616 maxima
1775 1564 1980 1616 tristitia
2027 1574 2151 1612 con-

1145 1640 1345 1701 sistere,
1390 1639 1759 1706 respondemus
1794 1652 1915 1689 cum
1955 1634 2148 1688 theolo-

1144 1714 1240 1779 gis,
1285 1715 1325 1764 si
1367 1713 1418 1764 id
1448 1713 1752 1765 naturaliter
1791 1711 1902 1763 fieri
1943 1709 2142 1778 nequit,

1145 1789 1335 1855 absque
1376 1787 1528 1838 dubio
1571 1794 1742 1839 tamen
1796 1792 2149 1853 supernatura-

1145 1861 1255 1911 liter
1296 1859 1420 1911 illud
1463 1860 1572 1911 fieri
1614 1876 1782 1928 posse,
1828 1874 2013 1926 nempe
2057 1872 2148 1925 per

1144 1935 1565 2002 omnipotentiam
1589 1933 1835 2000 divinam,
1857 1949 1991 2002 quae
2007 1938 2148 1984 certe

1147 2024 1405 2061 summum
1464 2009 1712 2077 gaudium
1760 2023 1878 2060 cum
1920 2007 2150 2059 maxima

1147 2084 1352 2136 tristitia
1406 2083 1456 2135 in
1509 2084 1690 2135 eodem
1741 2083 1972 2135 subiecto
2030 2095 2152 2133 con-

1147 2158 1362 2225 iungere
1401 2157 1559 2219 valet,
1601 2158 1845 2226 quoniam
1886 2156 1936 2208 id
1977 2170 2152 2207 esseu-

1150 2231 1337 2284 tialiter
1377 2231 1869 2291 contradictorium,
1926 2246 2017 2282 seu
2067 2230 2153 2281 ab·

1149 2309 1311 2357 solute
1353 2306 1666 2373 impossibile
1696 2322 1795 2357 non
1827 2311 1923 2356 est.
1953 2303 2064 2371 Ipse
2091 2302 2145 2355 S.

1152 2380 1356 2431 Thomas
1397 2380 1583 2440 docet,
1630 2395 1730 2431 non
1793 2379 1904 2430 sine
1944 2378 2154 2429 divinae

1149 2455 1459 2521 operationis
1520 2454 1705 2505 virtute
1764 2453 1955 2504 factum
1996 2467 2148 2512 esse,

1151 2535 1206 2579 ut
1244 2529 1295 2579 in
1331 2526 1532 2580 Christo
1575 2528 1837 2595 passiones
1876 2542 1993 2578 cum
2038 2525 2155 2577 bea-

1154 2602 1368 2653 titudine
1397 2603 1855 2668 coniungerentur.
1901 2599 1988 2652 Ait
2015 2600 2153 2651 enim

1152 2693 1199 2744 q.
1228 2692 1302 2728 c.:
1339 2695 1364 2724 «
1395 2674 1599 2729 Virtute
1631 2673 1927 2727 Divinitatis
1967 2671 2154 2724 Christi

1152 2750 1497 2818 dispensative
1519 2751 1591 2802 sic
1613 2748 1873 2802 beatitudo
1901 2747 1951 2799 in
1981 2747 2155 2799 anima

1153 2825 1530 2890 continebatur,
1572 2823 1706 2893 quod
1749 2838 1848 2875 non
1891 2820 2157 2886 derivaba-

1155 2905 1238 2950 tur
1277 2899 1339 2950 ad
1377 2914 1582 2966 corpus,
1616 2915 1679 2949 ne
1707 2898 1818 2948 eius
1848 2895 2156 2964 passibilitas

1155 2978 1205 3023 et
1246 2973 1533 3025 mortalitas
1576 2971 1865 3034 tolleretur3
1897 2976 1949 3021 et
1976 2969 2156 3021 eadem

1157 3046 1352 3098 ratione
1393 3045 1667 3098 delectatio
1708 3042 2159 3112 contemplationis

1156 3120 1228 3171 sic
1283 3121 1604 3172 retinebatur
1645 3118 1694 3171 in
1750 3125 1964 3180 mente,
2025 3114 2162 3186 quod

1157 3209 1257 3245 non
1299 3193 1631 3246 derivabatur
1668 3193 1731 3245 ad
1775 3194 1911 3245 vires
1952 3190 2164 3243 sensibi-

1160 3266 1270 3328 les,
1335 3283 1399 3319 ne
1441 3284 1528 3336 per
1579 3268 1676 3321 hoc
1715 3266 1860 3322 dolor
1907 3263 2163 3321 sensibilis

1157 3339 1528 3394 excluderetur
1556 3339 1693 3413 (5).»

1215 3510 1264 3559 (3)
1289 3511 1322 3558 8,
1346 3522 1380 3559 q.
1395 3512 1448 3559 15,
1473 3518 1539 3550 art.
1553 3513 1589 3557 5,
1614 3514 1671 3550 ad.
1693 3513 1723 3550 3.
