2332 3860
130 312 752 383 eonsueto,quihincinde
773 317 1107 381 praeceptum

127 395 411 463 imponunt,
453 402 555 440 non
595 393 653 439 ut
692 385 990 456 impleatur,
1019 385 1107 437 sed
1147 461 1153 464 ι

128 474 186 521 ut
200 462 485 521 obedientia
507 461 771 530 probetur3
802 466 892 512 aut
921 474 1110 527 poenas

129 540 406 599 minantur,
471 551 572 588 non
614 541 673 588 ut
712 549 799 586 eas
848 533 1106 603 infligant,

126 612 212 669 sed
250 624 300 665 a·
321 609 542 680 peccatis
568 608 882 661 deterreant:
907 609 957 659 in
988 622 1112 660 neu-

126 694 202 742 tro
238 691 410 740 autem
451 699 572 737 casu
611 683 818 735 mentiri
846 682 1107 743 dicuntur,

64 800 66 802 -
129 760 365 831 quoniam
406 758 641 811 omnibus
680 763 858 809 notum
882 762 981 817 est,
1012 771 1112 823 qua

129 834 322 889 ratione
386 832 502 885 talis
554 829 795 900 loquendi
823 836 875 882 et
926 829 1111 898 agendi

95 957 99 960 .
125 909 303 963 modus
342 905 705 973 intelligendus
732 905 815 957 sit.

79 985 81 987 ’
124 1033 129 1035 Δ
195 982 347 1036 Nota.
398 980 685 1041 Divisiones
730 978 814 1031 hic
854 977 1114 1046 expositas

128 1070 434 1123 cognoscere
474 1060 700 1123 oportet,
744 1059 802 1105 ut
842 1067 901 1104 ea
927 1092 939 1113 ‚
983 1067 1114 1118 quae

129 1129 371 1196 Theologi
442 1128 505 1180 de
573 1127 778 1180 divinae
835 1126 1115 1178 voluntatis

77 1212 80 1215 ’
130 1204 351 1257 decretis
402 1202 677 1261 disserunt,
733 1199 1110 1267 intelligantur.

127 1277 236 1331 Non
287 1282 461 1329 autem
513 1276 575 1328 de
615 1275 723 1328 istis
783 1274 1117 1326 divisionibus

8 1402 27 1409 ,
127 1353 260 1404 iusto
301 1349 715 1418 magnificentius
764 1348 1113 1408 sentiendum,

36 1454 43 1465 =
126 1440 293 1494 neque
343 1424 626 1492 putandum
679 1429 797 1483 est,
857 1439 947 1491 per
1005 1421 1119 1473 illas

126 1499 328 1551 divinae
356 1498 631 1550 voluntatis
670 1497 875 1549 decreta
916 1497 1119 1566 penitus

128 1572 490 1640 comprehendi
537 1578 588 1624 et
653 1571 897 1639 explicari
948 1586 1114 1639 posse.

130 1646 334 1700 Infinite
375 1646 511 1697 enim
552 1645 708 1697 distat
758 1645 995 1697 voluntas
1047 1644 1121 1694 di-

129 1725 248 1772 vina
277 1735 307 1771 a
335 1719 602 1772 voluntate
642 1718 889 1780 humana,
921 1734 950 1771 a
977 1718 1122 1770 cuius

131 1800 303 1846 tamen
347 1792 590 1860 operandi
635 1793 781 1846 modo
848 1791 1122 1860 pleraeque

58 1887 62 1895 =
131 1867 407 1919 divisiones
447 1866 748 1934 desumptae
812 1872 951 1917 sunt:
1020 1867 1122 1917 imo

136 1940 376 1994 voluntas
417 1940 590 1994 divina
631 1947 707 1992 est
747 1940 856 2008 ipsa
900 1940 1121 1992 essentia

135 2014 248 2076 Dei,
292 2030 422 2084 quae
462 2032 490 2068 a
549 2013 694 2068 nobis
757 2014 1122 2084 comprehendi

142 2089 318 2159 nequit
346 2086 444 2159 (l).

531 2239 581 2297 ᾗ
614 2243 707 2286 62.

288 2343 339 2379 De
360 2343 526 2380 .divinae
556 2344 751 2380 voluntatis
782 2344 971 2379 affectibus

144 2468 151 2471 “
211 2454 394 2511 Varios
420 2457 633 2511 affectus
672 2464 782 2509 tum
812 2457 1126 2510 inordinatos

137 2536 246 2584 tum
275 2531 532 2584 ordinatos
572 2532 623 2583 in
670 2532 814 2584 nobis
853 2533 1123 2599 sentimus;

141 2605 424 2659 istiusmodi
474 2611 648 2658 autem
689 2605 904 2659 affectus
950 2607 1000 2659 in
1044 2623 1129 2659 no·

16 2725 49 2749 ,4
139 2677 216 2730 bis
253 2685 374 2731 sunt
413 2685 580 2733 motus
628 2696 727 2732 non
769 2680 933 2733 solum
974 2697 1128 2749 appe-

31 2767 66 2807 ‘2.1
138 2751 268 2805 ‚titus
306 2752 630 2815 intellectivi,
675 2770 764 2807 seu
823 2754 1124 2816 voluntatiS,

145 2824 234 2876 sed
273 2826 430 2878 etiam
481 2828 739 2894 appetitus
783 2829 1035 2891 sensitivi‚
1080 2836 1129 2882 et

147 2903 205 2950 ut
243 2898 372 2951 tales
423 2915 625 2968 semper
688 2901 881 2954 habent
919 2904 1130 2955 coniun-

38 2879 65 2897 ὑ

23 2898 78 2975 2,

23 2854 83 2868 .,·

41 2976 44 2983 l

28 2967 75 3085 {j
146 2972 1130 3041 ctamaliquamtransmutationemcor-

28 3044 281 3119 ,fg-poris
321 3053 371 3099 et
413 3049 637 3100 maxime
675 3049 813 3101 circa
853 3065 959 3112 cor,
999 3051 1131 3119 quod

0 3117 81 3184 Αῑῖζρ
124 3125 225 3176 :est
263 3121 484 3189 primum
527 3122 834 3190 principium
871 3130 1041 3177 motus
1082 3125 1130 3176 in

11 3185 374 3289 {animam
401 3202 452 3247 et
498 3196 802 3265 inquantum
843 3197 1132 3252 huiusmodi

31 3291 43 3305 >
150 3275 271 3339 sunt
290 3270 554 3337 passiones,
585 3277 642 3321 ut
670 3270 816 3323 docet
842 3271 894 3324 S.
932 3271 1134 3325 Thomas

114 3337 248 3412 (2).
291 3371 360 3382 -—
400 3341 609 3396 Certum
651 3345 753 3398 iam
781 3352 878 3409 est,
917 3346 1134 3400 affectus

215 3468 232 3504 l
271 3470 374 3507 Rom.
400 3472 456 3515 11,
475 3473 529 3516 33,
546 3479 615 3512 etc.

266 3515 296 3558 1,
313 3523 349 3560 q.
367 3516 423 3561 20,
446 3524 515 3556 art.
527 3519 562 3558 1.

74 200 77 201 a
241 210 252 215 ἱ
327 195 330 197 a
745 152 883 205 ,mas
919 156 955 195 ι.
998 157 1165 196 sec-no
1202 161 1240 194 ι.
1283 154 1436 192 carm·
1472 154 1528 195 u.

54 238 73 295 J'
127 247 278 318 ptura-
301 254 454 310 saepe
480 238 618 308 loqui
644 236 796 291 modo
815 235 1108 290 hominibus
1164 235 1486 290 inordinatos
1507 232 1615 288 Deo
1641 235 1760 289 Enti
1790 238 2161 306 perfectissimo

1979 103 2197 197 117⁹

1170 312 1336 364 inesse
1376 326 1478 363 non
1520 325 1688 395 posse3
1761 311 1852 364 sed
1892 314 2047 367 etiam
2087 315 2161 368 af-

1171 386 1335 438 fectus
1378 384 1598 441 ordinati
1639 383 1746 437 Deo
1799 388 2025 454 corporis
2057 403 2160 440 ex-

1172 459 1322 528 perti,
1368 458 1640 526 purissimo
1704 459 1903 527 spiritui
1969 476 2161 529 nequa-

1172 531 1483 602 quamtales
1504 538 1824 600 competunt,
1867 535 2047 604 quales
2076 550 2162 587 no-

1172 608 1249 660 bis
1289 606 1583 660 hominibus
1623 607 1821 672 insunt3
1871 623 2054 660 verum
2093 609 2165 661 af-

1173 681 1337 733 fectus
1376 681 1427 731 in
1470 680 1576 732 Deo
1614 677 1714 733 no‘n
1756 688 1879 734 sunt
1907 683 2004 734 nisi
2043 683 2164 734 sim-

1174 753 1486 824 plicissimus
1525 760 1576 806 et
1598 755 1933 809 immutabilis
1961 756 2167 809 divinae

1175 827 1458 881 voluntatis
1510 836 1677 882 actus.
1740 829 2061 899 Quapropter
2124 832 2166 882 si

1174 898 1370 971 aliquos
1396 902 1610 955 affectus
1638 905 1824 957 nostris
1851 906 1901 957 in
1943 905 2166 973 speciem

1174 976 1368 1029 similes
1407 975 1459 1028 S.
1504 976 1768 1046 Scriptura
1808 978 1914 1031 Deo
1941 980 2169 1032 tribuere

1176 1052 1400 1113 videtur,
1431 1052 1515 1103 isti
1533 1051 1614 1103 vel
1639 1052 1985 1121 metaphorice
2020 1053 2168 1104 ‹lum-

1179 1132 1342 1186 taxat,
1411 1125 1686 1194 improprie
1735 1133 1787 1179 et
1839 1127 2006 1197 quoad
2047 1126 2169 1179 effe·

1178 1206 1319 1250 ctum
1347 1199 1668 1268 intelligendi
1722 1208 1862 1265 sun13
1911 1201 1988 1253 vel
2031 1203 2071 1253 si
2116 1208 2171 1253 ut

1178 1273 1394 1325 affectus
1435 1274 1817 1342 concipiuntur,
1849 1276 1913 1328 ab
1935 1275 2172 1328 omnibus

1179 1355 1537 1400 creaturarum
1561 1349 2037 1416 imperfectionibus
2066 1350 2173 1402 lon-

1179 1438 1241 1489 ge
1265 1423 1446 1474 remoti
1472 1423 1789 1476 considerari
1819 1424 2028 1476 debent.
2054 1423 2173 1476 Ideo

1179 1502 1352 1548 autem
1381 1495 1435 1549 S.
1481 1496 1767 1565 Scriptura,
1787 1495 1932 1550 se‘ad
1961 1505 2171 1567 captum

1180 1577 1410 1622 nostrum
1478 1571 1752 1623 demittens
1785 1613 1798 1633 ,
1864 1571 1970 1624 Deo
2040 1573 2175 1625 sicut

1182 1645 1412 1696 membra
1453 1660 1717 1712 corporea,
1762 1646 1834 1697 ita
1875 1646 2044 1698 varios
2102 1646 2176 1698 af·

1184 1718 1347 1770 sectus
1386 1718 1639 1771 humanos
1679 1718 1944 1781 adscribit,
1990 1726 2046 1772 ut
2101 1719 2174 1771 di-

1184 1792 1334 1844 vinae
1364 1792 1646 1845 voluntatis
1687 1794 2010 1860 operationes
2050 1794 2176 1846 saci·

1187 1865 1282 1916 lius
1322 1866 1612 1934 intelligere
1654 1867 1928 1934 possimus.
1974 1866 2176 1920 Clarius

1184 1940 1229 1990 id
1274 1940 1485 2006 patebit,
1540 1941 1581 1992 si
1648 1940 1882 1999 affectus,
1926 1941 2011 2009 qui
2071 1941 2178 1994 Deo

1184 2014 1338 2066 tribui
1381 2013 1567 2076 solent,
1626 2015 1675 2066 in
1716 2016 1887 2083 specie
1945 2016 2180 2069 conside-

1185 2103 1376 2140 remuS.

1260 2162 1309 2214 l.
1337 2159 1570 2213 Amorem
1609 2161 1721 2214 Deo
1762 2177 1883 2215 vere
1905 2169 1956 2215 et
1978 2164 2180 2232 proprie

1185 2236 1372 2297 inesse,
1419 2252 1567 2287 nemo
1586 2236 1815 2299 ,dubitatg
1858 2236 2002 2289 Deus
2042 2238 2178 2291 enim

1188 2310 1386 2361 infinite
1427 2317 1568 2362 amat
1611 2311 1859 2379 seipsum3
1903 2327 2050 2364 amor
2090 2327 2181 2363 au-

1190 2390 1292 2436 tem
1319 2384 1396 2436 sui
1432 2385 1591 2452 ipsius
1631 2386 1681 2435 in
1722 2385 1833 2437 Deo
1875 2393 1953 2438 cst
1992 2385 2183 2454 simpli-

1188 2459 1423 2510 cissimus
1463 2466 1513 2509 et
1542 2459 1879 2510 immutabilis
1917 2465 2084 2522 actus,
2132 2460 2178 2510 vi

1188 2533 1332 2584 cuius
1371 2531 1515 2584 Deus
1555 2532 1616 2584 dc
1674 2532 1873 2584 infinita
1936 2549 2030 2585 sua
2069 2548 2183 2600 per·

1188 2607 1407 2658 tectione
1447 2607 1539 2658 sibi
1581 2607 1867 2674 complacet
1894 2614 1945 2659 et
1987 2606 2184 2660 infinite

1190 2680 1431 2733 laetatur:
1500 2687 1552 2733 et
1615 2681 1733 2749 quia
1793 2681 1985 2743 omnia,
2053 2697 2186 2750 quae

1189 2761 1309 2807 sunt
1350 2755 1399 2806 in
1439 2754 1570 2816 Dec,
1614 2756 1776 2822 ipsam
1842 2755 2066 2807 divinam
2109 2771 2187 2808 es-

1191 2829 1412 2881 sentiam
1453 2829 1795 2890 constituunt,
1824 2844 1970 2882 amor
1997 2829 2045 2881 in
2075 2829 2187 2882 Deo

1190 2904 1299 2971 ipsa
1339 2903 1581 2956 voluntas
1619 2903 1739 2963 Dei,
1809 2917 1900 2955 seu
1966 2904 2188 2955 essentia

1193 2977 1369 3029 divina
1409 2984 1549 3030 recte
1597 2984 1947 3045 nuncupatur:
1973 2993 2191 3046 quapro-

1194 3059 1317 3124 pter⁴
1339 3050 1414 3122 (5)
1441 3052 1649 3105 dicitur:
1678 3050 1807 3103 Deus
1845 3050 2059 3104 charitas
2097 3059 2182 3103 est.

1192 3155 1263 3163 —
1284 3125 1429 3179 Deus
1456 3125 1611 3177 etiam
1632 3132 1772 3178 amat
1800 3132 2067 3178 creaturas
2089 3122 2187 3196 (lt):

1194 3199 1400 3251 divinus
1440 3206 1615 3251 autem
1655 3206 2012 3253 creaturarum
2049 3215 2192 3251 amor

1195 3289 1298 3325 non
1341 3274 1389 3325 in
1457 3272 1685 3326 sensibili
1737 3273 2038 3332 affictione,
2110 3271 2191 3323 vel

1196 3346 1549 3410 inclinatione,
1592 3347 1683 3401 sed
1722 3347 1775 3400 in
1815 3346 2193 3417 simplicissimo

1244 3478 1291 3521 (3)
1311 3479 1326 3511 1
1349 3479 1400 3512 Io.
1426 3479 1457 3514 4.
1486 3479 1540 3515 16.

1242 3521 1292 3566 (4]
1319 3521 1343 3566 ἓ
1366 3523 1421 3567 65,
1438 3533 1472 3559 n.
1497 3523 1529 3561 2·
