2332 3860
3 3790 29 3860 ,ῆι

1018 163 1170 200 QAPUT
1206 163 1242 201 ι.
2036 155 2071 209 7

121 249 300 314 surpat
339 239 528 304 aliena,
562 240 650 295 sed
685 242 823 295 omni
850 241 1102 296 industria
1163 250 1289 307 tur,·
1328 243 1667 299 absolvuntur
1717 248 1973 315 magistri,
2020 261 2141 305 con··'

122 318 218 372 hoc
245 332 403 370 unum
436 315 627 378 studet,
653 322 708 369 ut
738 323 912 370 vetera
938 316 1102 369 fideli-

121 399 217 454 ter,
243 392 600 460 sapienterque
629 391 914 452 tractando,
940 392 980 443 si
1002 407 1102 461 qua

119 472 239 519 sunt
275 465 360 519 illa
410 465 692 533 antiquitus
734 466 1025 527 informata,
1053 472 1103 518 et

120 540 356 593 inchoata
383 545 612 602 accuret,
655 545 708 592 et
728 539 904 608 poliat3
938 540 979 592 si
1003 555 1101 608 qua

120 615 221 667 iam
257 630 499 683 expressa
549 619 600 666 et
649 613 920 667 enucleata
945 655 957 676 ‚
984 630 1103 666 con-

120 688 331 750 solidet,
375 688 564 751 firmet3
606 688 648 740 si
688 703 786 757 qua
845 691 943 740 iam
985 704 1103 740 con-

119 764 319 816 firmata
366 768 418 814 et
456 761 697 825 definita,
740 762 1012 815 custodiat.
1048 782 1074 813 η

194 838 246 889 2.
275 836 473 889 Exinde
495 838 649 889 etiam
678 843 836 904 patet,
862 837 1014 905 quale
1039 838 1105 890 sit

120 912 395 964 discrimen
434 912 570 963 inter
610 911 794 979 dogma
822 953 834 972 ,
881 917 932 963 et
970 911 1101 964 sole·

119 1002 294 1039 mnein
308 985 568 1038 Ecclesiae
590 985 964 1039 definitionem:
984 986 1102 1054 dog-

121 1077 203 1114 ma
231 1061 369 1113 enim
393 1061 575 1113 stabile
591 1067 642 1114 et
669 1067 973 1128 perpetuum
1002 1067 1100 1125 est3

119 1135 376 1188 solemnes
415 1141 587 1187 autem
629 1135 952 1187 definitiones
992 1151 1106 1187 suc-

120 1225 270 1262 cessu
288 1210 549 1277 temporis,
569 1210 872 1277 urgentibus
888 1209 1102 1261 circum·

120 1284 323 1337 stantiis
350 1284 591 1336 eduntur.
636 1281 764 1336 Nam
806 1284 1106 1351 contingere

123 1363 308 1427 potest,
339 1365 395 1411 ut
421 1357 660 1411 fidelihus
690 1374 787 1410 non
818 1358 941 1410 satis
963 1359 1105 1410 inno-

121 1439 303 1494 tescat,
346 1432 466 1501 quid
506 1432 570 1485 ab
611 1431 838 1485 Ecclesia
887 1432 950 1484 ad
992 1447 1104 1484 cre-

120 1507 346 1560 dendum
374 1514 708 1575 proponatur,
754 1506 836 1558 vel
862 1513 918 1558 ut
958 1514 1106 1559 vetus

123 1581 353 1633 doctrina
392 1581 456 1633 ab
504 1581 814 1634 adversariis
864 1588 1101 1648 negetur,

121 1662 211 1708 aut
231 1662 612 1722 corrumpatur3
656 1656 740 1708 ubi
769 1655 954 1707 deinde
980 1671 1108 1723 opus

125 1736 223 1790 cst,
286 1735 343 1781 ut
394 1729 458 1780 ad
497 1744 698 1781 errores
744 1730 1104 1790 contere-ndOS,

123 1811 176 1856 et
213 1802 390 1856 fideles
415 1804 464 1854 in
494 1802 595 1854 fide
623 1802 1000 1854 confirmandos
1027 1818 1105 1854 so-

124 1877 310 1930 lemnis
349 1877 591 1945 procedat
629 1877 693 1928 ab
721 1875 947 1928 Ecclesia
989 1875 1111 1928 defi-

125 1954 270 2014 nitio,
292 1967 423 2020 quae
442 1957 615 2003 autem
639 1966 738 2002 non
770 1966 959 2002 novum
989 1950 1112 2017 dog·

125 2043 210 2080 ma
240 2026 493 2095 producit,
530 2025 618 2077 sed
647 2026 813 2077 solum
843 2024 904 2077 de
933 2040 1111 2093 perpe-

126 2108 213 2154 tua
254 2101 363 2153 eius
414 2101 688 2152 existentia
728 2099 906 2151 fideles
945 2106 1111 2151 certos

126 2175 312 2229 reddit.
355 2174 494 2227 Haec
532 2181 706 2227 autem
735 2189 1000 2242 expressa,
1021 2190 1111 2225 seu

128 2250 370 2303 solemnis
410 2248 670 2301 Ecclesiae
709 2248 935 2300 definitio
976 2249 1113 2300 hunc

129 2340 329 2394 quoque
351 2323 590 2376 effectum
632 2323 884 2391 producit,
915 2329 973 2375 ut
994 2337 1111 2374 cum

128 2405 250 2451 ante
265 2398 406 2451 illam
433 2397 757 2465 inculpabilis
772 2412 915 2450 error
940 2397 992 2449 in
1013 2396 1112 2449 fide

128 2474 426 2542 contingere
478 2473 738 2541 potuerit,
794 2478 907 2540 post
969 2470 1109 2524 illam

128 2547 262 2600 idem
303 2562 445 2599 error
472 2545 762 2614 culpabilis,
789 2552 840 2597 et
867 2546 951 2615 qui
992 2561 1109 2597 eum

127 2622 458 2690 pertinaciter
478 2627 638 2682 tenet,
682 2620 971 2672 haereticus
999 2619 1106 2672 fiat.

129 2695 204 2749 lta
242 2695 302 2750 S.
347 2692 626 2765 Cyprianus
664 2701 715 2747 et
753 2694 862 2754 alii,
899 2694 984 2763 qui
1027 2695 1113 2747 ba-

128 2771 312 2838 ptisma
334 2770 398 2822 ab
421 2769 690 2822 haereticis
708 2768 951 2821 collatum
970 2769 1112 2820 inva-

126 2843 288 2896 lidum
303 2842 566 2905 dixerunt,
589 2844 932 2895 communiter
954 2858 983 2895 a
1005 2842 1110 2894 cul·

124 2917 281 2987 pabili
308 2933 501 2980 errore,
527 2932 618 2969 seu
646 2917 710 2969 ab
728 2917 926 2969 haeresi
955 2932 1112 2969 excu-

124 2997 324 3061 santur3
367 3007 468 3044 non
509 2998 683 3044 autem
724 2990 818 3053 illi,
873 2992 958 3060 qui
1000 2999 1112 3059 post

125 3066 386 3119 Ecclesiae
424 3065 772 3119 definitionem
798 3065 1019 3118 eundem
1033 3081 1113 3117 er-

127 3156 298 3194 rorem
314 3147 614 3193 tenuerunt:
632 3140 766 3209 quod
781 3140 1112 3193 considerans

31 3214 38 3220 ’
128 3213 430 3269 Vincentius
449 3214 605 3268 Lirin.
632 3211 1002 3286 (l)exclamat:
1025 3213 1112 3266 «O

130 3304 303 3342 rerum
344 3289 474 3342 mira
519 3289 821 3343 conversio!
875 3295 1113 3341 auctores

130 3363 358 3417 eiusdem
400 3363 652 3434 opinionis
696 3361 954 3423 catholici,
996 3379 1112 3415 con-

1164 319 1472 372 demnantur
1492 319 1746 389 discipuli3
1771 324 2140 392 conscriptores

1165 393 1412 446 librorum
1446 394 1544 466 fitri
1586 395 1731 464 regni
1769 401 1939 458 erunt,
1970 397 2141 452 adser-
2214 404 2223 415 “

1164 474 1300 522 tores
1341 483 1461 522 vero
1499 468 1736 537 gehenna
1775 471 2035 540 suscipiet.
2077 491 2104 522 »

1588 591 1724 651 §B-

1355 687 1486 743 pivina
1508 688 1723 732 dogmatum
1746 689 1955 726 auctoritas.

1236 761 1481 826 Quamvis
1508 764 1572 816 ad
1614 764 1797 833 dogma
1838 766 2151 818 constituen-

1165 836 1286 890 dum
1330 854 1427 890 non
1457 838 1623 891 solum
1650 839 1915 893 Revelatio
1954 840 2148 904 divina,

1166 912 1253 963 sed
1295 913 1448 964 etiam
1482 912 1742 966 Ecclesiae
1772 915 2044 982 propositio
2072 931 2152 967 re-

1166 987 1418 1055 quiratur,
1451 988 1700 1040 motivum
1721 995 1888 1040 tamen
1913 989 2153 1041 credendi

1166 1067 1217 1112 et
1237 1061 1548 1114 assentiendi
1580 1063 1884 1116 veritatibus
1911 1063 2153 1116 revelatis

1168 1151 1268 1187 non
1298 1142 1395 1197 est,
1427 1137 1523 1188 nisi
1552 1136 1752 1189 infinita
1773 1138 2072 1199 auctoritaS,
2105 1144 2156 1190 et

1168 1211 1425 1262 veracitas
1459 1210 1549 1262 Dei
1579 1210 1880 1263 revelantis,
1924 1211 2155 1264 Ecclesia

1167 1287 1303 1335 enim
1345 1284 1394 1335 id
1439 1290 1637 1337 tantum
1663 1291 1909 1353 praestat,
1954 1285 2155 1338 utfide—

1169 1357 1302 1410 libus
1343 1359 1536 1427 absque
1565 1361 1751 1411 erroris
1779 1360 2007 1428 periculo
2034 1375 2154 1412 con-

1168 1438 1405 1494 testetur,
1432 1433 1566 1502 quod
1589 1432 1727 1486 Deus
1750 1433 1951 1486 locutus
1991 1434 2075 1495 sit,
2104 1439 2155 1486 et

1168 1508 1287 1575 quid
1317 1507 1518 1559 locutus
1546 1508 1630 1560 sit:
1658 1509 1739 1560 cui
1769 1509 2058 1560 testimonio
2081 1508 2170 1559 in-·

1170 1582 1323 1633 nixus
1345 1579 1640 1634 Catholicus
1659 1582 2005 1635 firmissimam
2034 1597 2152 1634 con-

1169 1656 1290 1723 cipit
1330 1655 1502 1716 fidem,
1547 1672 1650 1707 non
1691 1673 1755 1708 ex
1794 1657 1896 1708 alia
1936 1657 2154 1718 ratione,

1170 1730 1264 1780 nisi
1288 1730 1405 1797 quia
1428 1730 1522 1783 sibi
1548 1731 1728 1782 intime
1758 1746 2058 1798 persuasum
2081 1738 2158 1783 est

1170 1801 1356 1863 Deum,
1401 1802 1503 1854 Ens
1545 1804 1994 1871 perfectissimum,
2047 1803 2160 1856 infi-

1173 1878 1279 1928 nita
1318 1876 1531 1928 scientia
1584 1884 1634 1928 et
1683 1878 1965 1929 veracitate
2016 1894 2162 1946 prae-

1171 1950 1333 2003 ditum
1374 1992 1386 2012 ,
1430 1951 1537 2003 falli
1566 1958 1618 2002 et
1656 1951 1834 2003 fallere
1859 1967 1959 2003 non
1991 1968 2157 2020 posseg

1173 2032 1223 2077 et
1265 2025 1380 2077 talis
1421 2025 1547 2077 fides
1575 2026 1757 2078 merito
1780 2027 1914 2078 inter
1945 2027 2163 2079 virtutes

1174 2099 1488 2166 theologicas
1527 2107 1851 2152 numeratur.
1888 2098 2162 2169 Perperam

1174 2188 1295 2243 ergo
1335 2173 1683 2228 Protestantes
1724 2174 1991 2227 clamitant
2023 2217 2035 2238 ,
2079 2190 2163 2226 ca-

1174 2248 1389 2301 tholicos
1431 2248 1722 2303 hominibus
1762 2248 2013 2306 credere,
2056 2265 2160 2300 non

1173 2320 1298 2393 Dec.
1317 2320 1444 2375 Nam
1467 2323 1747 2375 auctoritas
1770 2322 2028 2375 Ecclesiae
2049 2328 2163 2375 tan-

1175 2404 1283 2448 tum
1324 2394 1497 2457 efficit,
1543 2402 1601 2448 ut
1638 2396 1816 2448 fideles
1837 2397 1899 2449 de
1926 2397 2060 2448 tacta
2084 2413 2163 2449 re-

1175 2471 1450 2531 vel-atione,
1475 2470 1609 2522 etde
1629 2473 1856 2538 genuino
1877 2471 1986 2523 eius
2008 2486 2163 2523 sensu

1173 2546 1297 2597 certi
1340 2544 1654 2607 reddantur3
1698 2545 1886 2614 quibus
1915 2545 2157 2612 cognitiS,

1174 2620 1265 2686 ipsi
1287 2619 1393 2671 Deo
1415 2624 1710 2687 praestatur
1724 2619 1868 2671 fides,
1903 2618 2009 2671 lmo
2039 2619 2160 2671 dum

1173 2693 1432 2745 Ecclesiae
1449 2693 1742 2759 magisterio
1769 2692 1894 2746 fides
1915 2692 2156 2755 habetur,

1172 2774 1394 2820 nontam
1421 2767 1646 2819 creditur
1660 2767 1972 2828 hominibus,
2004 2783 2158 2836 quam

1175 2843 1340 2910 potius
1381 2842 1471 2910 ipsi
1513 2840 1731 2902 Christo,
1775 2842 1860 2910 qui
1905 2856 1992 2909 per
2032 2841 2158 2893 illud

1172 2922 1418 2984 tanquam
1459 2931 1547 2983 per
1574 2931 1629 2967 os
1651 2931 1802 2967 suum
1831 2915 2075 2984 loquitur,
2108 2922 2159 2967 et

1171 2989 1380 3058 Spiritui
1420 2989 1608 3042 Sancto
1648 2990 1733 3058 qui
1772 2989 2018 3042 iudicium
2064 2988 2158 3041 Ec-

1172 3065 1357 3116 clesiae
1397 3064 1532 3116 circa
1560 3063 1789 3116 revelata
1815 3064 1879 3116 ab
1907 3063 2046 3116 omni
2083 3079 2159 3115 er-

1173 3154 1287 3191 rore
1312 3143 1625 3206 praeservat.

1243 3211 1395 3265 Nota.
1459 3211 1804 3264 Protestantes
1841 3209 1905 3262 ·id
1958 3216 2160 3263 tantum

1176 3301 1262 3354 pro
1302 3285 1539 3354 dogmate
1581 3292 1789 3347 tenent,
1832 3283 1966 3353 quod
2006 3284 2057 3336 in
2097 3283 2152 3335 S.

1173 3360 1434 3427 Scriptura
1475 3359 1702 3427 legitur,
1755 3374 1907 3427 quam
1948 3357 2160 3426 quilibet

130 3442 408 3492 sectatores
446 3454 569 3493 vero
607 3437 854 3492 haeretici
881 3437 1111 3491 iudican·
1139 3437 1144 3504 '4
1174 3434 1353 3502 spiritu
1374 3449 1465 3487 suo
1494 3435 1690 3502 privato
1715 3432 2038 3500 interpretari
2069 3446 2161 3497 po·-

175 3536 228 3582 (¹)
250 3537 333 3582 eap.
359 3538 393 3576 G.

1140 3510 1295 3586 [test.
1355 3507 1435 3561 Ex
1478 3508 1574 3562 lioc
1619 3507 1864 3577 principio
1907 3506 2154 3573 sequitur,
