2332 3860
304 128 368 182 ot

909 147 972 185 DE
1010 149 1104 186 DEO
1145 148 1196 185 ΙΝ
1233 145 1290 185 SE
1327 145 1589 188 SPECTA'ro.

228 225 320 278 Dei
347 233 566 281 externa
595 234 646 280 et
679 229 1111 296 supernaturalis,
1143 245 1224 281 sa·
1288 229 1352 281 de.
1381 228 1660 282 existentia
1692 228 1784 282 Dei
1826 228 2125 298 persuaderi
2167 234 2280 299 pos-

229 299 293 352 tis
320 299 721 354 luculentumde
737 302 970 355 eiusdem
996 303 1224 355 existen·
1286 305 1391 355 sint
1418 309 1471 355 et
1499 302 1742 356 debeant.
1785 302 1908 372 Sap.
1942 305 2034 366 15,
2070 304 2121 367 l,
2147 312 2275 371 etc.‚

227 374 298 426 tia
353 376 705 429 testimonium
768 376 957 429 reddit.
1014 376 1144 429 Nam
1181 376 1220 429 si

225 447 378 501 homo
418 466 520 502 non
562 456 730 518 potest
757 452 950 503 certius
997 451 1222 502 existen·

227 523 353 574 tiam
391 539 540 576 suam
591 524 810 592 probare
837 566 850 587 ‚
905 540 1061 593 quam
1102 540 1220 576 cum

220 596 453 664 'seipsum
493 605 823 666 praesentem
863 599 1094 660 exhibe-t,
1129 605 1222 652 aut

223 685 284 722 ea
310 672 438 738 agit,
469 688 602 740 quae
630 680 835 741 praeter
861 674 1029 740 ipsum
1069 687 1219 724 nemo

222 759 380 810 agere
422 753 634 814 potest3
675 747 852 815 quidni
901 753 951 798 et
999 747 1061 798 de
1113 746 1219 798 Deo

220 818 271 870 id
308 818 548 872 valebit?
591 849 660 859 -
687 821 824 873 Deus
863 836 1009 882 sane,
1042 821 1082 872 si
1112 823 1221 872 exi-

219 892 329 954 stit,
350 909 449 945 non
481 894 650 945 solum
671 894 917 955 naturali,
949 895 1038 946 sed
1061 895 1216 946 etiam

221 967 634 1020 extraordinario
715 974 767 1020 et
831 969 1215 1035 supernaturali

218 1039 370 1093 modo
422 1042 758 1094 existentiam
806 1058 954 1093 suam
1001 1043 1218 1094 manife-

218 1120 360 1167 stare
399 1121 588 1184 potest,
632 1116 768 1184 quod
810 1118 968 1168 etiam
998 1132 1120 1168 vere
1152 1117 1215 1169 ab

217 1187 327 1255 ipso
366 1189 563 1241 faetum
591 1196 688 1242 est.
723 1190 861 1241 Deus
890 1192 1030 1242 enim
1057 1191 1112 1243 O.
1142 1190 1210 1241 M.

217 1277 307 1329 pro
347 1262 548 1315 infinita
590 1280 684 1315 sua
731 1264 964 1316 bonitate
1012 1271 1124 1316 tum
1163 1265 1213 1315 in

216 1335 425 1403 periodo
467 1337 839 1405 patriarchali,
886 1345 994 1391 tum
1036 1340 1086 1389 in
1131 1354 1216 1405 pe-

215 1409 358 1463 riodo
427 1412 653 1464 mosaica
689 1453 701 1474 ‚
768 1419 878 1464 tum
935 1413 1213 1480 praecipue

213 1485 265 1535 in
325 1485 532 1552 periodo
587 1485 870 1538 christiana
921 1486 1214 1539 hominibus

213 1573 486 1625 apparere,
530 1559 789 1612 salutares
830 1561 1082 1612 veritates
1123 1577 1213 1612 ex-

214 1633 558 1686 traordinario
579 1640 632 1686 et
652 1634 1040 1701 supernaturali
1061 1634 1213 1686 modo

215 1707 527 1773 patefacere,
572 1715 623 1759 et
666 1707 801 1759 hanc
841 1707 1211 1761 revelationem

212 1795 359 1831 suam
415 1781 652 1850 plurimis
683 1781 1063 1849 TheophaniiS,
1105 1789 1211 1833 stu-

214 1853 393 1920 pendis
447 1854 712 1906 miraculis
746 1895 759 1916 ,
815 1861 866 1907 et
924 1856 1211 1907 innumeris

215 1928 472 1980 vaticiniis
494 1928 806 1980 confirmare
834 1928 1077 1994 dignatus
1106 1936 1205 1990 est,

211 2016 343 2069 quae
384 2003 543 2054 etiam
584 2018 676 2070 pro
715 2002 843 2054 reali
872 2009 924 2054 et
952 2003 1208 2071 personali

210 2073 302 2126 Dei
338 2076 614 2128 existentia
656 2075 942 2129 clarissima
984 2079 1208 2129 testimo·

211 2149 296 2200 nia
337 2149 581 2203 reddunt.
610 2150 685 2202 De
708 2151 891 2203 horum
919 2158 1094 2204 autem
1122 2168 1207 2203 ve-

209 2222 364 2275 ritate
406 2223 653 2276 historica
710 2225 933 2277 dubitari
979 2226 1202 2294 nequit,

213 2296 308 2348 nisi
350 2304 530 2350 contra
581 2314 740 2351 sanae
792 2294 1006 2351 rationis
1053 2301 1209 2351 dicta-

209 2385 327 2422 men
355 2373 521 2424 omnis
547 2371 676 2424 fides
722 2372 968 2425 historica
1010 2374 1208 2426 reiicia-

208 2450 295 2496 tur
325 2443 423 2516 (l).
458 2445 593 2498 Huic
620 2463 649 2498 a
671 2446 776 2499 Deo
803 2447 971 2499 factae
1011 2446 1208 2500 reveia·

211 2518 334 2570 tioni
380 2520 724 2583 universaliS‚
774 2528 826 2573 et
861 2527 1104 2574 constans
1144 2522 1205 2573 de

206 2590 298 2644 Dei
334 2594 606 2646 existentia
639 2596 903 2663 persuasio
933 2596 1206 2664 praecipue

207 2666 542 2720 adscribenda
561 2676 659 2732 est3
695 2676 748 2721 et
786 2670 1066 2722 etiamnum
1098 2670 1206 2737 plu-

208 2740 321 2792 rimi
346 2742 565 2794 eandem
586 2742 825 2804 credunt,
850 2760 1005 2812 quam
1030 2751 1201 2796 tamen

206 2817 529 2882 argumentis
589 2816 927 2870 rationalibus
986 2818 1202 2886 probare

208 2904 307 2940 non
341 2896 573 2956 possunt.

279 2965 333 3014 2.
377 2962 432 3015 S.
475 2964 744 3032 Scriptura
789 2981 890 3017 non
939 2963 1199 3017 solumin

206 3032 434 3105 qualibet
474 3039 661 3104 pagina
689 3039 852 3091 Deum
893 3039 1200 3091 existentem

205 3109 488 3178 praedicat,
513 3111 602 3162 sed
630 3113 786 3165 etiam
817 3113 1027 3165 modum
1057 3113 1199 3165 sacil-

206 3183 389 3236 limum
409 3190 460 3236 et
488 3185 803 3238 tutissimum
819 3187 1077 3254 indigitat,
1101 3203 1201 3256 quo

207 3256 442 3311 homines
475 3258 673 3311 ratione
705 3276 798 3313 sua
827 3268 968 3314 recte
996 3267 1201 3314 utentes

251 3414 304 3506 (ἐζ
325 3415 472 3494 {Th-1
489 3425 573 3495 εξὲ.
599 3416 637 3450 Ρ.
661 3418 707 3453 11.

228 3459 547 3567 'iaici'ffiimuz
575 3465 708 3549 fitss‘m
733 3505 788 3541 ps.
814 3504 871 3549 ιε,
895 3504 930 3548 ις
953 3508 1035 3544 Aet.
1064 3505 1119 3550 ιι,
1143 3505 1195 3543 ιο.

1284 377 1501 428 dicitur:
1541 376 1670 429 Vani
1693 383 1806 428 sunt
1832 393 1998 430 omnes
2038 378 2274 441 homines,

1284 451 1336 501 in
1363 450 1540 518 quibus
1559 467 1664 502 non
1688 451 1846 503 subest
1871 452 2072 504 scientia
2094 452 2204 514 Dei,
2235 462 2279 506 et

1283 525 1337 575 de
1360 524 1454 585 his,
1487 540 1610 592 quae
1637 525 1861 577 videntur
1896 527 2040 586 bona,
2070 543 2167 579 non
2187 543 2278 596 po-

1283 605 1483 650 tuerunt
1510 598 1781 666 iratellz'qere
1808 615 1940 662 eum,
1973 601 2059 668 qui
2085 608 2171 663 est,
2195 617 2278 652 ne-

1282 688 1374 740 que
1392 672 1614 741 operibus
1633 673 1930 725 attendentes
1974 683 2279 742 aqnoverunt

1282 749 1391 813 quis
1417 754 1536 798 esset
1563 746 1911 813 (misem—A
1936 749 2279 816 maqnitudine

1281 822 1411 871 enim
1438 821 1630 889 speciei,
1662 828 1705 872 et
1743 829 1999 873 creaturae
2039 823 2279 889 coquosci-

1283 893 1443 946 biliter
1463 895 1644 963 poterit
1671 903 1861 946 creator
1883 895 2059 947 horam
2100 897 2270 948 videri.

1283 967 1344 1019 Et
1371 967 1562 1020 Paulus
1591 967 1667 1038 (2)
1698 969 1895 1037 inquit:
1933 968 2070 1033 Quod
2107 978 2278 1022 notum

1279 1049 1347 1092 est
1386 1042 1499 1102 Dei,
1555 1043 1868 1110 manifestum
1921 1051 1990 1096 est
2037 1043 2090 1095 in
2131 1042 2272 1108 illz's3

1278 1114 1410 1167 Deus
1431 1116 1562 1167 enim
1590 1117 1689 1167 illis
1716 1118 2065 1184 manifestavit.
2097 1117 2276 1170 Invisi-

1280 1188 1397 1241 bilia
1436 1192 1567 1242 enim
1607 1191 1762 1258 ‘ipsius
1787 1207 1816 1242 a
1840 1199 2072 1243 creatura
2100 1192 2277 1244 mundi

1272 1279 1363 1330 per
1401 1279 1477 1324 ea,
1522 1269 1644 1332 quae
1682 1264 1816 1331 facta
1854 1272 1987 1326 sunt,
2034 1266 2274 1318 intellecta

1278 1338 1683 1405 ccmspiciuntur:
1737 1339 2032 1407 sempiterna
2083 1356 2273 1408 quoque

1277 1412 1383 1462 eius
1407 1412 1582 1471 virtus,
1613 1420 1656 1463 et
1695 1412 1948 1476 div-initas,
1978 1414 2051 1466 'ita
2078 1423 2132 1466 ut
2170 1414 2276 1466 sint

1277 1485 1634 1537 inexcusabiles
1663 1484 1758 1556 (5).

1350 1559 1402 1610 5.
1420 1559 1683 1612 Revelatio
1707 1560 1917 1612 demum
1938 1576 2037 1613 non
2055 1561 2270 1614 obscure

1278 1632 1534 1699 indigitat,
1554 1633 1719 1686 Deum
1742 1647 1832 1702 per
1850 1651 1906 1687 se
1926 1636 2073 1688 nobis
2091 1643 2271 1689 notum
2315 1675 2322 1680 -

1276 1722 1407 1768 esse,
1440 1709 1559 1775 quia
1589 1708 1884 1760 immediate
1924 1710 2032 1776 agit
2073 1710 2126 1761 in
2166 1711 2268 1762 ori-

1274 1781 1500 1845 ginarias
1530 1787 1734 1833 nostras
1762 1782 2057 1844 facultateS‚
2087 1790 2138 1835 et
2166 1785 2271 1851 spi-

1275 1854 1394 1904 ritui
1433 1861 1608 1907 nostro
1649 1854 1787 1908 lucet
1831 1863 1887 1908 ut
1929 1858 2093 1924 prima
2121 1856 2269 1911 Veri-

1276 1933 1371 1988 tas,
1401 1935 1455 1981 ut
1494 1945 1768 1997 supremus
1807 1929 2058 1983 Dominus
2098 1930 2269 1999 legem

1272 2003 1521 2054 moralem
1561 2003 1752 2065 dictat,
1807 2011 1859 2056 et
1911 2011 1969 2056 ut
2008 2005 2268 2058 infinitum

1274 2074 1464 2128 bonum
1501 2077 1812 2129 desiderium
1842 2079 1920 2130 sui
1948 2079 2142 2131 excitat
2163 2078 2261 2150 (lt).

1272 2149 1389 2201 Ideo
1417 2152 1468 2203 in
1486 2149 1655 2221 Ps.(5)
1685 2151 2170 2221 diciturrSiqnatum
2198 2162 2266 2206 est

1270 2239 1415 2293 super
1442 2242 1531 2277 nos
1558 2225 1720 2277 lamen
1747 2226 1909 2278 vultus
1937 2227 2010 2278 tui
2033 2226 2263 2280 Domine:

1271 2298 1319 2348 in
1347 2314 1502 2366 quem
1523 2298 1695 2351 locum
1727 2301 1800 2352 ait
1825 2299 1878 2352 S.
1910 2301 2220 2369 Augustinus
2245 2319 2259 2352 ε

1274 2392 1298 2419 «
1330 2371 1439 2425 Hoc
1481 2373 1656 2426 lumen
1699 2380 1778 2426 est
1818 2380 1984 2426 totum
2017 2375 2259 2439 hominiS,

1270 2453 1321 2498 et
1341 2462 1526 2499 verum
1550 2448 1761 2509 bonum,
1794 2448 1929 2516 quod
1953 2464 2055 2501 non
2075 2450 2259 2512 oeuliS‚

1269 2520 1356 2571 sed
1385 2529 1560 2573 mente
1588 2522 1921 2589 conspicitur.
1953 2541 1979 2571 »
2011 2521 2084 2574 10.
2119 2523 2171 2584 1,
2203 2524 2258 2585 7,
2293 2572 2304 2580 ,

1270 2593 1495 2647 Verbum
1507 2602 1778 2647 aeternum
1796 2595 2000 2649 dicitur:
2017 2595 2129 2648 Lux
2147 2613 2263 2650 vera

1268 2684 1389 2735 quae
1420 2669 1666 2720 illuminat
1704 2685 1878 2721 omnen
1918 2669 2160 2723 hominem
2189 2687 2261 2725 φε-

1268 2743 1476 2794 nientem
1504 2743 1555 2794 in
1579 2742 1706 2795 hune
1727 2743 1966 2796 mundum
1981 2761 2000 2794 .-
2019 2763 2046 2793 «
2071 2761 2138 2796 ex
2158 2761 2259 2814 quo

1269 2818 1598 2884 perspicuum
1624 2817 1702 2879 fit,
1733 2817 1807 2870 ait
1831 2817 1883 2870 S.
1902 2818 2253 2888 Hieronymus,

1266 2896 1452 2943 natura
1487 2891 1725 2944 omnibus
1782 2891 1874 2943 Dei
1930 2893 2098 2944 inesse
2126 2894 2258 2945 noti-

1268 2965 1410 3026 tiam,
1450 2981 1546 3017 nee
1578 2980 1892 3034 quemquam
1917 2965 2028 3017 sine
2055 2963 2255 3019 Christo

1268 3039 1428 3099 nasci,
1460 3045 1511 3091 et
1534 3055 1632 3091 non
1675 3037 1866 3091 habere
1892 3040 2099 3094 semina,
2118 3042 2169 3092 in
2198 3056 2255 3092 se

1264 3112 1547 3179 sapientiae
1574 3119 1626 3164 et
1644 3112 1890 3173 iustitiae,
1917 3114 2256 3182 reliquarum-

1264 3200 1361 3252 que
1386 3185 1695 3238 virtutum.»
1720 3185 1834 3238 Huc
1849 3187 2005 3238 etiam
2019 3193 2259 3255 spectant,

1263 3259 1397 3310 dicta
1449 3258 1796 3328 Christi:qu
1840 3276 1950 3312 sum
1996 3261 2087 3312 lum
2111 3277 2254 3314 mun-

1261 3331 1312 3383 di
1339 3329 1434 3402 (6);
1462 3339 1533 3384 et:
1564 3333 1668 3402 Eyo
1687 3349 1798 3386 sum
1837 3335 1932 3396 via,
1977 3336 2179 3399 veritas,
2207 3343 2254 3389 et

1303 3461 1354 3549 {A}
1380 3460 1421 3495 V.
1446 3463 1513 3498 Th.
1541 3471 1622 3504 gen.
1639 3460 1664 3507 S
1685 3459 1801 3491 2⁸³²--
1989 3463 2044 3511 (Β)
2068 3465 2122 3503 Ps.
2150 3463 2183 3510 Ι,
2206 3465 2240 3503 ’1.

1318 3506 1355 3550 a)
1379 3506 1433 3541 ιο.
1456 3504 1494 3550 8,
1518 3505 1570 3542 ιε.
