2332 3860
299 188 370 241 08

227 281 472 340 ditionem
513 284 792 368 concipere
825 293 1032 354 potest:

227 356 351 408 illud
393 359 532 411 omni
560 359 669 411 iure
710 375 803 411 ens
843 361 1098 428 primum,
1131 377 1216 413 ne-

227 429 503 485 cessarium
564 440 616 485 et
679 434 1020 503 undequaque
1072 434 1215 486 inde-

183 520 189 525 *
227 505 459 573 pendens
500 509 816 575 pronuntiat.
886 515 891 518 “

299 579 455 632 Nota.
501 581 712 634 Maximi
741 582 986 634 momenti
1028 589 1125 641 est,
1160 589 1216 634 ut

226 652 364 712 Deus
392 670 597 723 semper
624 663 680 708 ut
708 672 800 708 ens
827 673 855 708 a
884 673 959 717 se,
995 657 1214 724 primum

227 734 279 779 ct
317 728 658 797 undequaque
706 730 1057 797 independens
1098 747 1218 782 con-

227 802 503 854 sideretur.
547 802 724 871 Neque
764 807 902 856 enim
943 806 1101 872 ipsius
1141 811 1218 855 at-

228 876 422 928 tributa
448 883 500 928 et
523 879 849 945 operationes
872 879 1039 930 debito
1070 878 1216 930 modo

227 949 496 1019 explicari,
541 958 591 1003 et
618 952 948 1004 determinari
980 959 1212 1020 possunt,

226 1024 323 1075 nisi
364 1024 478 1076 idea
519 1027 652 1078 entis
692 1043 721 1078 a
762 1043 816 1078 se
859 1027 1006 1094 primi
1049 1033 1099 1078 et
1140 1027 1213 1078 in-

225 1098 563 1166 dependentis
603 1101 845 1153 continuo
885 1108 1005 1152 ante
1043 1101 1219 1152 oculos

225 1171 505 1224 habeatur:
558 1172 656 1226 hac
705 1191 827 1226 vero
867 1174 1085 1226 firmiter
1137 1191 1216 1226 rc-

224 1251 391 1308 tenta‚
437 1247 635 1300 multae
678 1247 1005 1300 difficultates
1033 1290 1044 1308 ‚
1088 1265 1219 1318 quae

222 1319 351 1372 alias
393 1321 786 1375 inextricabiles
825 1323 1086 1386 videntur,
1130 1340 1220 1391 per

223 1409 279 1445 se
311 1403 652 1448 evanescunt.

470 1587 863 1623 PROPoslTlo
899 1590 966 1622 11.

634 1706 672 1763 ς
704 1706 810 1751 zm..

378 1807 475 1842 Deus
499 1811 556 1842 est
577 1815 643 1842 ens
666 1807 811 1843 infinite
834 1808 1049 1852 perfeetum.

299 1912 440 1965 Deus
481 1922 558 1966 est
622 1930 713 1966 ens
765 1915 1215 1981 perfectissimum,

227 2002 325 2055 quo
369 1987 567 2039 nullum
608 1989 885 2056 perfectius
927 1988 1107 2051 datum
1171 1993 1222 2038 ot

225 2076 317 2112 ens
364 2062 624 2113 infinitum
653 2104 664 2123 ‚
708 2063 773 2114 ab
813 2064 950 2117 omni
994 2062 1215 2123 defectu,

225 2137 448 2188 termino
483 2143 534 2187 et
563 2136 725 2188 limite
754 2143 1030 2188 remotum.

303 2209 354 2261 1.
399 2209 451 2265 S..
498 2209 762 2278 Scriptura
804 2211 962 2262 variis
1003 2211 1053 2261 in
1099 2209 1220 2261 locis

226 2282 482 2335 infinitam
522 2283 615 2336 Dei
663 2285 1028 2352 perfectionem
1079 2299 1218 2350 prac-

226 2356 382 2410 dicat.
416 2357 498 2409 Ps.
535 2358 661 2419 imi,
696 2358 729 2409 ‘5
764 2358 976 2410 dicitur:
1009 2358 1220 2424 qurzus

226 2430 469 2484 Dominus
488 2443 532 2483 ec
560 2431 824 2484 laudabilis
851 2433 1020 2492 nimis,
1051 2439 1094 2482 et
1116 2447 1220 2482 ma-

223 2506 499 2572 yuiludinis
537 2506 642 2557 eius
684 2523 779 2558 non
818 2514 885 2557 est
911 2506 1045 2575 finis:
1088 2521 1219 2574 quae

228 2580 383 2631 verba
424 2594 688 2648 exponens
712 2582 769 2632 S.
797 2578 1104 2648 Auqustz'nus
1126 2579 1214 2630 ait:

229 2671 253 2699 «
280 2651 393 2720 Ipse
415 2670 514 2705 non
535 2654 732 2715 finitur,
759 2653 898 2704 illius
921 2653 1219 2720 magnitudo

224 2727 334 2776 sine
362 2726 464 2778 fine
486 2733 620 2779 est.»
640 2726 843 2779 Baruch
867 2727 920 2787 5,
940 2727 1008 2777 25
1035 2727 1220 2792 legitur

226 2799 286 2850 de
309 2799 442 2852 Deo:
483 2801 697 2869 Maynus
734 2808 822 2860 est,
866 2807 909 2851 et
948 2816 1044 2851 non
1085 2799 1219 2851 habel

223 2873 388 2942 finem,
432 2875 647 2926 eoeeelsus
673 2883 718 2926 el
758 2873 1218 2926 immensus.lsaias

226 2946 302 3016 (1)
345 2947 488 3007 dicit,
540 2965 719 3000 omnes
779 2955 1045 2999 creaturas
1111 2946 1216 2999 Deo

224 3028 552 3088 comparatas
579 3021 911 3084 evanescere,
955 3029 1006 3073 ct
1047 3027 1103 3071 ut
1143 3022 1216 3072 ni-

225 3092 388 3146 hilum
434 3096 681 3162 reputati.
710 3095 895 3147 Eccli.·
927 3093 1218 3164 Glorvfican-

227 3175 292 3219 tes
319 3167 625 3230 Dominum,
675 3178 1085 3253 quantuncunque
1135 3185 1219 3237 po-

226 3241 455 3303 tueriti33
495 3243 814 3309 supervalebit
857 3259 990 3295 emm
1033 3241 1211 3305 adhuc,

258 3384 303 3426 ,(1
345 3383 400 3427 40,
427 3385 485 3427 15,
510 3391 581 3422 etc.

269 3427 307 3473 (2
345 3430 403 3472 43,
427 3430 471 3464 32
494 3436 565 3464 etc.

271 3473 324 3518 (3)
350 3477 414 3508 Act
452 3474 505 3508 17.
529 3474 583 3508 23.

286 3517 320 3559 4)
345 3518 449 3553 Rom.
477 3518 529 3560 11,
553 3517 596 3553 36

235 3521 323 3607 .(5)
349 3564 399 3597 De
421 3563 493 3597 div
519 3542 616 3597 Noin
657 3570 688 3596 c.
710 3562 747 3598 ὃ.

921 207 984 243 ΟΕ
1021 207 1118 244 DEO
1153 207 1205 243 IN
1243 206 1297 244 SE
1333 206 1593 244 SPECTATO.
1640 252 1642 254 Ι

1079 286 1213 339 unde
1273 294 1317 338 el
1366 285 1674 338 admirabilis
1729 286 2091 357 maqnificenlia
2143 286 2267 340 eim

1275 360 1613 412 Benedicta-ntes
1659 359 1928 412 Dominum
1967 360 2175 413 eoealcale
2214 352 2272 414 il-

1276 433 1397 491 lum,
1428 431 1668 500 quantum
1687 433 1917 506 potestis&
1956 434 2116 487 maior
2140 436 2275 487 enim

1276 515 1342 559 est
1379 507 1515 558 ouini
1553 507 1692 559 laude
1722 505 1817 580 (2).
1846 507 2036 561 Paulus
2062 503 2271 562 omnem

1278 581 1532 633 defectum
1573 598 1602 633 a
1650 582 1758 633 Deo
1805 581 2035 637 excindit
2075 583 2270 642 dicens.

1277 654 1411 723 quod
1453 671 1551 707 non
1595 656 1661 707 sit
1699 655 1922 722 indiyens
1942 655 2128 724 aliquo,
2165 671 2275 708 cum

1276 730 1375 796 ipse
1413 728 1488 780 dec
1533 729 1754 781 omuibus
1800 729 1949 781 vitam
1977 736 2022 782 et
2060 730 2275 798 inspira-

1280 803 1458 854 tionem
1498 811 1542 854 et
1586 796 1767 855 omniu
1793 802 1893 874 (5).·
1930 810 1981 856 et
2002 803 2274 870 magnifica

1280 878 1535 929 sententia
1578 878 1794 945 positive
1825 877 1929 930 Deo
1973 878 2145 930 omnia
2191 877 2277 928 ad·

1279 950 1476 1012 scribit,
1520 952 1778 1019 inquiens:
1820 951 1905 1004 Em
1947 951 2069 1020 ipse,
2111 958 2155 1003 et
2186 967 2276 1020 per

1280 1024 1462 1093 ipsum,
1506 1032 1548 1076 el
1571 1027 1624 1077 in
1664 1026 1766 1093 ipso
1793 1033 1905 1077 sunt
1943 1026 2108 1078 omnia
2135 1022 2232 1096 (lt).

1355 1100 1408 1150 ⁶2.
1435 1097 1523 1150 SS.
1553 1100 1730 1151 Patres
1754 1099 2007 1152 infinitam
2037 1099 2142 1151 Deo
2166 1115 2275 1167 per-

1284 1172 1552 1224 sectionem
1569 1174 1886 1227 adscribunt.
1917 1173 1975 1226 S.
2002 1173 2275 1242 Dionysius

1283 1244 1355 1316 (ὅ)
1386 1247 1476 1299 ait:
1527 1266 1549 1294 «
1579 1247 1716 1300 Deus
1759 1264 1858 1301 non
1900 1249 2082 1316 quovis
2122 1247 2272 1298 modo

1282 1327 1359 1372 est
1387 1336 1499 1382 ρης,
1543 1322 1632 1373 sed
1674 1322 1977 1390 simpliciter
2016 1327 2066 1373 et
2106 1320 2275 1373 infini-

1283 1401 1413 1457 tum,
1441 1402 1606 1450 totum
1636 1396 1684 1447 in
1713 1412 1768 1448 se
1789 1413 1900 1448 esse
1925 1396 2117 1464 pariter
2138 1411 2276 1447 com-

1284 1468 1487 1535 plexu&
1532 1476 1583 1521 et
1620 1471 1984 1538 anticipans.»
2027 1468 2078 1521 S.
2130 1469 2275 1521 Hila-

1282 1545 1390 1594 rius
1420 1541 1491 1611 (6)
1519 1544 1721 1596 scribit:
1771 1564 1796 1593 «
1823 1543 1962 1596 Haec
1989 1542 2080 1595 Dei
2111 1543 2276 1610 prima

1284 1622 1335 1666 et
1364 1619 1638 1685 praecipua
1665 1617 1889 1670 laudatio
1912 1624 2011 1678 est,
2042 1617 2175 1685 quod
2200 1617 2275 1668 ni·

1284 1689 1354 1740 hil
1397 1691 1446 1742 in
1484 1707 1538 1743 se
1569 1691 1842 1751 mediocre,
1889 1690 2015 1742 nihil
2056 1691 2275 1743 circum-

1284 1764 1559 1830 scriptum,
1605 1765 1729 1816 nihil
1772 1780 2040 1816 emensum
2081 1770 2132 1816 et
2173 1781 2276 1817 ma-

1283 1838 1564 1900 gnitudinis
1587 1855 1711 1890 suae
1735 1838 1942 1897 habeat,
1961 1846 2012 1890 et
2030 1838 2212 1891 laudis.
2245 1859 2270 1887 »
2318 1846 2321 1847 ’

1284 1910 1339 1962 S.
1363 1908 1634 1976 Greqorius
1675 1913 1824 1981 Nyss,
1851 1929 1897 1964 c.
1942 1913 2164 1965 Eunom.
2201 1913 2272 1983 (7)

1284 1985 1350 2035 ita
1378 1984 1439 2035 dc
1457 1985 1560 2036 Deo
1590 1987 1814 2038 disserit:
1851 2006 1875 2035 «
1894 2003 2059 2056 neque
2087 1988 2270 2044 maior,

1285 2074 1449 2127 neque
1472 2060 1637 2112 minor
1665 2060 1722 2111 fit
1746 2062 2059 2119 accessione,
2086 2060 2167 2113 vel
2187 2061 2275 2112 de-

1283 2133 1533 2197 cessione:
1577 2135 1763 2202 quippe
1792 2135 2167 2187 incrementum
2208 2133 2274 2185 il-

1289 2207 1395 2269 lud,
1440 2207 1571 2276 quod
1616 2210 1663 2259 in
1696 2209 1861 2260 maius
1883 2208 1958 2270 fit,
1991 2209 2040 2260 in
2071 2207 2272 2260 infinito

1286 2281 1451 2332 locum
1496 2297 1595 2333 non
1638 2282 1811 2334 habet.
1848 2302 1874 2331 »
1903 2282 1958 2335 S.
2003 2280 2270 2350 Greqorius

1281 2355 1414 2407 Naz.
1446 2354 1520 2425 (8)
1550 2356 1642 2407 ait:
1679 2375 1703 2403 «
1737 2355 2050 2408 Universum
2080 2372 2191 2408 esse
2219 2355 2269 2406 in

1282 2430 1467 2496 seipso,
1504 2445 1765 2498 nunquam
1795 2431 2110 2498 incaeptum,
2143 2445 2273 2481 nun·

1282 2518 1433 2570 quam
1465 2503 1751 2555 desiturum
1781 2504 2082 2570 complexus
2110 2504 2271 2555 conti·

1281 2583 1387 2637 net,
1438 2583 1680 2645 tanquam
1709 2577 1967 2629 infinitum
1988 2577 2267 2645 quoddam,

1282 2657 1332 2701 et
1380 2651 1768 2702 interminatum
1819 2653 2072 2703 essentiae
2125 2650 2268 2718 pela-

1280 2740 1393 2790 gus,
1433 2743 1454 2771 »
1511 2723 1563 2776 S.
1602 2723 1910 2792 Auyusliuus
1950 2723 2026 2795 (9)
2079 2724 2266 2793 inquit:

1285 2817 1309 2846 «
1327 2797 1680 2866 intelligamus
1696 2798 1858 2850 Deum
1887 2795 1997 2851 sine
2023 2799 2269 2867 qualitate

1280 2872 1491 2934 bonum,
1537 2874 1646 2924 sinc
1668 2873 1957 2941 quantitate
1996 2886 2264 2939 magnum,

1279 2946 1390 2997 sine
1432 2945 1753 3014 loco-ubique
1776 2953 1961 3007 totum,
2004 2946 2115 2997 sine
2145 2952 2270 2996 tem-

1281 3036 1400 3087 pore
1421 3021 1813 3087 sempiternum.
1843 3039 1868 3067 »
1895 3018 1952 3072 S.
1985 3018 2058 3072 Io,
2086 3017 2268 3070 Dama-

1277 3110 1448 3144 seenus
1469 3091 1581 3164 (to)
1610 3093 1818 3146 scribit:
1849 3092 2113 3146 «Videtur
2133 3092 2267 3143 inter

1278 3167 1486 3219 nomina
1513 3166 1604 3218 Dei
1634 3168 1821 3234 primas
1863 3173 2042 3218 tenere
2066 3165 2154 3234 qui
2172 3174 2260 3216 est.

1277 3240 1460 3293 Totum
1483 3241 1616 3292 enim
1647 3241 1695 3292 in
1738 3241 1904 3309 scipso
1931 3237 2265 3306 comprehen-

1319 3382 1371 3427 (6)
1398 3385 1451 3418 ps.
1477 3384 1556 3420 Mli.

1321 3429 1372 3471 (7)
1396 3429 1459 3463 u».
1485 3430 1539 3464 12.

1335 3471 1370 3515 8)
1395 3474 1493 3507 Orat.
1507 3472 1560 3513 ³8,
1589 3482 1624 3508 n,
1651 3472 1705 3509 11.

1334 3515 1368 3559 9)
1396 3517 1436 3551 L.
1461 3517 1493 3551 tt.
1518 3518 1563 3552 dc
1586 3518 1684 3552 Triu.
1709 3525 1743 3552 c.
1764 3516 1800 3552 1.

1336 3558 1392 3605 10)
1417 3561 1458 3595 h.
1482 3560 1505 3595 4
1525 3561 1571 3596 de
1593 3562 1688 3596 orth.
1714 3561 1798 3606 fide,
1822 3560 1934 3598 c..12.
