2332 3860
672 88 792 127 PARS
828 87 902 126 m.

0 168 324 248 {substinere
361 173 547 238 potest,
590 174 642 221 et
705 175 879 222 tamen
944 168 1056 222 ideo

104 261 164 304 ec
202 246 385 315 natura
423 242 577 303 oculi,
622 257 717 294 nec
739 250 922 295 natura
951 258 1058 295 cor·

36 315 202 394 ῗροτίε
241 321 486 388 mutatur.
530 315 698 369 Tertia
741 316 958 385 denique
995 332 1055 369 ex

31 363 282 463 imitate
320 389 540 442 hominis
578 389 798 443 deducta
833 391 1056 442 maxime

26 462 350 528 claudicat3
412 479 563 516 nam
596 464 645 515 in
709 464 916 517 homine
979 471 1057 518 est

50 538 267 619 quidem
310 543 492 590 natura
532 538 830 622 spiritualiS,
874 544 924 589 et
971 553 1056 589 na

68 594 191 667 tu'ra
222 611 537 674 materialis,
581 612 669 663 sed
729 613 778 663 in
819 611 916 663 hac
973 627 1058 663 vo-

47 687 240 740 ιἸιιηωε
260 701 390 754 quae
412 692 490 737 est
511 686 736 753 potentia
759 684 1056 754 spiritualiS‚

68 760 242 815 adesse
257 759 551 811 nullatenus
569 766 752 827 potest3
777 767 929 827 atque
946 759 1056 809 ideo

67 850 169 889 una
185 840 354 885 manet
375 835 423 885 in
450 834 654 885 homine
678 833 931 884 voluntas⁴
957 831 1056 884 Sed

67 909 120 980 in
159 906 359 960 Christo
394 908 526 959 duae
566 914 686 960 sunt
727 914 942 959 naturae
983 923 1058 958 ra-

70 982 304 1043 tionaleS,
348 982 521 1034 divina
559 989 609 1034 et
630 982 876 1041 humana,
904 987 1056 1063 atque

63 1057 118 1124 ‘in
186 1063 404 1125 utraque
469 1056 708 1108 voluntas
768 1057 1057 1107 necessaiio

68 1131 390 1184 continetur.
460 1145 582 1196 ergo
641 1130 772 1182 duae
832 1136 954 1182 sunt
1005 1131 1054 1181 in

69 1203 267 1262 Christo
308 1204 616 1256 voluntates,

49 1281 56 1289 '
141 1278 248 1334 obi.
278 1278 355 1330 5.⁸
393 1278 647 1330 Honorius
685 1277 832 1330 Rom.
888 1276 1060 1330 Ponti-

70 1344 155 1408 fex
192 1354 242 1405 in
285 1352 511 1420 epistolis
551 1353 612 1405 ad
672 1351 908 1418 Sergium
958 1368 1058 1404 non

69 1427 233 1481 solum
275 1427 428 1480 huius
466 1427 653 1494 agendi
691 1427 942 1479 rationem
1009 1434 1060 1478 et

67 1501 339 1556 consilium
382 1501 629 1563 laudavit,
672 1500 760 1552 sed
789 1503 940 1556 etiam
971 1516 1060 1552 ex-

69 1592 242 1648 presse
281 1575 473 1636 docuit,
517 1591 673 1627 unam
697 1591 807 1627 esse
837 1576 887 1627 in
922 1574 1062 1627 Chri·

68 1657 148 1707 sto
189 1650 507 1702 voluntatem
566 1656 618 1702 et
674 1666 829 1702 unam
888 1666 1063 1717 opera-

51 1722 282 1790 'tionem3
327 1730 479 1793 atque
522 1723 632 1775 ideo
672 1740 774 1775 una
803 1740 920 1776 cum
954 1724 1063 1776 Ser-

69 1798 166 1868 91‘0,
238 1798 397 1864 Cym,
456 1797 680 1851 Macario
739 1798 788 1850 in
847 1798 1061 1850 concilio

71 1873 299 1941 generali
343 1871 432 1935 Vl,
467 1872 742 1925 anathema
782 1873 828 1925 ei
868 1872 1062 1925 dictum

70 1947 180 2001 fuit.

0 2015 1 2022 ’
145 2020 286 2090 Resp.
331 2019 540 2074 Falsum
580 2021 787 2074 omnino
828 2027 925 2082 est,
968 2021 1065 2074 Ho-

74 2096 276 2164 norium
315 2095 365 2146 in
407 2094 855 2148 Monothelitarum
885 2096 1064 2148 baere-

74 2169 156 2223 sin
214 2169 415 2238 lapsum
456 2185 588 2222 esse.
633 2169 745 2238 lpse
809 2171 948 2223 enim
1012 2187 1065 2223 o-

68 2244 251 2298 'mnino
315 2243 566 2295 catholice
622 2245 802 2305 sensit,
847 2245 973 2298 duas
1012 2246 1061 2297 in

65 2315 276 2388 Christo
342 2317 654 2379 voluntates,
723 2319 947 2372 divinam
1014 2325 1066 2371 et

75 2390 378 2453 humanam,
446 2407 506 2444 ac
554 2392 681 2445 duas
744 2394 1065 2460 operationes

78 2482 363 2534 agnoscens
383 2472 434 2518 et
462 2466 668 2518 docenS.
694 2466 878 2529 Quodsi
910 2483 1064 2519 unam

56 2539 279 2602 'Christo
337 2539 580 2592 adscribit
638 2541 955 2594 voluntatem
1016 2549 1067 2594 et

79 2613 295 2667 alteram
343 2614 591 2675 excludit,
637 2614 683 2666 id
725 2616 787 2667 de
826 2616 934 2667 sola
975 2616 1066 2668 hu-

78 2702 231 2741 mana
271 2687 456 2739 Christi
497 2696 680 2741 natura
721 2689 912 2742 dietum
966 2697 1061 2742 est.

77 2760 136 2814 In
180 2761 323 2814 nobis
363 2763 498 2812 enim
527 2763 816 2816 hominibus
847 2781 933 2830 per
957 2780 1069 2831 pec-

77 2842 253 2889 catum
317 2835 564 2902 originale
622 2838 874 2904 corruptis
938 2838 1068 2890 duae

82 2909 375 2973 ,voluntates
414 2909 654 2976 distingui
714 2911 916 2962 solent:
986 2928 1070 2963 su-

117 2984 268 3046 erior,
310 2999 441 3051 quae
482 2983 578 3050 legi
619 2982 709 3035 Dei
750 2984 1070 3038 condelecta-

109 3072 188 3119 ur,
231 3063 282 3109 et
322 3057 551 3119 inferior,
594 3073 724 3126 quae
765 3058 864 3124 legi
887 3061 1071 3112 mentis

83 3137 360 3199 repugnat,
403 3147 432 3182 a
473 3131 604 3183 bono
644 3132 859 3184 retrahit
907 3141 957 3186 et
1007 3134 1070 3186 ad

66 3203 281 3266 „malum
321 3205 552 3257 inclinat.
598 3204 743 3258 Hanc
783 3207 1071 3260 inferiorern

86 3277 405 3338 mluntatem
443 3278 695 3332 Honorius
731 3278 929 3333 Christo
988 3282 1073 3333 de-

87 3352 317 3420 negavit,
359 3351 639 3412 humanam
677 3360 853 3408 autem
893 3355 1074 3409 volun-

132 3450 186 3501 μ)
210 3450 360 3504 Υ,,.5γῃ.
377 3452 416 3499 θ,
439 3458 510 3490 act.
534 3453 590 3491 12.
647 3491 649 3493 ,

945 86 1111 130 SEC'HO
1150 88 1197 127 Ι.
1228 86 1379 126 CAPUT.
1415 88 1452 124 1.

1851 42 1853 45 ⁴
1930 71 2029 127 tat

1119 174 1276 222 tatem
1316 173 1511 222 rectam
1549 171 1602 220 et
1623 163 1827 219 divinae
1856 166 2109 223 voluntati

1118 242 1430 300 conformem
1477 242 1585 309 ipse
1624 256 1827 310 quoque
1866 243 2105 298 asseruit.

1120 316 1287 369 lstam‘
1313 315 1465 368 fuisse
1506 315 1713 367 Honorii
1754 321 2000 375 mentem,
2043 331 2111 370 ex

1120 391 1276 458 ipsius
1305 389 1473 442 verbis
1494 389 1822 443 manifestum
1850 396 1948 441 est.
1980 389 2108 443 Nam

1119 464 1168 516 in
1211 464 1304 532 Ep.
1348 462 1370 517 I
1407 462 1470 515 ad
1511 461 1747 528 Sergium
1797 460 1874 533 (l)
1928 464 1997 516 ita
2039 463 2110 517 lo-

1118 540 1320 607 quitur:
1367 556 1392 586 «
1426 535 1574 589 Unde
1615 543 1666 588 et
1707 551 1865 589 unam
1928 537 2110 589 volun-

1122 618 1277 663 tatem
1316 611 1537 664 fatemur
1576 610 1639 662 D.
1683 609 1743 662 N.
1790 610 1829 662 l.
1895 609 2107 673 Christi,

1119 687 1237 754 quia
1277 685 1501 753 profecto
1540 701 1569 737 a
1610 684 1879 737 divinitate
1912 701 2112 738 assum-

1123 769 1206 825 pta
1234 766 1312 811 est
1354 766 1524 811 nostra
1568 766 1773 819 natura,
1802 774 1903 811 non
1933 759 2108 827 culpa3

1121 833 1207 885 illa
1248 833 1491 900 profectO,
1537 848 1666 901 quae
1693 840 1813 886 ante
1842 839 2110 901 peccatum

1120 914 1292 959 creata
1333 914 1431 968 est,
1478 923 1577 959 non
1618 923 1750 976 quae
1791 914 1905 975 post
1969 923 2113 976 prae-

1122 981 1487 1033 varicationem
1529 982 1704 1034 vitiata
1715 1020 1826 1036 .....
1870 980 1982 1035 Non
2035 988 2115 1035 est

1122 1055 1291 1123 itaque
1348 1062 1632 1124 assumpta,
1701 1057 1834 1108 sicut
1899 1056 2113 1124 praefati

1120 1145 1315 1189 sumus,
1357 1146 1386 1181 a
1407 1129 1674 1182 Salvatore
1697 1130 1873 1182 vitiata
1902 1136 2110 1192 natura,

1121 1219 1251 1271 quae
1292 1211 1605 1272 repugnaret
1635 1204 1732 1271 legi
1762 1204 1951 1256 mentis
1978 1204 2110 1270 eius3

1123 1283 1241 1329 nam
1282 1277 1361 1330 lex
1423 1278 1523 1330 alia
1583 1279 1634 1329 in
1700 1279 1963 1339 membris,
2024 1286 2116 1332 aut

1123 1352 1362 1404 voluntas
1426 1352 1629 1404 diversa
1695 1368 1794 1405 non
1868 1353 1983 1415 fuit,
2028 1352 2114 1406 vel

1122 1427 1378 1479 contraria
1436 1426 1713 1487 Salvatori,
1782 1427 1900 1496 quia
1958 1443 2116 1496 supra

1125 1501 1289 1567 legem
1331 1507 1481 1554 natus
1522 1507 1599 1553 est
1639 1501 1896 1554 humanae
1936 1501 2113 1555 condi-

1125 1576 1293 1628 tionis,
1335 1594 1360 1624 »
1393 1604 1465 1615 —
1493 1575 1636 1638 Quod
1675 1576 1860 1628 attinet
1897 1575 1961 1628 ad
2003 1591 2117 1644 ope·

1126 1650 1367 1711 rationeS,
1411 1648 1570 1717 Serqii
1628 1649 1804 1702 fraude
1870 1650 2115 1719 deceptus

1123 1725 1424 1791 approbavit
1445 1723 1699 1776 Honorius
1713 1724 1775 1776 ad
1795 1740 1954 1776 novas
1976 1739 2118 1794 prae-

1125 1799 1381 1850 cavendas
1422 1799 1765 1867 quaestiones,
1811 1814 1876 1850 ne
1915 1801 1966 1850 in
2034 1815 2118 1867 po-

1125 1878 1317 1924 sterum
1360 1888 1461 1924 una
1504 1872 1584 1923 vel
1626 1874 1831 1938 gemina
1858 1872 2117 1926 diceretur

1126 1948 1386 2014 operati03
1431 1946 1550 2014 quia
1601 1946 1795 1999 scilicet
1853 1947 2118 2014 spectabat

1126 2021 1260 2073 hanc
1282 2021 1747 2074 denominationem
1773 2021 2119 2074 utdiscordia-

1127 2112 1240 2148 rum
1281 2103 1532 2163 segetem,
1576 2111 1808 2165 quaeque
1851 2096 2016 2164 potius
2054 2095 2118 2147 ad

1127 2171 1517 2237 grammaticam
1577 2186 1732 2238 quam
1772 2169 1835 2222 ad
1877 2170 2118 2222 ecclesia-

1126 2245 1252 2298 stica
1292 2245 1532 2312 dogmata
1572 2245 1870 2312 pertineret.
1903 2244 1978 2296 En
2008 2259 2121 2296 rur-

1127 2335 1214 2371 sus
1255 2320 1363 2371 eius
1406 2318 1598 2370 verba:
1648 2317 1891 2371 «Utrum
1946 2324 2121 2371 autem

1131 2400 1333 2460 propter
1372 2408 1523 2459 opera
1552 2392 1834 2444 divinitatis
1861 2398 1912 2443 et
1940 2391 2122 2444 huma·

1131 2468 1302 2519 nitatis
1343 2483 1464 2527 una,
1508 2482 1573 2518 an
1614 2467 1849 2533 geminae
1872 2467 2122 2533 operatio·

1130 2559 1221 2593 nes
1262 2541 1485 2594 debeant
1514 2540 1779 2594 derivatae
1808 2540 1907 2592 dici
1934 2539 2016 2592 vel
2047 2540 2122 2592 in-

1132 2615 1313 2681 telligi,
1357 2615 1419 2667 ad
1462 2630 1554 2667 nos
1596 2615 1693 2666 ista
1735 2615 1991 2684 pertinere
2018 2630 2120 2667 non

1130 2690 1336 2749 debent,
1381 2688 1730 2758 relinquentes
1766 2705 1827 2740 ea
1866 2704 2124 2755 gramma-

1131 2764 1263 2826 tieiS,
1306 2764 1390 2832 qui
1420 2763 1585 2815 solent
1613 2763 1841 2831 parvulis
1869 2764 2125 2832 exquisita

1130 2838 1410 2890 derivando
1476 2838 1681 2890 nomina
1746 2837 2033 2890 venditare.
2092 2856 2120 2887 »

1132 2941 1203 2951 -·
1254 2911 1527 2964 Caeterum
1589 2912 1872 2963 doctrinam
1913 2910 2125 2963 catholi-

1132 3002 1245 3037 cam
1287 2986 1452 3054 quoad
1495 2986 1621 3038 duas
1661 2983 1847 3038 Christi
1876 2986 2125 3054 operatio·

1136 3076 1226 3111 nes
1263 3059 1542 3112 Honorium
1582 3060 1828 3121 tenuisse,
1858 3060 2127 3112 evidenter

1135 3134 1455 3195 ostendunt,
1499 3149 1630 3202 quae
1691 3133 1742 3184 in
1799 3133 1896 3195 Ep.
1958 3133 2001 3185 ll
2061 3132 2125 3185 ad

1135 3208 1371 3273 &effigium
1415 3205 1492 3277 (ἦ)
1533 3208 1765 3275 scripsit:
1814 3226 1836 3257 α
1869 3206 2127 3275 Utrasque

1137 3288 1350 3334 naturas
1407 3282 1459 3333 in
1527 3296 1628 3333 uno
1659 3281 1887 3335 'Christo
1931 3283 2128 3333 unitate

1138 3354 1358 3406 naturali
1411 3355 1689 3422 ,copulatas
1747 3371 1868 3410 cum
1912 3355 2128 3408 alterius

1181 3455 1232 3500 (2)
1258 3456 1298 3494 V.
1323 3456 1408 3500 Syn.
1433 3456 1469 3501 ⁶,
1493 3461 1566 3492 act.
1588 3456 1645 3494 12.
