2332 3860
280 120 385 174 928&

610 133 674 170 ne
710 132 804 170 neo
842 131 894 170 m
932 132 1207 171 asemona
1246 135 1309 171 An
1341 124 1842 174 ununnu’sr'i'scrxro.

210 234 354 273 mnes
394 212 601 285 regulas
639 214 1054 267 hermeneuticas
1082 231 1203 267 con·
1264 216 1399 269 niam
1454 232 1591 285 saepe
1646 216 1946 289 compedibus
1988 225 2034 272 et
2071 207 2260 275 camnis?
2320 264 2325 265 γ

212 289 567 363 torqueantur,
610 306 712 342 non
736 295 950 358 possunt
977 289 1202 342 demor-
1265 291 1468 353 vinctus,
1500 288 2011 361 dirupisset‘catenas‚
2041 301 2084 345 et
2105 294 2259 348 'com-¹

211 368 287 420 bis
324 363 464 419 mere
492 349 814 418 naturalibus
841 365 1048 431 exponi.
1081 363 1201 416 Tale

212 438 509 510 exemplum
551 439 815 491 invenitur
839 437 1025 490 Μαίη).
1060 436 1197 500 vill,

209 511 279 568 ‘28
319 521 446 577 ete,
478 514 563 566 ubi
594 513 720 564 haec
759 511 821 563 de
868 510 1031 563 Cristo
1085 528 1202 563 nar-

210 595 421 642 rantur:
452 584 590 639 'Cum
637 586 840 637 venisset
879 586 931 636 in
958 585 1199 654 regionem

210 661 568 715 Gerasenorum
584 667 912 712 occurrerunt
935 659 981 711 ei
999 661 1092 711 duo
1121 661 1203 712 ba-

213 738 367 788 benles
393 737 671 792 daemonia,
703 734 759 786 de
786 734 1109 786 monumentis
1160 750 1203 786 e-

210 818 431 871 xeuntes,
465 809 593 862 saevi
635 808 820 869 nimis,
853 807 920 859 ila
973 815 1025 859 ut
1065 825 1202 860 nemo

208 892 362 953 posset
415 882 629 935 transire
661 897 752 951 per
780 882 904 933 viam
933 880 1088 933 illam.
1138 883 1201 934 Ει

209 974 308 1011 ecce
370 957 698 1011 clamaverunt
758 956 997 1007 dicentes:
1073 955 1199 1019 Quid

211 1032 346 1084 uobis
372 1039 415 1083 et
439 1031 546 1090 tibi,
571 1030 682 1082 Iesu
710 1028 831 1080 Filii
858 1029 948 1080 Dei
964 1029 987 1081 ἓ
1023 1030 1202 1082 Venisti

211 1107 303 1158 buc
323 1104 439 1158 'ante
469 1114 649 1173 tempas
679 1112 901 1170 torquere
930 1104 1046 1155 nos?
1076 1105 1200 1155 Erat

211 1189 372 1233 atatem
400 1196 495 1231 non
525 1179 658 1245 Ionae
686 1178 747 1229 ab
774 1177 876 1229 illis
902 1193 1024 1245 prece
1069 1179 1193 1230 mul-

211 1262 371 1306 lorum
390 1268 656 1324 porcorum
679 1267 895 1322 pascens.
939 1252 1202 1304 Daemones

186 1336 374 1382 ‚autem
423 1327 658 1395 royabant
709 1340 818 1377 eum
870 1326 1109 1388 dicenee35
1159 1327 1203 1379 si

209 1401 343 1454 eiicis
364 1417 450 1453 nos
469 1401 601 1461 hinc,
630 1401 766 1451 mille
802 1415 886 1450 nos
913 1401 965 1451 in
1011 1417 1199 1468 yreqem

208 1491 484 1544 porcorum.
519 1476 584 1527 Et
612 1476 680 1526 ait
702 1474 831 1526 illis:
878 1473 961 1525 ite.
1014 1473 1077 1526 At
1124 1475 1201 1526 illi

211 1558 440 1602 exeuntes
468 1549 693 1601 abierunt
720 1549 771 1599 in
796 1564 983 1617 porcos,
1033 1555 1075 1600 et
1104 1564 1201 1600 ecee

212 1627 392 1694 impetu
421 1624 540 1676 abiit
569 1631 694 1674 tolus
714 1638 840 1689 qrex
859 1638 950 1690 per
978 1637 1202 1691 praeceps

211 1700 260 1749 in
304 1714 459 1760 mare,
490 1697 739 1749 etmortui
775 1704 891 1748 sum
939 1702 990 1747 in
1035 1697 1195 1765 aquis.

212 1772 350 1824 Inter
391 1773 513 1824 istos
553 1772 678 1822 duos
707 1771 1064 1822 daemoniacos
1094 1788 1203 1839 pro-

210 1846 427 1898 babilius
487 1845 622 1896 unus
695 1845 917 1896 alterum
989 1846 1200 1896 saevitia

211 1919 509 1988 superabat,
553 1918 819 1986 magisque
858 1925 1010 1970 notus
1067 1926 1197 1979 erat,

213 1994 275 2046 de
315 2009 415 2062 quo
455 1993 737 2062 loquuntur
794 1992 952 2043 Marc.
1011 1991 1108 2063 (l),
1153 2000 1200 2044 et

213 2067 335 2119 Luc.
383 2065 459 2139 (⁹2)
512 2067 726 2118 eandem
768 2065 1031 2118 historiam
1074 2066 1201 2118 refe-

213 2147 404 2193 renteS.
450 2139 555 2192 Iam
597 2141 709 2209 quis
766 2141 1110 2192 narrationem
1164 2142 1201 2192 i-

212 2222 346 2268 stam
402 2214 463 2266 de
523 2215 699 2266 morbo
757 2229 897 2267 mere
957 2214 1197 2276 naturali,

215 2290 337 2358 quin
379 2289 541 2341 textui
586 2288 918 2350 viminferat‚
949 2288 1201 2356 interpre-

214 2364 309 2415 tari
352 2361 582 2431 poterit?
636 2391 702 2400 ·-
757 2361 904 2416 Vires
943 2362 1197 2422 insolitae,

213 2437 398 2506 quibus
437 2437 517 2488 isti
551 2436 804 2488 daemonia
832 2436 1052 2488 habentes
1078 2437 1203 2489 aiios

215 2511 559 2572 invadebant,
617 2526 716 2562 non
777 2517 988 2579 possunt
1028 2512 1203 2563 morbo

216 2584 439 2649 naturali
479 2584 735 2646 adscribi,
778 2586 863 2653 qui
914 2585 1079 2652 potius
1113 2585 1200 2636 ho-

217 2660 381 2711 mines
421 2658 673 2718 debilitat,
716 2665 806 2710 aut
858 2658 1039 2710 saltem
1103 2675 1200 2710 non

217 2748 307 2800 per
347 2733 553 2799 longum
596 2739 798 2799 tempus
837 2731 1098 2784 insolitum
1127 2749 1203 2784 ro-

217 2806 315 2858 bur
372 2807 601 2874 praebet.
665 2805 913 2858 Amentes
969 2806 1201 2882 equidem

219 2886 270 2931 et
308 2880 481 2931 furiosi
524 2880 750 2932 maximo
779 2880 958 2932 robore
989 2880 1202 2948 praediti

219 2969 332 3006 esse
371 2953 564 3018 solent3
607 2954 695 3006 sed
739 2961 910 3006 tamen
950 2954 1012 3004 de
1066 2969 1203 3006 mere

220 3027 524 3079 naturaliter
564 3028 852 3080 insaniente
893 3027 995 3080 tate
1035 3043 1207 3079 exem-

219 3100 363 3171 plum
401 3102 594 3152 ostendi
639 3103 832 3171 nequit,
875 3101 1026 3170 quate
1072 3118 1100 3153 a
1149 3101 1199 3155 S.

219 3171 480 3246 Marcoffi)
505 3174 741 3236 refertur,
767 3176 829 3227 de
851 3192 953 3228 uno
975 3191 1038 3227 ex
1063 3191 1207 3244 prae-

219 3249 368 3302 dictis
407 3247 647 3299 dicente:
681 3249 849 3316 Neque
887 3249 1066 3302 catenis
1105 3251 1207 3302 iam

1224 395 1226 397 >
1261 367 1400 431 pedes
1426 368 1805 426 comminuisset,
1835 375 1878 418 et
1898 382 2039 419 nemo
2059 365 2279 436 poterat)

1263 454 1370 489 eum
1397 439 1596 493 domare
1619 438 1714 511 (lt).
1748 439 1870 492 Tam
1891 441 2251 495 extraordina-

1266 513 1368 564 riae
1397 514 1530 564 vires
1552 513 1750 566 nonnisi
1781 513 2115 568 daemonibus
2141 531 2254 569 cor·

1266 602 1384 653 pora
1412 586 1765 639 obsidentibus
1786 587 2004 642 adscribi
2024 596 2252 657 possunt.

1266 660 1535 713 Praeterea
1602 662 1879 714 daemones
1948 664 2253 716 mandatum

1265 734 1449 787 Christi
1478 751 1506 787 e
1533 737 1831 803 corporibus
1860 738 2080 789 exeundi
2111 753 2256 807 prae·

1264 809 1547 861 sentientes
1589 810 1873 871 clamasse,-
1892 817 1944 862 et
1963 826 2028 863 ne
2049 816 2254 881 torque-'-

1264 889 1417 934 antur
1477 899 1684 950 rogasse
1718 884 2021 946 dicuntur,
2083 885 2253 939 lesum

1269 955 1450 1008 Filium
1509 956 1601 1008 Dei
1659 957 2051 1026 praedicantes:
2121 975 2255 1028 quae

1263 1031 1416 1083 verba
1460 1032 1658 1082 nonnisi
1694 1032 1867 1100 inepte
1914 1033 2036 1101 ipsis
2088 1033 2253 1103 homi·

1266 1105 1413 1157 nibus
1455 1106 1787 1167 tribuuntur,
1831 1107 1917 1175 qui
1959 1106 2040 1158 vei
2083 1106 2254 1160 Iesum

1267 1194 1362 1230 non
1384 1187 1653 1241 noverant,
1675 1180 1753 1231 vet
1783 1181 1824 1232 si
1854 1181 1915 1231 de
1945 1181 2077 1233 sama
2102 1181 2254 1235 mira·

1263 1253 1494 1304 culorum
1536 1255 1647 1305 cius
1685 1254 1803 1322 quid
1829 1254 2119 1316 audierant,
2151 1271 2255 1308 non

1264 1334 1578 1379 tormentum
1618 1329 1705 1379 sed
1747 1328 2105 1380 liberationem
2141 1345 2255 1398 spe·

1266 1417 1377 1452 rare
1398 1401 1805 1453 debebant.Luc.
1838 1400 1931 1462 ΧΙ,
1966 1403 2033 1454 lli
2064 1409 2114 1454 et
2141 1419 2250 1474 seq.

1263 1476 1450 1526 [licitur
1490 1476 1550 1526 de
1591 1475 1830 1527 Christo:
1875 1476 2001 1527 Erat
2059 1477 2255 1531 eiiciens

1264 1550 1591 1610 daemonium,
1626 1558 1666 1601 et
1697 1549 1819 1601 illud
1845 1558 1948 1601 erat
1969 1559 2184 1603 mutum:
2213 1559 2257 1603 et

1265 1639 1373 1674 cum
1413 1624 1621 1675 eiecisset
1680 1624 2007 1686 daemonium,
2072 1625 2258 1679 loculus

1264 1705 1330 1749 est
1369 1705 1551 1759 mulus,
1596 1705 1639 1749 et
1677 1698 1949 1750 admiratae
1988 1707 2104 1750 suut
2152 1708 2257 1753 tur·

1265 1772 1365 1823 bae.
1417 1802 1489 1809 —-
1522 1771 1698 1839 Inepte
1737 1787 1863 1823 sane
1902 1772 2029 1825 haec
2070 1789 2173 1826 vox
2206 1789 2255 1826 e-

1266 1847 1408 1897 iicere
1448 1846 1523 1896 bis
1576 1846 1924 1913 adhiberetur,
1992 1848 2057 1899 si·
2091 1848 2255 1899 solum

1265 1919 1326 1970 de
1354 1920 1618 1971 curatione
1642 1920 1891 1972 naturalis
1915 1920 2147 1974 defectus
2168 1937 2257 1973 au-

1266 1994 1396 2045 rium
1456 1993 1537 2045 vet
1599 1994 1805 2061 linguae
1864 2002 2033 2048 sermo
2087 2003 2252 2060 esset;

1265 2068 1382 2136 quid
1426 2067 1613 2119 etenim
1657 2069 1705 2120 in
1749 2068 1835 2120 tali
1878 2084 2000 2120 casu
2047 2070 2111 2122 ab
2169 2069 2257 2121 ho·

1266 2143 1403 2193 mine
1425 2143 1644 2194 eiectum
1676 2140 1839 2194 esset?
1871 2141 1967 2211 Ipsi
2000 2142 2256 2195 Pharisaei

1267 2213 1341 2286 (5)
1393 2231 1491 2268 non
1554 2214 1935 2279 diffitebantur,
1997 2216 2258 2270 Christum

1267 2304 1445 2341 revera
1488 2289 1792 2342 daemonem
1832 2291 2041 2344 eiecisse
2057 2310 2072 2355 3
2116 2291 2257 2343 dixe·

1269 2371 1387 2415 runt
1427 2365 1596 2416 enim:
1639 2365 1735 2416 Hic
1773 2381 1871 2416 non
1911 2366 2040 2416 eiicil
2066 2365 2259 2417 doemo-

1266 2453 1366 2499 nes,
1411 2438 1509 2488 uisi
1549 2439 1601 2489 in
1626 2438 1887 2491 Beelzebub
1907 2438 2128 2507 principe
2150 2439 2258 2490 (ἰαθ-Δ

1268 2511 1567 2571 martiorum,
1611 2529 1640 2564 a
1680 2527 1776 2580 qua
1819 2513 2127 2579 gravissima
2176 2528 2259 2564 ca-

1269 2585 1460 2635 lumnia
1488 2585 1744 2644 ChristuS,'
1772 2592 1825 2636 ut
1854 2601 1908 2636 se
1936 2585 2254 2646 defenderet,

1268 2660 1369 2709 ait:
1413 2657 1473 2711 Si
1517 2657 1731 2711 Satanas
1790 2657 2029 2711 Salonam
2085 2659 2215 2712 eiieit
2242 2699 2254 2720 ‚

1268 2732 1499 2783 adversus
1538 2747 1590 2784 se
1641 2733 1823 2785 divisus
1869 2742 1935 2783 est
1968 2774 1979 2792 ‚
2024 2733 2264 2801 quomodo

1266 2822 1376 2873 erqo
1415 2805 1558 2857 scabit
1585 2821 1788 2874 reqnum
1827 2806 1978 2858 eius?
2015 2814 2058 2858 et
2102 2807 2146 2858 si
2177 2812 2259 2874 eqo

1267 2880 1318 2931 in
1358 2870 1618 2932 Beelzebub
1655 2881 1794 2932 eiicio
1832 2881 2111 2942 daemones,
2166 2880 2259 2945 ficio·

1270 2955 1484 3005 vestrim
1523 2970 1617 3022 quo
1655 2954 1891 3007 eiiciant?
1931 2954 2034 3005 ideo
2056 2954 2154 3022 ipsi
2174 2955 2258 3005 ia-

1269 3028 1392 3078 dices
1432 3031 1579 3079 vestri
1619 3036 1779 3080 erum.
1810 3026 2051 3079 Si'autem
2077 3043 2160 3094 eyo
2205 3028 2254 3076 iu

1269 3100 1447 3168 spiritu
1485 3101 1578 3152 Dei
1608 3102 1747 3153 eiicio
1798 3101 2067 3159 daemones,
2105 3101 2251 3168 iyitur

1267 3174 1484 3242 pervenit
1524 3175 1577 3226 in
1618 3191 1693 3227 vos
1749 3182 1957 3242 reynum
1995 3173 2102 3225 ‘Dei
2156 3171 2252 3243 (6).
2327 3175 2332 3178 ’

1271 3247 1501 3298 Christus
1539 3249 1613 3299 sic
1659 3250 1918 3309 ostendit,
1980 3246 2265 3301 absurdam*¹

220 3323 482 3399 quisquam
517 3329 702 3391 pol-erat
739 3338 848 3375 eum
889 3323 1072 3392 liyare:
1095 3339 1210 3393 quo·
1247 3313 1380 3373 ⁴esse
1406 3322 1811 3375 criminationem
1839 3321 2252 3382 Pharisaeorum.
2323 3367 2332 3386 2

319 3400 326 3426 ι
364 3411 386 3419 1·
419 3408 425 3419 ι
589 3401 608 3426 e·
709 3408 713 3413 ,
802 3407 807 3414 ·
1826 3403 1829 3406 ⁴
1913 3416 1919 3423 .
2221 3411 2261 3429 «,
2308 3403 2316 3406 -

265 3423 376 3545 aiz:
394 3422 550 3534 aa*
580 3427 584 3430 ’
640 3426 642 3429 ’
852 3494 903 3540 w,
928 3496 961 3540 ⁵,
987 3495 1019 3541 2,

1315 3451 1367 3540 ξι)
1392 3451 1443 3486 cr.
1466 3452 1552 3486 Luc.
1579 3421 1613 3493 s,
1638 3452 1694 3487 29.
1755 3423 1758 3426 ’

1333 3495 1369 3540 5)
1393 3496 1515 3531 Manu.
1551 3495 1606 3539 u,
1630 3494 1701 3531 αι»
1772 3507 1777 3510 -
1888 3494 1939 3539 (o)
1965 3493 2090 3532 uatus.
2111 3492 2172 3538 ⁴12,
