2332 3860
297 189 404 243 hoo

220 287 326 342 Eas
365 286 707 357 undequaque
733 287 956 356 primum
978 287 1214 355 regulam

221 361 505 430 praefixam
568 377 668 414 non
739 361 946 423 habeat,
1002 367 1212 413 etcum

221 435 294 488 nil
332 435 452 489 boni
493 436 575 502 sit,
616 435 711 487 nisi
759 451 790 486 a
847 435 974 497 De0,
1042 436 1214 503 inepte

220 522 430 578 prorsus
470 509 677 561 dicitur:
724 509 918 561 bonum
957 516 1110 575 esset,
1161 515 1215 560 ut

220 584 360 638 Deus
399 583 497 636 hoc
536 583 619 635 vel
679 581 808 635 iliud
874 583 1065 635 faceret
1129 582 1215 634 vel

221 658 518 727 largiretur.
578 655 851 710 Undenam
908 657 957 708 id
1023 657 1214 709 bonum

220 739 377 793 esset,
421 732 461 783 si
502 746 531 783 a
572 731 678 783 Deo
718 731 911 782 bonum
954 746 1053 783 non
1097 729 1215 782 est?

219 805 387 874 Atque
426 821 492 857 ex
532 805 710 857 eadem
753 805 951 857 ratione
1009 806 1215 857 omnino

219 879 407 933 falsum
447 885 524 931 est
565 879 755 938 dicere,
802 878 966 930 Deum
1023 878 1214 948 aliquid

219 952 503 1021 negligere,
548 953 683 1021 quod
724 953 914 1004 bonum
963 960 1096 1004 esset
1160 960 1217 1003 ut

219 1029 430 1087 faceret,
472 1033 563 1078 aut
605 1026 895 1091 largiretur.
962 1025 1214 1095 Quidquid

219 1102 359 1154 Deus
384 1100 514 1152 -vult
552 1107 642 1152 aut
683 1101 822 1162 facit,
868 1101 1061 1153 bonum
1102 1107 1211 1152 est:

218 1174 422 1244 siquid
463 1180 638 1226 autem
702 1174 840 1226 Deus
901 1175 1067 1226 facere
1127 1182 1216 1226 aut

218 1249 396 1316 largiri
439 1263 538 1299 non
581 1247 714 1308 vult,
759 1263 823 1300 ne
863 1249 1056 1300 bonum
1102 1249 1214 1317 qui-

220 1322 337 1374 dem
378 1329 552 1383 esset,
598 1328 655 1374 ut
704 1321 829 1372 iliud
872 1323 1062 1373 faceret
1135 1322 1213 1373 vel

218 1396 558 1449 concederet:
629 1402 942 1464 quapropter
1016 1396 1216 1447 bonitas

219 1469 394 1521 divina
438 1484 701 1538 nunquam
742 1469 934 1532 deficit,
967 1470 1055 1521 sed
1083 1485 1215 1521 sem-

220 1559 310 1612 per
350 1542 551 1594 infinita
594 1549 786 1595 manet.

293 1616 401 1670 obi.
435 1618 522 1668 2⁸
555 1616 878 1668 Providentia
912 1615 1213 1669 beatitudini

217 1701 269 1744 et
335 1691 590 1743 maiestati
643 1690 733 1742 Dei
793 1691 1048 1743 contraria
1114 1698 1209 1742 est.

217 1764 346 1817 Nam
388 1765 701 1833 impossibile
741 1772 818 1817 est
845 1764 1214 1817 beatitudinem

218 1839 311 1891 Dei
356 1855 453 1891 non
497 1840 823 1900 conturbari,
867 1854 985 1891 cum
1019 1846 1213 1891 tantam

219 1929 394 1965 rerum
459 1912 842 1965 multitudinem
908 1914 1214 1979 cogitatione

218 1987 514 2054 complecti,
559 1994 611 2038 et
669 1988 839 2038 omnia
898 1993 950 2039 et
1012 1987 1214 2053 singula

220 2060 512 2129 disponere,
570 2076 879 2112 conservare
937 2067 988 2112 et
1029 2062 1215 2128 guber-

219 2151 348 2187 nare
413 2135 630 2198 debeat3
689 2136 898 2203 insuper
939 2141 1068 2186 teste
1106 2136 1214 2203 ipsa

216 2208 272 2261 S.
303 2208 590 2276 Scriptura,
623 2223 777 2276 saepe
803 2209 866 2260 ad
895 2209 1214 2261 iracundiam

219 2289 548 2351 provocatur,
592 2298 710 2334 cum
751 2282 937 2333 dantur
976 2283 1096 2334 mali
1125 2300 1215 2335 an-

218 2356 319 2423 geli
337 2357 667 2425 hominesque
692 2358 937 2423 perversi,
963 2358 1048 2426 qui
1073 2373 1216 2410 man-

219 2430 339 2483 data
379 2431 489 2483 eius
531 2447 630 2482 non
670 2438 1119 2499 exequuntur‚-et
1177 2433 1216 2483 i-

219 2505 359 2571 psius
399 2504 623 2557 consiliis
662 2521 718 2556 se
745 2512 1025 2572 opponunt.
1059 2504 1215 2557 Porro

219 2579 489 2630 maiestate
546 2578 720 2630 divina
780 2579 1048 2646 indignum
1113 2586 1210 2638 est,

219 2668 302 2703 res
343 2651 560 2704 vilessset
603 2654 971 2705 minutissimas
1006 2669 1207 2705 curare.

220 2723 385 2791 Reges
426 2727 579 2778 etiam
622 2726 832 2778 humani
871 2727 935 2778 ad
977 2727 1098 2779 vilia
1133 2727 1215 2779 de-

224 2799 468 2852 scendere
508 2800 777 2866 indignum
817 2807 1020 2868 putant,
1083 2817 1213 2868 quae

222 2873 365 2940 proin
410 2889 497 2940 per
537 2875 798 2927 ministros
835 2881 1038 2926 curant.
1082 2874 1214 2941 Ergo

221 2946 317 2997 hoc
359 2946 491 2998 idem
528 2948 589 3000 de
630 2949 735 3001 Deo
763 2948 1034 3000 dicendum
1069 2955 1164 3000 est.

293 3018 434 3086 Resp.
466 3021 558 3083 Qui
601 3022 722 3074 talia
780 3023 1025 3075 obiiciunt
1080 3038 1215 3074 cras-

220 3107 334 3146 sam
376 3093 438 3143 de
478 3094 581 3146 Deo
611 3097 820 3164 eiusque
841 3097 1100 3149 attributis
1132 3112 1215 3147 no-

229 3165 388 3218 titiam
429 3168 667 3233 produnt,
699 3177 751 3221 et
776 3171 948 3222 divina
978 3171 1213 3222 humanis

227 3239 525 3291 metiuntur.
571 3241 769 3294 Homini
811 3244 1046 3312 equidem
1090 3245 1215 3296 mui-

227 3318 395 3365 tarum
437 3329 608 3365 rerum
647 3331 770 3366 cura
819 3318 1031 3369 molesia
1073 3326 1123 3370 et
1162 3335 1215 3369 o-

225 3401 406 3438 nerosa
444 3387 632 3438 accidit
663 3428 675 3448 ‚
720 3405 899 3442 verum
945 3393 1078 3443 Deus
1128 3393 1211 3460 qui

224 3461 466 3525 omnibus
481 3462 765 3512 substantia
790 3471 840 3514 et
859 3466 1046 3516 virtute
1070 3481 1213 3533 prae-

222 3549 344 3587 sens
377 3541 479 3602 ·est,
517 3534 676 3588 labori
715 3541 766 3588 et
806 3535 1067 3591 molestiae
1126 3540 1216 3592 mi-

2124 65 2182 121 '3

583 206 665 244 ’ΒΕ
702 174 796 243 DE&
837 207 887 243 ΙΝ
923 205 1197 244 RELATIONE
1234 205 1300 243 An
1337 199 1542 243 MUNDUM
1578 202 1845 246 seucum.

1271 287 1412 339 nime
1446 286 1706 340 obnoxius
1732 293 1831 340 cst.
1859 285 2272 341 Noenum-cova
2289 290 2302 340 ,¹

1277 376 1397 429 pore
1437 367 1656 422 constat,
1700 367 1758 414 ut
1797 358 2126 430 defatigetur,
2164 360 2332 430 *necg

1279 433 1626 487 membrorum
1654 435 1939 488 ministerio
1967 437 2149 496 utitur,
2180 434 2273 488 sed
2308 470 2311 473 -

1279 507 1547 560 intellectu
1587 508 1837 562 duntaxat
1874 509 2059 577 agitet
2087 507 2274 561 volun-

1278 582 1397 635 tatis
1437 582 1671 650 imperio,
1710 589 1767 634 et
1802 584 2006 635 actione
2042 583 2193 641 unica
2213 597 2276 635 ac

1277 655 1653 725 simplicissima
1664 655 1904 709 universa
1918 655 2276 724 complectitur

1279 736 1330 782 et
1370 730 1685 782 moderatur.
1715 757 1789 768 ——
1815 729 1991 799 Neque
2031 729 2122 781 Dei
2158 730 2276 782 bea·

1280 803 1442 856 titudo
1464 820 1554 871 per
1575 809 1784 871 peccata
1812 804 2079 857 bominum
2114 803 2275 856 minui

1279 884 1370 930 aut
1411 879 1701 945 perturbari
1730 884 1916 946 potest.
1939 877 2077 930 Deus
2098 883 2276 945 utpote

1279 952 1689 1018 simplicissimus
1756 958 1808 1003 et
1873 952 2276 1019 perfectissimus

1281 1026 1603 1093 passionibus
1632 1027 1775 1093 tangi
1803 1027 2010 1094 nequit,
2043 1040 2140 1077 nec
2167 1040 2276 1093 pro-

1281 1101 1397 1151 inde
1439 1101 1544 1160 ira,
1578 1099 1765 1161 medic,
1811 1099 2005 1161 dolore,
2049 1104 2141 1151 aut
2172 1097 2277 1151 ulla

1279 1175 1434 1225 animi
1476 1174 1786 1242 aegrimonia
1810 1173 2050 1226 afficitur.
2088 1171 2275 1234 Irasci,

1279 1247 1470 1309 dolere,
1516 1249 1776 1316 poenitere
1823 1249 1874 1298 in
1915 1246 1969 1299 S.
2015 1245 2279 1314 Scriptura

1280 1322 1552 1389 improprie
1603 1322 1788 1372 dicitur
1833 1319 1892 1390 (S
1929 1318 2041 1389 fili).
2093 1319 2279 1372 Pecca-

1281 1403 1415 1447 tores
1455 1411 1576 1462 ergo
1616 1410 1783 1455 suam,
1830 1410 1929 1446 non
1971 1393 2063 1445 Dei
2118 1393 2279 1445 beati·

1281 1469 1512 1520 tudinem
1556 1469 1887 1520 labefactant.
1921 1466 1986 1519 Et
2012 1481 2132 1518 cum
2161 1466 2279 1519 finis

1280 1543 1451 1594 totalis
1491 1544 1540 1594 in
1583 1542 1820 1594 omnibus
1859 1541 2175 1602 obtineatur,
2228 1547 2279 1593 et

1280 1617 1371 1684 ipsi
1415 1623 1740 1684 peccatores,
1802 1615 2039 1684 quamvis
2104 1615 2275 1676 inviti,

1278 1690 1493 1756 gloriam
1533 1691 1631 1743 Dei
1662 1696 1984 1758 promovent,
2015 1689 2099 1758 qui
2130 1695 2188 1741 ut
2213 1688 2277 1742 de

1278 1766 1557 1826 attributis,
1602 1765 1671 1816 ita
1712 1771 1765 1816 et
1803 1764 1867 1815 de
1906 1765 2107 1815 cunctis
2159 1777 2279 1831 ope·
2308 1787 2320 1804 κ

1281 1839 1418 1891 ribus
1458 1839 1640 1891 merito
1699 1838 1942 1891 laetatur.
2006 1838 2277 1890 Absonum

1279 1929 1479 1981 quoque
1519 1919 1596 1964 est
1637 1911 1827 1974 dicere,
1859 1911 2132 1979 indignum
2162 1926 2276 1964 esse

1279 1987 1453 2038 divina
1493 1987 1759 2038 maiestate
1801 2001 1885 2038 res
1925 1986 2054 2037 viles
2095 1992 2147 2038 et
2187 1985 2277 2038 mi·

1281 2062 1574 2113 notissimas
1622 2075 1823 2114 curare.
1889 2058 2017 2112 Nam
2082 2060 2125 2112 si
2183 2059 2294 2113 has*

1279 2151 1454 2186 creare
1495 2135 1601 2187 Deo
1642 2134 1909 2199 indignum
1969 2149 2071 2186 non
2138 2132 2272 2197 ruit,

1279 2210 1431 2260 etiam
1473 2225 1573 2260 non
1615 2208 1830 2260 dedecet
1869 2209 2038 2276 ipsum
2065 2205 2274 2260 easdem

1278 2298 1583 2335 conservare
1624 2290 1674 2335 et
1707 2283 2016 2348 gubernare.
2064 2281 2118 2334 ln
2155 2296 2274 2334 con·

1277 2364 1456 2424 spectu
1496 2356 1586 2408 Dei
1619 2357 1740 2408 nihii
1773 2372 1989 2424 parvum
2017 2362 2114 2416 est,
2148 2371 2273 2424 quo·

1280 2434 1415 2482 niam
1460 2446 1633 2483 coram
1684 2432 1793 2498 ipso
1850 2430 1973 2482 nihil
2028 2445 2273 2496 magnum

1278 2512 1373 2557 est.
1417 2503 1468 2556 Si
1512 2505 1736 2557 tenuitas
1783 2519 1959 2556 rerum
2011 2502 2274 2555 sufficiens

1278 2579 1405 2631 ratio
1445 2586 1599 2640 essct,
1643 2593 1730 2630 eas
1789 2578 1993 2629 divinae
2052 2575 2272 2629 admini-

1276 2653 1507 2704 strationi
1550 2651 1906 2712 subtrahendi,
1950 2651 2087 2702 idem
2146 2666 2269 2719 ergo

1277 2727 1430 2778 etiam
1471 2725 1534 2778 de
1591 2725 2044 2778 excellentioribus
2097 2724 2269 2777 dicen·
2320 2783 2325 2786 ,

1276 2801 1399 2851 dum
1439 2805 1591 2852 esset.
1659 2827 1712 2839 —
1765 2799 1872 2851 Deo
1912 2799 2125 2864 dignum
2168 2805 2267 2862 est,

1276 2874 1501 2925 infinitas
1539 2890 1660 2926 suas
1693 2874 2027 2941 perfectiones
2055 2873 2273 2925 manife-
2306 2866 2318 2941 ’ᾗ

1276 2956 1444 2999 stare:
1480 2949 1606 3000 istae
1645 2955 1818 3000 autem
1848 2964 1915 2999 ex
1939 2947 2166 2998 minimis
2187 2962 2272 2998 ae·
2316 2980 2325 3015 3

1276 3037 1406 3090 quae
1445 3038 1507 3074 ac
1545 3039 1611 3075 ex
1652 3023 1851 3089 magnis
1892 3020 2142 3072 relucent.
2193 3019 2271 3072 E·
2306 3037 2332 3091 g}

1276 3096 1534 3163 xempium
1578 3098 1712 3162 regis
1759 3096 1977 3147 humani
1999 3095 2269 3163 paritatem
2305 3094 2319 3146 .”

1279 3170 1472 3221 nuliam
1538 3171 1740 3222 retinet.
1803 3169 1970 3235 Reges
2030 3167 2265 3229 humani,
2297 3171 2307 3206 ὲ

1276 3258 1494 3312 quorum
1534 3244 1669 3294 vires
1712 3243 2050 3311 undequaque
2078 3240 2290 3292 limita-⁵·

1277 3324 1357 3369 tae
1397 3323 1536 3377 sunt,
1580 3318 1815 3368 omnibus
1847 3315 2089 3367 curandis
2119 3311 2295 3382 pares²

1275 3406 1386 3443 esse
1427 3406 1528 3441 non
1571 3398 1819 3458 possunt3
1860 3403 2021 3456 quare
2086 3398 2273 3440 curam>¹

1276 3467 1336 3516 de
1377 3464 1529 3516 rebus
1560 3462 2074 3515 rminutis-ministris
2129 3455 2284 3538 coin}⁵<

1278 3540 1507 3599 mittunt,
1552 3553 1730 3590 verum
1760 3537 1912 3590 Deus·
1940 3538 2285 3606 erumpemus
