2332 3860
333 209 439 264 Ml}

261 309 475 362 et‘sicut
500 321 653 359 suum
686 303 975 373 intelligere
1002 311 1079 356 est
1100 318 1261 355 suum

262 398 398 443 esse,
441 382 514 434 ita
551 395 702 434 suum
748 379 948 432 velle...
1003 376 1079 448 (l)
1133 391 1254 429 cum

259 456 506 509 voluntas
543 455 637 508 Dei
677 456 743 506 sit
782 454 892 505 eius
926 453 1187 505 Essentia.
1222 470 1247 499 »

262 529 308 600 b)
349 528 586 583 Humana
632 528 871 580 voluntas
929 528 992 580 ab
1032 532 1150 578 actu
1190 523 1254 576 ad

260 611 435 657 actum
477 605 680 662 transit,
734 603 882 654 modo
928 601 1055 661 hoc,
1105 598 1254 655 modo

262 677 393 730 illud
421 678 586 746 eligit,
631 676 893 728 hincinde
934 674 1068 743 quod
1113 687 1254 725 nunc

263 751 505 819 amplexa
545 757 650 811 est,
695 757 870 817 postea
911 749 1124 816 respuit,
1168 752 1257 798 aut

263 826 523 888 vicissim3
585 824 843 891 variisque
889 822 1256 878 mutationibus

262 906 342 951 est
380 899 619 951 obnoxia.
663 897 764 950 Sed
805 898 989 949 divina
1017 895 1256 948 voluntas

262 988 365 1025 non
395 973 458 1026 ab
481 979 599 1024 actu
628 971 689 1024 ad
732 979 904 1027 actum
934 975 1138 1031 transit,
1167 968 1256 1020 sed

264 1047 438 1099 omnia
478 1062 579 1098 uno
620 1053 671 1097 et
709 1045 1083 1114 simplicissimo
1138 1049 1254 1094 actu

266 1121 400 1185 vult3
434 1120 574 1172 nulla
596 1135 717 1187 ergo
744 1121 796 1171 in
826 1121 933 1187 ipsa
956 1119 1255 1170 volitionum

265 1195 523 1247 successio
570 1194 752 1255 datur,
796 1194 884 1245 sed
924 1192 1059 1261 quod
1120 1192 1259 1244 Deus

264 1268 421 1321 semel
446 1268 578 1330 vult,
609 1284 811 1335 semper
839 1267 969 1328 vult,
1000 1267 1258 1334 ipsiusque

265 1344 506 1395 voluntas
534 1343 740 1394 omnino
798 1341 1132 1393 immutabilis
1159 1345 1255 1404 est3

264 1416 386 1468 hinc
429 1416 578 1467 Prov.
626 1416 716 1477 19,
771 1416 835 1466 21
891 1415 1121 1466 dicitur:
1177 1413 1260 1465 Vo-

266 1490 428 1542 luntas
456 1489 969 1557 Dominipermanebit
994 1487 1090 1556 (Ξ),
1117 1488 1261 1538 Hanc

266 1564 733 1616 immutabilitatem
752 1564 956 1614 divinae
980 1561 1261 1613 voluntatis

266 1638 472 1705 egregie
500 1636 728 1688 declarat
746 1636 799 1689 S.
831 1635 1138 1702 Auquslinus
1167 1635 1255 1686 lib.

269 1712 359 1762 152.
404 1709 550 1762 Conf.
594 1725 642 1762 c.
689 1711 778 1774 453
823 1717 874 1762 et
912 1708 975 1761 S.
1051 1708 1261 1760 Thomas

266 1784 368 1835 loc.
415 1784 502 1836 cit.
550 1781 627 1853 (3)
670 1785 870 1850 probat,
930 1802 956 1830 «
1000 1783 1136 1850 quod
1179 1799 1260 1833 vo·

269 1858 442 1909 luntas
502 1856 593 1909 Dei
634 1863 712 1907 est
776 1856 982 1910 omnino
1023 1858 1263 1906 immuta-

270 1931 407 1994 bilis3
456 1950 481 1979 n
526 1936 578 1981 et
617 1930 756 1982 cirea
796 1930 892 1981 hoc
932 1930 1263 1981 consideran-

272 2005 391 2056 dum
433 2019 544 2055 esse
599 2003 740 2065 dicit,
809 2003 942 2072 quod
1006 2003 1145 2055 aliud
1187 2010 1264 2054 est

274 2085 476 2130 muta-re
517 2076 861 2139 voluntatem,
917 2084 968 2129 et
1007 2077 1146 2130 aliud
1188 2084 1264 2128 est

274 2151 404 2204 velle
462 2150 751 2218 aliquarum
792 2167 964 2203 rerum
1023 2152 1265 2202 mutatio-

272 2241 409 2277 nem:
455 2224 587 2276 hanc
639 2225 775 2277 Deus
816 2225 928 2276 vult
992 2225 1042 2276 in
1110 2226 1264 2276 rebus

272 2299 477 2358 creatis,
522 2299 609 2350 sed
639 2315 762 2361 un0‚
795 2298 1174 2366 simplicissimo
1214 2306 1264 2350 et

272 2380 481 2425 aeterno
510 2372 714 2425 decreto
739 2374 873 2434 vult,
900 2379 950 2424 et
978 2373 1091 2424 ideo
1119 2388 1262 2424 crea-

273 2453 416 2499 turae
457 2454 743 2508 mutantur,
788 2446 1028 2499 voluntas
1092 2454 1263 2499 autem

274 2519 367 2572 Dei
408 2520 744 2572 immutabilis
802 2529 995 2573 manet.
1057 2519 1100 2590 c)
1160 2520 1264 2572 Hu-

274 2609 423 2646 mana
450 2594 688 2646 voluntas
716 2594 1011 2661 dependens
1035 2600 1112 2646 est
1139 2610 1166 2645 a
1196 2593 1265 2645 le-

271 2667 439 2733 gibus,
470 2669 656 2733 quibus
695 2668 891 2728 subest,
936 2675 985 2719 et
1025 2684 1055 2719 a
1120 2668 1265 2719 moti-

271 2740 369 2800 vis,
401 2741 583 2808 quibus
609 2742 831 2792 adactus
852 2757 971 2794 suos
998 2742 1262 2806 incitatur}

274 2828 442 2880 neque
492 2816 628 2866 enim
667 2815 782 2866 ideo
844 2815 1034 2883 aliquid
1075 2815 1265 2866 bonum

275 2892 373 2946 est,
405 2888 522 2954 quia
552 2905 644 2940 nos
675 2889 907 2941 homines
927 2889 977 2940 id
1000 2888 1261 2950 volumuS‚

274 2958 364 3010 scd
394 2961 634 3012 voluntas
661 2969 834 3014 nostra
862 2964 913 3014 in
945 2964 1136 3015 bonum
1165 2962 1264 3019 fer-

277 3038 379 3092 tur,
425 3035 559 3100 quod
600 3036 702 3086 iam
728 3037 895 3098 adest,
941 3043 993 3089 et
1032 3036 1095 3088 ab
1123 3035 1268 3088 intel-

275 3104 412 3156 lectu
455 3110 801 3173 cognoscitur,
859 3110 942 3162 vel
987 3110 1171 3162 saltem
1213 3117 1268 3162 ut

272 3177 397 3239 tale,
428 3182 663 3247 quamvis
703 3198 940 3245 erronee,
985 3183 1261 3237 iudicatur.

272 3249 526 3331 §Voluntas
588 3261 762 3307 autem
823 3258 996 3310 divina
1060 3258 1268 3313 omnino

271 3324 626 3395 independens
673 3336 771 3393 est,
815 3337 868 3384 et
925 3331 1055 3386 nihil
1095 3332 1268 3385 divina

318 3484 370 3531 11)
391 3486 482 3522 Ibid.
510 3487 572 3522 Ad.
594 3487 627 3523 3.

313 3529 374 3620 a
389 3529 674 3612 {asar-2¹3³·

1552 39 1577 64 ⁸
1617 48 1626 61 ι

1990 144 2002 165 6

942 225 1004 262 oe
1040 219 1134 262 nno
1173 224 1224 260 m
1261 223 1316 260 sn
1353 221 1612 275 spaeram.

1316 302 1582 355 voluntate
1610 300 1770 369 prim,
1789 295 2136 365 autsuperius
2162 293 2332 362 cogi-·

1315 378 1411 429 tari
1443 380 1631 444 potest,
1701 388 1800 426 non
1842 374 1948 436 lex,
1992 371 2074 423 cui
2113 368 2308 430 subsit,

1317 466 1416 502 non
1458 449 1727 510 motivum,
1758 462 1850 516 per
1875 445 2010 514 qutid
2037 443 2100 497 ad
2127 449 2308 495 actum·

1317 524 1576 575 incitetur:
1619 522 1764 574 nulla
1803 521 1940 573 enim
1980 525 2059 572 est
2097 517 2303 570 divinae

1317 596 1598 650 voluntatis
1662 609 1839 656 causa,
1907 591 1999 646 sed
2048 593 2156 661 ipsa
2227 594 2306 642 est

1317 687 1473 724 causa
1514 671 1742 723 omnium
1790 682 1987 732 rerum3
2037 666 2130 718 has
2169 664 2307 717 Deus

1318 746 1449 806 vult,
1492 762 1592 797 non
1657 745 1776 814 quia
1815 743 1978 795 bonae
2016 744 2157 800 sunt,
2217 737 2308 791 sed

1319 821 1481 872 bonae
1509 820 1660 880 fiunt,
1692 819 1811 886 quia
1851 815 1992 868 Deus
2015 813 2132 866 illas
2172 811 2306 875 vult3

1321 893 1437 945 ldeo
1475 892 1528 945 S.
1572 891 1880 960 Auqustimts
1902 885 1978 959 (lt)
2000 889 2093 940 ait:
2123 905 2150 936 «
2180 885 2312 938 Cau-

1318 983 1402 1025 sas
1441 967 1723 1019 voluntatis
1763 965 1856 1016 Dei
1883 963 2015 1014 scire
2055 967 2315 1030 quaerunt

1320 1057 1437 1093 cum
1479 1041 1720 1093 voluntas
1760 1038 1851 1094 Dei
1892 1037 2144 1097 omnium,
2180 1049 2314 1103 quae

1320 1123 1463 1177 sunt,
1527 1116 1636 1183 ipsa
1684 1115 1750 1165 sit
1809 1127 1987 1164 causa.
2056 1110 2108 1162 Si
2176 1109 2314 1161 enim

1320 1190 1475 1242 habet
1524 1204 1735 1241 causam
1782 1186 2023 1239 voluntas
2060 1183 2194 1245 Dei,
2237 1189 2316 1235 est

1322 1263 1546 1332 aliquid,
1591 1263 1723 1331 quod
1765 1260 2041 1313 antecedat
2079 1256 2317 1310 volunta-

1323 1346 1426 1388 tem
1467 1338 1556 1389 Dei
1584 1336 1717 1405 quod
1748 1336 1890 1387 nefas
1917 1340 1994 1386 est
2022 1331 2254 1384 credere.
2288 1350 2311 1378 υ

1322 1412 1430 1463 Hoc
1487 1411 1619 1463 idem
1681 1411 1830 1462 docet
1888 1408 1946 1461 S.
2007 1406 2212 1458 Thomas
2263 1405 2318 1456 in

1326 1486 1479 1538 variis
1541 1485 1665 1536 locis
1725 1482 1822 1555 (5).
1876 1513 1949 1522 —
1983 1480 2157 1533 Pluria
2213 1478 2320 1541 alia

1324 1559 1619 1611 discrimina
1659 1559 1793 1609 inter
1833 1556 2059 1607 divinam
2124 1558 2175 1605 et
2225 1551 2319 1604 hu·

1326 1649 1530 1685 manain
1574 1632 1892 1684 voluntatem
1952 1628 2108 1698 probe
2146 1627 2320 1698 obser-

1324 1708 1488 1762 vanda
1533 1708 1584 1758 in
1625 1704 1947 1758 tractationis
1985 1703 2207 1755 decursu
2231 1716 2320 1754 ex-

1326 1788 1599 1848 ponentur.

1398 1856 1450 1907 Ξ.
1502 1854 1720 1907 Divinae
1759 1851 2044 1905 voluntatis
2083 1851 2320 1903 obiectum

1319 1928 1629 1999 primarium
1676 1933 1751 1980 est
1794 1929 1901 1995 ipse
1941 1918 2101 1977 DeuS.
2152 1924 2319 1976 Sicuti

1327 2004 1461 2054 enim
1525 2002 1665 2054 Deus
1718 2001 1943 2068 seipsum
2010 2004 2067 2051 ut
2123 1998 2318 2051 bonum

1326 2092 1585 2128 summum
1627 2082 1679 2128 et
1742 2074 2002 2127 infinitum
2055 2071 2321 2141 perfectis-

1326 2152 1454 2203 sime
1494 2150 1775 2216 cognoscit,
1803 2150 1873 2201 ita
1901 2149 2055 2200 etiam
2093 2148 2320 2214 seipsum

1327 2225 1696 2293 perfectissime
1728 2222 1839 2275 vult
1866 2229 1917 2275 et
1937 2227 2096 2276 amat.
2114 2220 2178 2272 Et
2197 2233 2322 2272 sane

1328 2315 1417 2351 ens
1459 2299 1891 2367 perfectissimum
1930 2313 1960 2348 a
2001 2295 2144 2347 nobis
2205 2309 2323 2347 con-

1327 2374 1425 2439 cipi
1460 2389 1560 2424 non
1592 2379 1778 2440 potest⁹
1822 2371 1918 2423 nisi
1954 2370 2179 2437 seipsum
2208 2383 2322 2435 per·

1327 2447 1601 2499 fectissime
1642 2445 1818 2497 volens
1858 2450 1910 2496 et
1958 2459 2159 2496 amans,
2191 2441 2323 2494 Enti

1327 2522 1465 2571 enim
1532 2519 1902 2588 perfectissimo
1950 2518 2105 2570 etiam
2163 2515 2321 2584 perfe-

1327 2595 1553 2646 ctissima
1596 2593 1836 2645 voluntas
1876 2591 2148 2658 competit,
2191 2603 2322 2658 quae

1328 2670 1376 2719 in
1395 2669 1583 2719 bonum
1601 2681 1863 2721 summum
1876 2664 2197 2716 etinfinitum
2211 2678 2322 2732 per-

1328 2742 1624 2802 fectissimo,
1685 2755 1777 2793 seu
1818 2739 2018 2791 infinito
2056 2753 2232 2790 amore
2272 2741 2323 2789 et

1328 2815 1702 2883 complacentia
1742 2814 1922 2866 fertur.
1967 2804 2188 2864 Divinae
2234 2825 2323 2862 vo-

1331 2890 1543 2941 luntatis
1570 2889 1804 2941 obiectum
1830 2886 2180 2940 secundarium
2201 2893 2324 2936 cons

1327 2965 1551 3016 stituunt
1614 2969 1903 3015 creaturae.
1972 2954 2112 3012 Deus
2182 2958 2323 3010 enini

1329 3037 1441 3089 vult
1469 3044 1520 3106 et
1549 3043 1691 3089 amat
1717 3037 1873 3088 etiam
1896 3049 2076 3087 omnes
2115 3038 2322 3093 creatu·³

1330 3127 1430 3162 ras,
1467 3109 1520 3162 ld
1561 3112 1669 3178 ipsa
1706 3109 1761 3161 S.
1792 3110 2059 3177 Scriptura
2104 3110 2332 3172 testatur}

1330 3185 1506 3235 dicens
1573 3182 1691 3254 (6)=
1735 3183 1915 3250 Diligis
1947 3180 2146 3244 ¹omn—uia,
2200 3183 2332 3248 quad.

1329 3264 1461 3318 sunt,
1504 3264 1548 3309 et
1592 3256 1723 3309 nihil
1770 3255 1918 3309 odisti
1967 3268 2158 3316 eorum,
2193 3256 2324 3324 quac

1328 3331 1504 3400 fecisti.
1549 3329 1614 3384 Et
1669 3330 1729 3383 S.
1776 3329 1984 3383 Thomas
2033 3329 2170 3391 idem
2207 3323 2332 3396 ι91·οὲ

2238 3419 2247 3432 υ
2284 3407 2320 3436 -Λ

1392 3488 1428 3534 4)
1444 3489 1522 3524 Lib.
1545 3488 1578 3525 1.
1595 3490 1640 3524 de
1661 3489 1789 3524 Genes.
1805 3497 1840 3525 c.
1858 3489 2014 3524 Manieh.
2040 3496 2076 3524 c.
2097 3485 2132 3524 2.
2187 3526 2190 3533 ι
2304 3497 2328 3536 ς

1376 3488 1431 3622 {53
1454 3533 1482 3576 1,
1508 3540 1544 3576 q.
1569 3532 1624 3575 19,
1649 3537 1716 3569 art.
1735 3532 1768 3569 δ.
1789 3537 1858 3569 etc.
1884 3541 1922 3578 q.
1945 3531 2003 3576 2⁰,
2025 3534 2096 3590 art.
2113 3527 2148 3567 1.
2187 3541 2199 3584 '.
2259 3566 2262 3571 ,
2304 3538 2317 3567 ,τ’

1393 3574 1701 3622 estimans.
2269 3575 2332 3860 ἰ

2083 3824 2128 3845 Ι,
2185 3828 2212 3843 Ι,
2259 3818 2270 3829 ⁷.
