2332 3860
270 189 377 241 568

2152 3 2156 6 .
2230 0 2255 11 v,
2264 0 2278 18 Ι,

2184 18 2214 42 N*
2239 39 2241 41 .

2268 46 2286 65 J.

2286 126 2302 158 ἶ.

2266 174 2283 182 ‚
2312 178 2332 192 „

605 205 666 240 ne
705 204 798 242 nno
836 202 968 242 LAPSx
1005 204 1200 241 numm
1235 202 1438 242 cananis
1473 202 1809 243 nznnmrrmuz.

194 283 382 353 plenda
420 285 675 354 cooperati
731 285 853 339 sint.
915 285 971 338 ln
1018 279 1180 340 morte
1243 292 1466 348 ternum,
1496 302 1596 356 quo
1615 302 1780 355 genus
1799 285 2082 343 humanum
2102 274 2251 361 erga?
2297 294 2312 338 ἱ·

192 374 315 425 ergo
342 357 526 412 Christi
549 362 798 412 immensa
817 359 1041 413 charitas
1072 358 1177 430 Dei,
1242 359 1405 413 Deum
1442 361 1873 431 obstringebatur,
1915 362 2085 432 plene,
2121 365 2223 418 imo

190 433 506 486 admirabilis
545 434 831 494 obedientia
872 434 1080 496 Christi,
1128 443 1179 489 et

188 509 446 560 maximae
466 508 759 578 iniquitates
778 508 1043 562 hominum
1061 526 1179 564 con·-

187 584 479 635 currerunt.

260 655 366 709 obi.
412 657 495 708 5.·
542 655 593 709 Si
645 655 877 710 Christus
925 673 1045 710 vere
1087 675 1174 726 pro

185 731 331 784 nobis
370 731 735 793 satisfecisset,
798 739 873 784 tot
918 731 1173 785 debuisset

182 813 374 858 mortes
402 813 661 872 oppetere,
693 812 814 874 quot
835 806 1066 859 homines
1093 825 1175 860 su-

181 894 273 946 per
312 887 500 933 terram
549 888 702 940 sunt,
758 888 910 933 erunt
966 897 1027 933 ac
1068 882 1173 934 fue-

180 962 321 1007 runt.
367 954 638 1006 Debuisset
694 962 956 1021 praeterea
997 960 1171 1023 poenis

108 1072 111 1073 γ
179 1028 358 1081 subiici
401 1028 766 1096 temporalibus
817 1037 866 1081 et
907 1032 1166 1096 aeternis3

178 1103 360 1156 ambae
400 1104 535 1155 enim
562 1103 806 1155 eiusmodi
839 1120 1030 1172 poenae
1062 1123 1172 1172 pec-

177 1179 305 1230 catis
333 1179 598 1230 hominum
626 1178 897 1231 debentur.
939 1178 1169 1233 Christus

176 1260 350 1305 autem
393 1269 491 1306 non
534 1268 709 1304 omnes
752 1270 939 1321 poenas
981 1261 1170 1324 tempo-

175 1326 348 1388 raleS,
394 1335 443 1380 et
493 1328 654 1379 multo
713 1329 881 1380 minus
931 1335 1168 1382 aeternas

173 1403 433 1468 sustinuit,
474 1402 563 1453 sed
606 1418 725 1454 mox
767 1410 877 1470 post
922 1409 1168 1471 tempora-

171 1474 271 1528 lem
305 1477 590 1544 passionem
618 1484 668 1528 et
700 1484 916 1529 mortem
945 1480 1165 1531 maxime

172 1552 429 1603 exaltatus
469 1557 562 1605 est.
620 1550 795 1619 ltaque
851 1569 947 1604 non
997 1556 1162 1605 omnia

171 1627 452 1687 sustinuit,
496 1642 628 1694 quae
669 1628 732 1679 ab
773 1626 1063 1679 hominibus
1103 1630 1164 1681 ob

171 1707 380 1766 peccata
423 1701 721 1766 perferenda
781 1709 966 1769 erant3
1011 1710 1163 1771 atque

170 1774 282 1826 ideo
325 1775 460 1826 haud
523 1776 743 1843 perfecte
797 1793 887 1845 pro
939 1781 1162 1845 peccatis

170 1849 433 1903 satisfecit.

248 1922 386 1991 Resp.
433 1923 676 1975 Homines
717 1925 779 1977 ob
819 1932 1027 1993 peccata
1062 1942 1157 1978 non

171 1996 338 2049 solum
368 1998 675 2063 temporales
704 2000 790 2051 sed
821 2000 972 2051 etiam
1002 2008 1163 2052 aeter-

172 2087 264 2123 nas
308 2088 495 2138 poenas
526 2071 666 2123 luere
696 2073 1008 2132 debuissent,
1044 2078 1156 2142 quia

171 2144 272 2197 Deo
302 2146 497 2198 infinito
529 2162 616 2213 pro
644 2146 834 2199 oflensa
864 2147 1001 2199 illata
1034 2166 1159 2201 nnn-

170 2235 316 2288 quam
385 2220 693 2286 condignam
760 2222 1158 2275 satisfactionem

170 2302 425 2362 praestare
470 2296 786 2363 potuissent,
847 2302 999 2364 atque
1047 2298 1157 2351 ideo

170 2383 365 2436 semper
405 2371 475 2421 rei
522 2371 795 2438 poenisque
837 2371 1048 2423 subiecti
1081 2389 1158 2425 re-

170 2445 488 2496 mansissent.
535 2443 766 2496 Christus
794 2451 964 2497 autem
995 2447 1055 2497 ob
1086 2449 1159 2499 in-

168 2517 360 2570 finitam
404 2534 649 2586 personae
698 2519 899 2571 divinae
940 2520 1156 2585 dignita-

176 2607 266 2644 .em
298 2587 388 2660 per
417 2593 751 2660 temporalem
792 2594 1079 2660 passionem
1108 2606 1157 2647 et

172 2672 379 2718 mortem
420 2684 566 2719 suam
627 2684 725 2718 non
779 2668 943 2719 solum
984 2671 1154 2737 aequi-

171 2740 460 2800 valentem,
506 2741 593 2793 sed
645 2748 695 2793 et
736 2743 1154 2809 superabundan-

168 2820 266 2865 tem
306 2816 703 2867 satisfactionem
748 2818 1017 2883 praestitit,
1052 2818 1156 2869 lon-

167 2903 325 2957 geque
366 2891 630 2951 maiorem,
671 2906 822 2958 quam
865 2906 1039 2943 omnes
1070 2891 1154 2943 lio·

166 2963 327 3014 mines
370 2981 456 3031 per
492 2967 758 3016 universas
802 2982 988 3031 poenas
1030 2973 1154 3017 tem-

166 3037 362 3102 porales
404 3046 454 3090 et
498 3045 737 3090 aeternas
780 3045 1038 3106 praestare
1071 3057 1155 3108 po-

166 3111 404 3162 tuissent.
450 3111 753 3165 Nullatenus
794 3129 915 3180 ergo
946 3130 1152 3166 necesse

164 3190 259 3243 est,
305 3191 361 3236 ut
402 3185 633 3238 Christus
674 3194 911 3240 aeternas
967 3205 1154 3255 poenas

165 3258 458 3312 sustineret.
523 3258 649 3312 Cum
705 3262 841 3313 enim
895 3263 1151 3315 infinitum

164 3331 227 3384 sit
268 3334 485 3400 pretium
522 3349 610 3400 pro
650 3338 871 3402 pcccatis
913 3338 1097 3389 nostris
1123 3354 1152 3389 a

164 3403 360 3459 Christo
399 3406 649 3469 oblatum,
695 3409 788 3461 hoc
830 3411 954 3478 ipso,
993 3427 1152 3480 quan-

165 3484 268 3532 tum
310 3496 375 3533 ex
416 3496 471 3533 se
514 3488 661 3542 erat,
716 3481 950 3537 Christus
999 3500 1152 3537 omne

166 3551 387 3607 debitum
431 3561 538 3609 tam
566 3557 848 3624 temporale
886 3572 1040 3626 quam
1066 3574 1152 3612 ae-

1239 434 1642 488 cumulatissime
1666 436 1840 500 solvit,
1882 437 1952 490 ita
1993 445 2049 492 ut
2081 438 2223 493 nullo

1239 508 1338 561 alio
1377 525 1504 577 opus
1532 510 1626 562 sit.

2312 530 2318 539 ⁵
2300 318 2332 490 &¹453ssss
2303 191 2332 260 ·..'

1311 581 1418 636 obi.
1463 585 1546 636 ὃ.ιι
1586 581 1829 638 Catholici
1853 583 2111 640 Christum
2138 603 2223 642 ve·
2306 600 2317 612 ⁸

1240 672 1352 710 rum
1382 657 1541 709 Deum
1563 674 1675 710 esse
1694 660 2032 720 contendunt,
2063 676 2222 714 unum

1237 747 1354 784 cum
1398 731 1561 786 Patre.
1600 731 1733 800 Ergo
1771 734 1813 786 si
1853 733 2084 787 Christus
2115 734 2222 789 Deo

1239 823 1325 873 pro
1366 807 1587 874 peccatis
1632 807 1896 860 hominum
1953 809 2218 872 satisfecit,

1234 881 1327 933 sibi
1369 882 1459 948 ipsi
1510 883 1773 935 satisfecit.
1828 882 1895 934 At
1945 884 2222 937 satisfactio

1233 955 1528 1023 sibimetipsi
1553 957 1792 1024 praestita
1810 957 1997 1009 absona
2015 965 2064 1011 et
2081 958 2221 1010 nulla

1234 1037 1330 1091 est,
1355 1046 1416 1083 ac
1436 1047 1642 1098 prorsus
1662 1031 1949 1100 aequivalet
1966 1034 2219 1100 gratuitae

1234 1106 1528 1169 donationi3
1571 1106 1681 1169 sic,
1736 1122 1782 1159 e.
1827 1122 1904 1174 gr.
1950 1107 1991 1159 si
2031 1106 2217 1160 Paulus

1233 1187 1439 1231 centum
1468 1196 1651 1232 aureos
1679 1181 1827 1233 Petro
1855 1180 2057 1244 debeat,
2094 1198 2217 1251 quos
2253 1226 2257 1230 .

1232 1254 1313 1306 hic
1352 1255 1444 1307 sibi
1487 1255 1549 1307 de
1588 1271 1680 1307 suo
1720 1256 1892 1318 solvit,
1939 1255 2118 1308 Petrus
2150 1257 2217 1308 nil

1231 1330 1436 1381 omnino
1476 1331 1721 1398 acquirit,
1765 1336 1817 1382 et
1859 1337 1996 1383 recte
2036 1330 2218 1383 dicitur

1234 1403 1386 1455 Paulo
1427 1403 1651 1456 debitum
1700 1405 1899 1471 gratis,
1960 1421 2052 1458 seu
2108 1405 2218 1458 sine

1229 1479 1573 1530 satisfactione
1602 1481 1882 1531 remittere.

1304 1553 1439 1621 Re‘p.
1462 1554 1756 1606 Adversarii
1781 1560 1918 1606 recte
1939 1569 2216 1622 argumen-

1232 1634 1483 1689 tarentur,
1535 1629 1576 1680 si
1618 1627 1850 1680 Christus
1897 1628 2216 1681 solummodo

1229 1701 1364 1754 Deus
1422 1710 1591 1767 esset3
1651 1719 1855 1771 prorsus
1906 1703 2038 1755 idem
2080 1705 2215 1755 enim

1230 1784 1351 1828 tunc
1371 1784 1525 1838 esset,
1551 1779 1633 1846 qui
1659 1778 2055 1830 satisfactionem
2074 1794 2218 1846 prae-

1226 1858 1405 1915 staret,
1449 1854 1609 1920 etqui
1652 1853 2049 1906 satisfactionem
2088 1853 2217 1905 acci·

1229 1933 1386 1992 peret.
1426 1925 1523 1978 Sed
1567 1928 1708 1979 iuxta
1750 1927 2032 1980 doctrinam
2075 1942 2216 1979 reve-

1226 1999 1381 2053 latam
1423 2001 1655 2053 Christus
1684 2009 1760 2054 est
1787 2002 1923 2054 Deus
1962 2007 2013 2054 et
2040 2001 2211 2061 homo,

1223 2082 1377 2143 atquc
1418 2075 1545 2127 duas
1586 2076 1739 2128 habet
1795 2084 2041 2136 naturaS‚
2086 2076 2215 2128 divi-

1227 2166 1342 2201 nam
1385 2158 1435 2202 et
1477 2151 1776 2202 humanam:
1820 2166 1940 2217 ergo
1981 2157 2037 2202 ut
2063 2150 2214 2202 homo

1224 2224 1272 2274 in
1316 2231 1501 2276 natura
1540 2224 1764 2277 humana
1820 2226 1981 2293 potuit
2020 2225 2215 2277 satisfa-

1223 2300 1441 2350 ctionem
1484 2307 1781 2367 praestare‚
1834 2307 1885 2351 et
1937 2315 2035 2368 qua
2078 2299 2213 2352 Deus

1223 2373 1270 2423 in
1315 2380 1497 2425 natura
1527 2374 1696 2426 divina
1727 2374 1889 2443 potuit
1916 2373 2214 2437 satisfactio·

1222 2464 1338 2499 nem
1379 2449 1586 2515 exigere
1645 2456 1695 2500 et
1755 2455 2042 2516 acceptare.
2095 2447 2212 2499 ldeo

1220 2522 1272 2574 S.
1320 2522 1639 2589 Augustinus
1680 2520 1755 2593 (l)
1799 2522 1939 2574 dicit:
1988 2542 2013 2571 «
2046 2520 2212 2575 Verus

1221 2596 1303 2647 ille
1344 2597 1612 2658 mediator,
1645 2597 1696 2648 in
1719 2603 1967 2665 quantum
1996 2597 2212 2649 formam

1218 2672 1350 2721 servi
1392 2672 1648 2738 accipiens
1700 2671 1947 2723 mediator
1998 2671 2210 2723 effectus

1219 2751 1296 2796 cst
1337 2744 1426 2797 Dei
1468 2752 1519 2797 et
1559 2746 1821 2797 hominum
1863 2744 2013 2798 homo
2066 2743 2208 2796 Chri-

1218 2826 1327 2870 stus
1368 2819 1528 2881 Iesus‚
1572 2836 1688 2872 cum
1731 2821 1782 2871 in
1810 2820 1968 2871 forma
2011 2818 2098 2870 Dei
2128 2834 2207 2871 sa-

1218 2893 1467 2945 crificium
1509 2910 1626 2946 cum
1669 2894 1816 2946 Patre
1856 2900 2046 2954 sumat,
2090 2907 2208 2944 cum

1217 2984 1316 3036 quo
1356 2975 1407 3021 et
1448 2985 1581 3021 unus
1620 2968 1757 3021 Deus
1797 2976 1917 3032 est3
1956 2967 2205 3021 tamenin

1219 3042 1378 3095 forma
1443 3045 1579 3095 servi
1645 3043 1953 3095 sacrificium
2027 3040 2207 3094 maluit

1218 3133 1348 3175 esse,
1392 3133 1546 3187 quam
1585 3133 1789 3169 sumere
1822 3123 1922 3169 etc.
1960 3113 2205 3166 »-Nec

1219 3191 1407 3254 refert,
1451 3191 1582 3260 quod
1624 3190 1808 3244 Christi
1849 3190 1937 3242 Dei
1988 3188 2206 3241 bominis

1219 3281 1319 3316 una
1359 3266 1423 3317 sit
1465 3282 1695 3333 persona,
1736 3281 1865 3334 quae
1903 3262 2206 3316 satisfactio-

1219 3354 1333 3390 nem
1373 3340 1558 3407 accipit
1585 3347 1637 3392 et
1667 3345 1909 3407 praestat3
1940 3353 2039 3390 non
2067 3338 2203 3390 enim

1216 3413 1310 3466 sub
1350 3413 1529 3467 eodem
1569 3418 1806 3483 respectu
1845 3411 1972 3465 haec
2018 3411 2082 3465 de
2119 3426 2199 3465 ea·

1257 3585 1310 3630 (¹)
1335 3586 1414 3623 Lib.
1441 3585 1484 3623 1⁰
1506 3587 1551 3623 dc
1573 3584 1768 3629 civit-Dei,
1790 3592 1867 3626 eat>-
1895 3583 1953 3619 20.

2314 3396 2332 3448 5„

2302 3446 2318 3475 ι

2302 3482 2327 3516 7⁹

2287 3526 2315 3589 ιζ,

2290 3589 2317 3631 ‘i'

2278 3648 2286 3674 ι
2300 3636 2319 3653 “⁸
