2332 3860
679 93 799 134 PARS
834 94 888 133 11.
931 92 1098 131 ΕΕΟΊἾΟ
1134 94 1172 131 1.
1218 89 1370 130 carm·
1407 91 1462 128 n.

1934 75 2042 130 253

71 200 170 258 que
207 179 464 242 hommem
489 218 514 244 ‚-
546 176 832 230 maximum
890 175 1061 244 operis
1097 183 1103 188 ’
1144 214 1157 221 ‚.
1192 173 1346 227 Nota.
1414 171 1554 225 Haec
1607 173 1835 231 narratio
1893 178 2118 231 mosaica
2191 166 2199 176 ”

73 253 466 314 ἀίνίιιίιιῗάεουε.
535 250 682 304 Circa
741 250 938 303 modum
975 249 1061 301 ⁴lo·

72 327 463 404 quendem-'iplex
499 325 725 380 occurrit
762 325 937 377 brevis
956 339 1055 377 non

73 408 260 466 minus,
287 417 443 472 qua-m
467 399 719 461 sublimis,
742 399 848 451 Deo
868 399 1058 467 dignis·

73 482 307 535 simam-‘et
361 490 514 543 scopo
572 473 1056 526 convenientissima

73 551 321 629 [ewulm
347 579 421 590 —
455 563 639 616 nempe
694 547 922 599 formula·
971 547 1058 598 de-

60 628 247 683 .creti:.
272 624 429 677 Discit.
464 623 614 683 Deu8‚
646 623 764 691 fiac;
810 628 920 673 tum
959 622 1058 671 for-

74 700 212 755 mula
250 698 611 751 executionis:
656 703 706 747 et
746 696 928 763 factum
955 702 1053 757 ese;

73 775 277 828 demum
340 771 556 824 formula
623 769 1002 836 adprobationis
1041 786 1052 819 :

73 848 185 904 vadit
209 845 346 899 Deus
374 846 500 913 quod
525 853 640 897 esset
670 844 879 903 bonnam·
926 858 1058 911 quae

73 920 258 989 triplex
296 919 513 972 formula
553 918 872 985 triumphum
900 918 1060 968 omui-

69 995 352 1066 potentiae,
397 994 679 1061 sapientiae
726 998 776 1043 et
815 991 1057 1043 bonitatis

71 1069 270 1122 divinae
335 1068 593 1136 exprimit.
649 1066 701 1119 S.
751 1064 1059 1134 Augustinus

69 1142 285 1197 eundem
332 1141 569 1211 loquendi
628 1139 837 1192 modum
894 1141 1056 1191 consi-

49 1217 251 1270 -derans
306 1217 378 1268 ait
430 1214 527 1286 (l):
585 1215 640 1267 ln
682 1215 942 1266 creatione
1001 1221 1058 1266 ut

68 1290 204 1345 Deus
242 1290 404 1351 iubet,
448 1298 506 1342 ut
532 1290 857 1357 omnipotens
878 1286 1051 1349 efficit,

67 1373 124 1418 ut
161 1379 363 1417 summe
382 1365 548 1417 bonus
568 1364 837 1431 adprobat.
874 1363 1055 1414 »Dum

64 1446 236 1493 autem
275 1438 413 1491 Deus
464 1439 654 1490 dixisse
703 1438 915 1489 dicitur:
947 1439 1052 1506 fiat,

61 1513 180 1567 talis
207 1513 413 1574 locutio,
438 1519 496 1564 ut
525 1513 702 1564 Patres
723 1512 921 1572 dicunt,
955 1528 1054 1562 non

39 1635 42 1639 .
63 1587 156 1640 suit
174 1587 296 1649 oriS‚
318 1587 406 1639 sed
422 1587 609 1639 mentis
630 1587 947 1653 etaccipitur
970 1602 1057 1653 pro

64 1668 191 1714 nutu
234 1668 285 1713 et
319 1663 463 1713 iussu
504 1661 708 1713 divinae
750 1659 1051 1711 voluntatis

137 1735 192 1787 5.
238 1735 472 1803 Epiloqus
515 1736 615 1786 tria
658 1740 943 1787 memoratu
984 1734 1056 1785 di-

30 1825 164 1879 ,gna
204 1811 460 1862 continet:
496 1810 662 1878 primo
702 1808 910 1877 quidem
936 1808 1057 1859 dici-

62 1891 164 1946 tur,
210 1883 462 1952 perfectos
502 1898 614 1936 esse
655 1883 856 1935 coelum
879 1889 930 1934 et
957 1888 1057 1934 ter-

32 1973 192 2019 ram,
236 1965 287 2010 et
328 1974 533 2011 omnem
574 1964 810 2009 ornatum
853 1972 1052 2019 eorum,

61 2038 111 2084 et
148 2048 276 2100 opus
341 2032 574 2084 divinum
637 2032 911 2084 creationis
976 2031 1057 2083 die

58 2108 274 2174 septimo
302 2106 615 2174 completum
637 2122 749 2158 esse
763 2124 778 2170 ;
810 2113 913 2157 tum
935 2121 1057 2158 vero

23 2180 285 2239 ·;additur,
310 2180 474 2232 Deum
497 2181 589 2232 Die
611 2182 829 2248 septimo
859 2180 1056 2249 requie-

39 2254 196 2306 visse
235 2254 299 2307 ab
339 2256 475 2307 omni
518 2270 691 2322 opere,
734 2254 870 2324 quod
900 2255 1059 2323 perfe-,

61 2335 224 2393 cerat3
268 2329 321 2380 i..
349 2345 396 2380 e.
435 2330 603 2397 ipsum
646 2345 874 2381 cessasse
916 2345 944 2380 a
976 2346 1060 2380 no-

60 2402 136 2454 vis
167 2409 560 2455 ereaturarum
607 2403 875 2471 speciebus
938 2419 1059 2455 con-

61 2475 260 2539 dendiS,
305 2493 406 2529 non
451 2484 626 2530 autem
656 2494 685 2529 a
714 2493 888 2529 rerum
916 2493 1057 2530 crea-

41 2553 231 2603 'tarum
273 2566 421 2615 cura,
467 2553 859 2604 conservatione
887 2558 939 2604 et
966 2568 1058 2620 gu·

61 2623 383 2677 bernatione.
471 2625 688 2694 Dem'que
763 2627 1011 2678 asseritur
1042 2668 1054 2687 ,

65 2697 234 2751 Deum
291 2699 620 2752 benedixisse
678 2699 776 2752 diei
817 2701 1054 2768 septim0,

31 2811 34 2814 ⁴
64 2778 117 2825 et.
152 2772 504 2825 sanctificasse
543 2773 714 2834 illum,
758 2790 858 2843 quo
884 2790 1059 2827 mone-

28 2870 38 2907 ς
65 2861 239 2899 remur
280 2848 547 2915 temporis,
578 2847 712 2915 quod
751 2854 830 2900 est
867 2849 1062 2916 impen-

23 2919 291 2981 etlendum
332 2922 501 2973 studio
542 2921 760 2972 vacandi
816 2924 1056 2986 creatori,

0 2995 418 3063 cognoscendo
484 2994 868 3062 beneplacitum
923 2995 1014 3048 Dei
1043 3037 1055 3057 ,

68 3067 116 3120 in
146 3070 444 3121 memoriam
473 3069 763 3121 revocando
787 3069 1056 3131 beneficia,

20 3134 44 3202 ’ἔτ
69 3140 474 3212 admirandoque
505 3143 950 3211 omnipotentiam,
981 3161 1061 3196 sa-

69 3214 334 3282 pientiam,
379 3217 662 3270 bonitatem
701 3233 762 3270 ac
790 3218 1063 3286 providen-

71 3288 551 3358 flama-singularem
571 3291 758 3344 summi
786 3291 924 3346 illius
956 3293 1068 3363 opi--

74 3360 185 3414 ficis
213 3361 510 3435 (Dobmayr.
542 3365 568 3432 5
600 3365 746 3436 108).

2 3451 55 3521 ,ys
118 3460 172 3500 ui
195 3463 246 3499 ne
267 3461 356 3500 een.
381 3465 568 3507 aeliza-1.
594 3466 631 3510 1,
655 3476 689 3503 c.
714 3466 771 3503 ιε.

0 3667 15 3687 ⁷
11 3660 35 3704 15

3 3705 33 3724 ⁴,-
54 3711 62 3715 .

0 3719 64 3860 ξς,

1122 249 1263 302 varie
1299 263 1331 301 a
1369 246 1527 300 variis
1564 246 1875 314 exponitur:
1907 249 2118 304 aliis-al-

1123 323 1340 390 legorias
1379 322 1430 373 in
1473 320 1559 373 illa
1581 320 1972 390 quaerentibus,
2003 325 2117 380 aliis

1124 395 1331 450 litterali
1371 396 1544 448 sensui
1574 395 1951 449 insistentibus.
1986 396 2117 451 Neu-

1123 478 1200 524 tra
1256 477 1430 523 tamen
1485 470 1759 537 expositio·
1794 470 1860 523 ab
1900 471 2118 526 ecclesia

1121 546 1364 598 damnata
1385 549 1483 603 est,
1501 559 1619 596 cum
1641 559 1706 596 ex
1727 549 1950 613 utraque
1975 553 2119 613 parte

1123 627 1231 672 tum
1257 618 1336 671 Ss.
1370 617 1567 679 PatreS‚
1596 624 1705 670 tum
1753 633 1942 685 graves
1978 619 2119 672 theo·

1123 693 1220 761 logi
1287 693 1641 745 inveniantur.
1712 688 1943 747 Ecclesia
1998 710 2119 762 ergo

1123 783 1220 819 non
1289 766 1517 829 decidit,
1586 767 1840 835 quomodo
1891 770 2118 822 narratio

1120 842 1344 893 mosaica
1391 841 1454 893 de
1507 842 1770 893 creatione
1810 843 2117 910 exponenda

1120 917 1204 976 sit,
1247 922 1402 984 atque
1443 912 1585 980 ideo,
1633 916 1691 967 1⁰
1719 915 2028 984 alleyoricae,
2062 918 2119 969 ΞΟ

1121 990 1344 1042 litteralis
1372 991 1705 1058 expositionis
1745 991 1974 1043 rationes
1990 991 1993 994 ’
2012 1007 2120 1044 mo-

1120 1064 1344 1133 dumque
1384 1066 1685 1116 examinare
1714 1071 1934 1133 oportet,
1961 1065 2021 1117 3⁰
2047 1071 2120 1119 ta-

1121 1140 1223 1191 ceri
1273 1140 1450 1207 nequit
1490 1139 1553 1190 de
1612 1139 1713 1190 alia
1773 1139 2071 1209 expositione
2105 1181 2117 1203 ,

1119 1229 1248 1282 quae
1291 1213 1554 1266 nonnullis
1575 1215 1950 1267 recentioribus
1981 1215 2124 1268 theo-

1123 1288 1248 1357 logis
1288 1294 1339 1340 et
1379 1289 1746 1357 interpretibus
1799 1288 2117 1359 praeplacet.

1504 1411 1542 1470 <3
1572 1413 1712 1459 ize.

1359 1501 1410 1536 De
1433 1502 1664 1545 expositione
1686 1502 1892 1546 allegorica.

1193 1582 1404 1652 Moysen
1420 1585 1726 1653 inspiratum
1739 1585 1988 1640 divinitus
2002 1587 2125 1640 fuis·

1120 1674 1194 1717 se,
1239 1659 1362 1709 dum
1401 1660 1675 1712 creationis
1705 1660 1971 1714 historiam
1999 1664 2125 1714 scri-

1123 1734 1261 1801 psit,
1305 1748 1484 1786 omnes
1523 1733 1603 1786 Ss.
1652 1733 1830 1787 Patres
1870 1742 1922 1788 et
1982 1736 2123 1788 theo·

1122 1808 1218 1874 logi
1253 1807 1493 1860 catholici
1515 1807 1848 1862 adseverant.
1878 1809 2123 1873 Quaestio

1122 1897 1243 1948 ergo
1283 1881 1418 1932 inter
1458 1883 1584 1933 istos
1624 1883 1763 1934 circa
1806 1883 1902 1936 hoc
1955 1884 2124 1937 solum

1124 1962 1375 2016 movetur,
1420 1972 1487 2008 an
1528 1956 1667 2008 Deus
1707 1958 2125 2026 omniaxsucces-

1118 2033 1225 2083 sive
1253 2072 1264 2092 ,
1309 2032 1472 2097 spatio
1511 2046 1605 2083 sex
1654 2030 1856 2084 dierum
1910 2047 2124 2086 creave-

1121 2106 1204 2166 rit,
1250 2110 1402 2173 prout
1441 2121 1589 2157 sacer
1621 2112 1797 2158 textus
1827 2106 2124 2161 litteraliter

1120 2186 1364 2247 acceptus
1395 2180 1585 2242 innuit,
1619 2181 1701 2232 vel
1724 2197 1790 2233 an
1815 2195 1924 2234 non
1954 2183 2126 2250 potius

1120 2254 1294 2314 simul,
1359 2270 1460 2307 uno
1519 2254 1805 2324 eodemque
1860 2263 2123 2308 momento

1123 2329 1442 2397 produxerit,
1487 2329 1557 2380 ita
1580 2335 1638 2381 ut
1665 2344 1758 2381 sex
1787 2330 1896 2382 dies
1922 2345 1951 2382 a
1975 2329 2123 2399 Moy·

1119 2418 1173 2454 se
1215 2403 1638 2464 commemorati,
1686 2419 1784 2456 non
1829 2403 2125 2458 litteraliter

1120 2477 1207 2529 sed
1274 2477 1550 2545 allegorice
1617 2478 1804 2546 exponi
1877 2478 2122 2531 debeant.

1120 2551 1265 2603 Hanc
1286 2552 1599 2604 sententiam
1630 2559 1808 2604 contra
1844 2551 2121 2604 nonnullos

1122 2626 1424 2687 defendere,
1471 2633 1523 2678 et
1562 2642 1741 2678 eorum
1789 2634 2077 2694 arqumema
2106 2667 2118 2689 ,

1122 2706 1172 2752 et
1211 2700 1568 2769 interpretandi
1608 2701 1809 2753 modum
1847 2701 2028 2754 audire
2068 2716 2122 2754 o-

1123 2791 1276 2845 perae
1318 2776 1573 2844 praetium
1614 2782 1710 2826 est.
2040 2788 2044 2795 ’
2082 2789 2086 2793 ’

1524 2896 1563 2955 s
1593 2895 1720 2942 m.

1219 2989 1246 3023 1.
1282 2986 1528 3031 expositionis
1551 2985 1770 3029 allegoricae
1791 2990 2022 3039 argumenta.

1195 3070 1290 3134 Qui
1330 3087 1359 3123 a
1399 3085 1554 3122 sensu
1608 3065 1815 3122 litterali
1876 3070 2123 3122 receden-

1124 3145 1275 3209 dum,
1318 3151 1372 3197 et
1409 3143 1676 3196 historiam
1715 3144 1998 3197 creationis
2044 3143 2121 3215 (2)

1123 3219 1400 3285 allegorice
1440 3217 1831 3284 intelligendam
1874 3233 1991 3271 esse
2034 3233 2124 3286 pu-

1126 3297 1258 3353 tant,
1275 3293 1588 3345 sententiam
1608 3299 1757 3347 suam
1770 3293 2123 3364 'sequentibus

1125 3366 1444 3434 argumentis
1484 3366 1788 3437 defendunt.

1175 3466 1223 3510 (ς)
1249 3467 1337 3503 oen.
1364 3450 1421 3504 ι’
1492 3456 1496 3460 “
