2332 3860
191 96 223 149 6
556 111 875 150 ΙΝΤΒΟΒΙῙΟΤΙΟ
914 111 963 148 lN
1002 111 1312 149 THEOLOGIAM
1349 107 1703 146 Tnssonssrlcm.

120 190 181 246 Et
197 207 342 256 sane,
362 190 589 246 Ecclesia
611 191 891 246 infallibilis
913 199 1104 245 estnon

121 265 283 319 solum
312 268 364 320 in
403 265 628 320 Concilio
659 273 990 335 congregata,
1015 266 1105 318 sed

120 341 277 394 etiam
315 357 407 410 per
465 342 641 394 orbem
693 340 921 409 dispersa
953 380 966 400 ,
1011 355 1106 392 nec·

121 421 322 468 tantum
349 431 466 468 cum
497 416 547 467 in
574 415 724 467 aliter
744 415 1026 468 sentientes
1051 429 1106 466 a·

120 489 417 556 nathemata
457 490 783 558 pronuntiat,
824 488 914 542 sed
953 503 1106 556 gene-

119 563 299 625 ratim,
343 563 463 615 dum
505 563 653 616 docet
697 579 828 632 quae
875 562 1105 614 revelata

120 644 258 690 sunt.
293 636 465 692 V.Th.
491 653 610 705 gen.
639 635 736 708 (l).
763 636 938 705 ltaque
958 643 1106 688 extra

122 711 393 764 conciliare
431 727 632 780 quoque
679 710 940 763 Ecclesiae
979 710 1104 761 iudi-

121 785 255 838 cium
278 800 456 838 omnes
484 786 707 838 revereri
748 791 799 836 et
825 785 1005 837 audire
1033 790 1107 836 te-

120 866 329 920 nentur,
361 860 600 928 quoniam
629 858 862 928 perillud
890 859 952 911 de
979 858 1109 911 veri-

120 934 309 986 tatibus
338 933 582 986 divinitus
637 932 898 994 revelatis,
943 939 994 985 et
1045 932 1108 985 de

117 1008 343 1075 genuino
370 1007 576 1060 illarum
616 1023 772 1060 sensu
816 1008 941 1060 satis
980 1007 1107 1059 certi

118 1082 432 1134 redduntur.

190 1155 322 1208 Nota
364 1155 415 1207 1.
443 1154 539 1207 Per
566 1154 793 1206 divinam
821 1154 1106 1207 Revelatio-

117 1245 259 1291 nem,
286 1245 417 1298 quae
445 1236 691 1297 tanquam
713 1229 876 1296 prima
898 1228 963 1280 ad
991 1228 1107 1294 dog-

119 1319 201 1355 ma
241 1303 660 1356 constituendum
689 1302 913 1355 conditio
942 1304 1110 1370 requi-

116 1378 281 1438 ritur,
327 1393 428 1429 non
494 1376 800 1444 intelligitur
861 1377 957 1428 nisi
997 1376 1107 1438 illa,

117 1467 271 1520 quam
312 1450 546 1503 Christus
588 1466 676 1518 per
718 1451 987 1518 Apostolos
1027 1450 1111 1502 ho-

119 1526 346 1578 minibus
386 1525 720 1577 annuntiavit
761 1523 856 1596 (02).
885 1523 1005 1576 Ideo
1033 1541 1113 1576 re-

119 1599 424 1660 velationes,
467 1614 597 1651 aevo
620 1599 898 1666 apostolico
938 1614 1111 1650 recen-

120 1674 296 1733 tiores,
344 1674 414 1724 uti
438 1689 522 1724 ex.
567 1688 646 1740 gr.
679 1679 802 1723 sunt
840 1672 1113 1724 revelatio-

114 1763 207 1800 nes
246 1746 298 1798 S.
330 1746 593 1814 Birqitlae,
636 1744 690 1797 S.
735 1744 1016 1806 GertrudiS,
1054 1745 1106 1797 S.

121 1819 424 1874 Catharinac
463 1818 577 1871 Sen.
610 1825 709 1870 etc.
739 1820 923 1880 sactae,
948 1834 1112 1886 neque

121 1895 187 1947 ad
216 1894 503 1949 doctrinam
526 1891 716 1945 Christi
754 1895 818 1945 ab
858 1892 1114 1960 Apostolis

122 1968 495 2038 praedicatam,
538 1982 705 2035 neque
744 1966 809 2019 ad
855 1967 1111 2019 obiectum

120 2041 503 2095 infallibilitatis
544 2040 922 2094 ecclesiasticae
963 2042 1112 2108 perti-

122 2123 269 2177 nent,
315 2131 483 2184 neque
506 2114 569 2166 ad
593 2115 778 2182 dogma
799 2117 1114 2168 constituen-

124 2191 246 2243 dum
273 2187 536 2242 sufficiunt
564 2186 662 2260 (3).

196 2264 330 2317 Nola
353 2264 407 2316 ἓ
437 2264 550 2318 Non
573 2263 764 2323 omnia,
796 2262 999 2332 quaein
1028 2261 1109 2315 Ss.

126 2338 331 2391 Litteris
355 2337 618 2405 leguntur,
637 2353 721 2389 ex.
754 2352 834 2405 gr.
865 2336 927 2388 de
941 2336 1110 2398 bellis,

126 2414 190 2465 de
211 2412 328 2464 fatis
348 2410 676 2495 populorum,
703 2410 766 2462 de
793 2411 1115 2463 sermonibus

124 2493 176 2539 et
212 2486 539 2538 actionibus
527 2487 799 2553 impiorum
829 2490 953 2548 ete„
998 2483 1113 2536 fidei

125 2559 436 2613 christianae
476 2559 717 2627 dogmata
757 2559 856 2612 dici
881 2564 1111 2627 possunt3

125 2634 277 2687 sicuti
302 2635 440 2687 enim
468 2634 566 2686 ista
593 2634 785 2686 directe
808 2633 871 2686 ad
894 2633 1048 2685 fidem
1065 2639 1117 2685 et

127 2724 296 2761 mores
320 2723 419 2760 non
449 2714 707 2777 spectant,
751 2709 821 2760 ita
849 2708 1003 2760 etiam
1043 2706 1116 2759 di-

127 2788 268 2835 recte
308 2788 359 2834 et
387 2797 476 2850 per
503 2795 558 2834 se
585 2781 651 2835 ab
688 2781 921 2834 Ecclesia
958 2780 1117 2834 fideli·

126 2856 226 2909 bus
253 2855 318 2908 ad
345 2856 663 2908 credendum
691 2871 791 2908 non
822 2871 1117 2924 proponun-

127 2936 235 2982 tur:
254 2930 430 2999 negari
444 2936 616 2982 tamen
638 2930 795 2983 etiam
814 2930 901 2982 illa
924 2930 1117 2998 absque

130 3004 277 3071 gravi
303 3003 454 3071 culpa
482 3019 583 3056 non
623 3010 854 3071 possunt,
897 3004 1017 3073 quia
1043 3005 1121 3056 in-

135 3078 327 3130 directe
340 3077 404 3129 ad
427 3077 580 3129 fidem
601 3085 856 3145 spectant3
883 3093 1002 3130 nam
1033 3077 1120 3146 qui

135 3152 232 3204 ista
268 3158 501 3219 negaret,
545 3151 708 3219 ipsam
747 3167 948 3221 quoque
996 3150 1121 3203 divi-

136 3240 257 3278 nam
294 3224 358 3278 S:
391 3223 687 3294 Scripturae
735 3226 1118 3289 auctoritatem,

188 3382 218 3423 (1
261 3383 298 3418 P.
324 3382 357 3425 3,
381 3388 458 3418 sect
494 3382 529 3426 2,
553 3381 678 3428 5228.

185 3427 222 3470 (2
261 3428 344 3462 Mat.
368 3427 423 3468 28,
449 3426 504 3462 20.

183 3472 220 3518 (3
258 3472 311 3509 Gt.
329 3472 559 3516 muratorius,
578 3471 642 3507 lib.
659 3471 739 3508 1de
757 3480 880 3518 ingen.
894 3475 992 3510 mod.
1005 3481 1039 3510 c.
1055 3472 1114 3511 17.

1164 207 1256 244 seu
1282 175 1670 259 inspirationem
1693 204 1883 258 negare
1915 189 2147 254 deberet,

1163 281 1294 333 quae
1317 266 1379 317 de
1394 264 1495 317 fide
1515 263 1772 317 credenda
1792 270 1890 317 est.
1914 263 1979 319 V.
1998 261 2146 317 Cone.

1167 339 1383 393 Trident.
1414 337 1553 393 SeSS.
1586 337 1640 390 li.

1388 559 1610 601 Dogmatum
1633 556 1928 594 immutabilitas.

1239 635 1289 686 l.
1312 633 1392 686 Ex
1418 633 1567 686 dictis
1588 632 1910 701 colligiturin
1928 635 2063 687 Eccli
2084 637 2159 689 sia

1166 707 1354 760 Christi
1413 722 1678 776 nunquam
1726 724 1860 761 nova
1915 709 2157 778 dogmata

1165 783 1307 845 oriri,
1335 797 1430 834 nec
1450 781 1733 834 eorundem
1763 798 2036 835 numerum
2065 800 2158 836 au-

1165 857 1295 926 geri,
1339 856 1429 909 sed
1447 856 1712 909 doctrinae
1734 857 2047 910 christianae
2076 857 2160 910 de-

1170 932 1390 998 positum
1412 947 1615 999 semper
1636 931 1802 1000 quoad
1816 931 2159 984 substantiam

1167 1006 1487 1058 immutabile
1529 1021 1758 1058 manere.
1810 1005 2160 1075 Quaecunque

1169 1081 1305 1133 enim
1346 1077 1580 1132 Christus
1621 1079 1896 1142 revelavit,
1941 1080 2071 1132 haec
2109 1087 2161 1134 et

1168 1154 1232 1207 ab
1274 1154 1530 1222 Apostolis
1570 1153 1794 1206 fideliter
1842 1155 2160 1207 annunciata

1169 1234 1309 1289 sunt,
1354 1235 1405 1280 et
1428 1228 1492 1279 ab
1532 1227 1762 1280 Ecclesia
1783 1244 1914 1296 quae
1938 1227 2160 1281 deficere

1172 1303 1368 1370 nequit,
1413 1308 1711 1354 constanter
1750 1302 1814 1354 ad
1843 1302 2159 1355 credendum

1171 1383 1545 1444 proponuntur,
1577 1383 1731 1444 atque
1755 1392 1877 1428 vere
1904 1377 1969 1429 ab
1997 1382 2161 1429 omni-

1172 1451 1266 1502 bus
1285 1449 1560 1503 Catholicis
1580 1450 1764 1502 saltem
1787 1451 2031 1518 implicite
2051 1467 2161 1503 cre·

1172 1524 1386 1576 duntur.
1431 1524 1549 1576 Ideo
1591 1522 1823 1592 Oriyenes
1863 1524 2158 1577 Comment.

1173 1599 1221 1648 in
1245 1597 1428 1651 Matth.
1462 1595 1540 1669 (li)
1560 1613 1677 1649 cum
1696 1599 1970 1650 veritatem
1996 1599 2046 1650 in
2071 1598 2162 1651 Ec-

1171 1673 1326 1723 clesia
1354 1671 1608 1723 catholica
1632 1674 2001 1724 annunciatam
2023 1688 2162 1725 com-

1172 1751 1404 1812 pirasset
1443 1744 1629 1811 fulgori
1669 1745 1954 1811 egredienti
1994 1747 2058 1799 ab
2098 1746 2162 1800 O·

1173 1820 1356 1877 riente,
1401 1824 1451 1870 et
1478 1820 1747 1886 apparenti
1777 1835 1938 1888 usque
1972 1821 2036 1872 ad
2060 1820 2160 1875 Oc-

1173 1893 1430 1944 cidentem
1457 1933 1468 1953 ,
1512 1893 1803 1961 subiungit:
1853 1913 1879 1944 «
1910 1893 2030 1947 Sola
2068 1895 2162 1948 Ec-

1174 1967 1327 2018 clesia
1371 1981 1536 2034 neque
1587 1967 1844 2021 subtrabit
1878 1967 2033 2022 huius
2068 1970 2163 2022 ful-

1173 2041 1311 2108 goris
1359 2041 1575 2092 verbum
1621 2047 1673 2093 et
1719 2058 1952 2103 sensum,
1996 2059 2163 2113 neque

1173 2114 1314 2167 addit
1359 2115 1503 2182 quasi
1541 2115 1861 2182 prophetiam
1890 2117 2029 2169 aliud
2071 2118 2164 2170 ali-

1173 2189 1313 2257 quid.
1363 2208 1387 2237 »
1422 2187 1474 2240 S.
1501 2187 1595 2240 Leo
1623 2190 1700 2243 M.
1736 2189 1808 2260 (5)
1836 2191 1934 2243 ait:
1966 2190 2023 2243 ln
2067 2191 2162 2244 Ec-

1173 2263 1328 2315 clesia
1351 2262 1601 2315 catholica
1637 2272 1714 2316 est
1739 2284 1765 2314 «
1790 2264 1916 2317 fides
1937 2266 2158 2335 integra,

1173 2337 1300 2389 fides
1330 2352 1474 2397 vera,
1505 2337 1554 2388 in
1597 2353 1699 2406 qua
1729 2354 1822 2391 nec
1869 2341 2048 2408 augeri
2095 2340 2161 2393 ab

1180 2411 1281 2463 ullo
1321 2410 1620 2480 quidquam,
1646 2428 1741 2465 nec
1770 2413 1930 2466 minui
1973 2420 2159 2482 potest3

1176 2486 1294 2554 quia
1335 2485 1432 2538 nisi
1461 2501 1565 2537 una
1605 2493 1703 2548 est,
1747 2486 1873 2554 fides
1907 2503 2007 2539 non
2061 2494 2159 2551 est,

1176 2560 1379 2611 dicente
1419 2557 1683 2627 Apostolo:
1727 2577 1860 2613 unus
1898 2560 2159 2619 Dominum

1178 2650 1275 2686 una
1315 2634 1450 2703 fide&
1487 2649 1643 2686 unum
1680 2633 1942 2703 baptisma.
1981 2655 2003 2685 »
2042 2635 2161 2689 Vin-

1177 2709 1379 2760 centius
1430 2706 1586 2759 Lirin.
1639 2709 1690 2760 in
1731 2707 2039 2762 Commonit.
2085 2708 2162 2783 (6)

1179 2781 1442 2850 praeclare
1468 2781 1671 2834 scribit:
1719 2802 1746 2832 «
1771 2781 1959 2836 Christi
1981 2783 2160 2837 Eccle-

1178 2858 1252 2908 sia
1301 2854 1481 2909 sedula
1527 2862 1579 2908 et
1617 2864 1770 2910 cauta
1815 2857 2163 2925 depositorum

1179 2930 1313 2998 apud
1358 2946 1413 2982 se
1453 2928 1754 2995 dogmatum
1793 2937 1987 2994 custos,
2031 2932 2159 2984 nihil

1181 3006 1231 3056 in
1272 3004 1351 3056 his
1400 3018 1629 3071 unquam
1670 3011 1968 3072 permutat,
2032 3005 2158 3058 nihil

1183 3078 1386 3138 minuit,
1417 3074 1544 3129 nihil
1580 3077 1743 3141 addit,
1788 3094 1890 3131 non
1929 3085 2166 3147 amputat

1183 3151 1505 3209 necessaria,
1569 3166 1669 3203 non
1725 3151 1933 3221 apponit
1991 3167 2166 3221 super-

1182 3224 1307 3288 flua,
1353 3228 1454 3276 non'
1534 3224 1726 3280 amittit
1780 3241 1908 3290 sua,
1951 3241 2054 3279 non
2106 3241 2165 3279 u-

1244 3385 1279 3428 4)
1304 3384 1410 3420 Trae.
1434 3384 1494 3427 29,
1518 3394 1556 3420 n.
1582 3383 1638 3420 4⁷.

1245 3429 1278 3471 5)
1303 3430 1376 3464 Ser.
1389 3429 1445 3466 24.
1470 3429 1514 3464 al.
1526 3428 1583 3472 23,
1606 3438 1646 3465 n.
1671 3427 1694 3465 6

1244 3473 1282 3520 θ)
1305 3474 1388 3519 Cap.
1411 3473 1470 3509 28-
