2332 3860
228 147 334 201 558

154 245 247 298 suit
284 245 630 297 remuneratio
673 258 762 310 pro
802 241 1063 295 doloribus
1091 246 1144 292 et

152 317 452 387 opprobriiS‚
496 333 621 387 quos
661 316 875 370 Divinus
926 315 1144 370 Redem-

152 399 265 460 ptor
309 393 570 453 sustinuit.
627 389 776 444 Unde
815 391 872 444 S.
927 389 1143 442 Thomas

152 465 227 537 (l)
256 467 466 520 scribit:
525 485 552 514 «
605 464 960 518 Necessarium
1024 463 1138 524 fuit,

149 540 408 596 Christum
433 555 770 607 resurgere...
796 539 856 591 ad
888 553 1144 590 commen-

149 614 408 667 dationem
473 614 677 666 divinae
741 614 965 666 iustitiae
997 653 1008 672 ‚
1078 611 1139 663 ad

149 704 301 757 quam
345 689 565 756 pertinet
605 687 837 742 exaltare
878 686 1011 747 illos,
1054 686 1138 754 qui

147 779 203 815 se
243 770 449 831 propter
487 763 651 817 Deum
710 761 1021 820 humiliant,
1064 775 1141 811 se-

148 839 374 890 cundum
414 836 540 889 illud
589 837 735 906 (Luc.
792 835 863 905 l):
916 835 1141 903 Deposuit

141 919 358 980 potentes
393 911 448 963 de
499 912 627 971 sede,
683 917 726 962 et
774 909 1003 962 occultavit
1056 908 1143 960 Im-

147 985 304 1038 mites.
347 985 474 1048 Quia
522 985 677 1053 igitur
735 982 970 1035 Christus
1027 999 1142 1050 pro-

150 1066 261 1127 pter
289 1059 593 1111 charitatem
617 1065 667 1109 et
687 1058 1026 1110 obedientiam
1052 1057 1138 1110 Dei

149 1149 206 1186 se
247 1133 537 1186 humiliavit
578 1148 743 1201 usque
800 1132 864 1184 ad
923 1139 1137 1184 mortem

148 1210 337 1271 cruciS,
381 1208 664 1275 oportebat,
710 1207 843 1274 quod
891 1206 1142 1258 exaltare-

151 1289 233 1335 tur
270 1298 300 1335 a
347 1281 452 1334 Deo
517 1296 679 1350 usque
736 1281 798 1332 ad
865 1281 1137 1348 gloriosam

147 1357 597 1409 resurrectionem.
623 1354 768 1408 Unde
795 1371 859 1407 ex
889 1356 998 1406 eius
1032 1370 1142 1421 per·

148 1446 272 1482 sona
295 1431 479 1482 dicitur
507 1431 559 1482 in
583 1429 785 1481 Psalmo
811 1428 1136 1483 CXXXVllI:

150 1504 221 1556 Tu
249 1505 529 1573 coqnovisti,
562 1506 595 1556 i.
629 1519 675 1556 e.
721 1504 1008 1571 approbasti
1050 1519 1142 1554 ses·

148 1580 336 1631 sionem
365 1595 523 1631 meam
552 1578 911 1646 (humilitatem
942 1584 993 1629 et
1033 1594 1143 1645 pas-

149 1651 370 1724 sionem)
413 1660 456 1705 et
519 1656 920 1705 resurrectionem
959 1668 1135 1714 meam,

149 1728 184 1780 i.
230 1744 276 1780 e.
322 1727 746 1795 glorificationem
785 1743 954 1780 meam
994 1728 1042 1778 in
1067 1743 1141 1780 re·

148 1804 484 1854 surrectione.

220 1877 272 1928 2.
319 1875 725 1928 Resurrectionis
747 1891 870 1930 voce
893 1892 990 1928 non
1015 1876 1137 1928 illud

147 1950 314 2004 solum
382 1950 773 2018 intelligendum
832 1957 937 2014 est,
1003 1950 1142 2002 Chri-

147 2031 286 2077 stum
327 2039 355 2076 e
397 2026 612 2076 mortuis
652 2025 932 2076 excitatum
963 2023 1135 2087 fuisse,

148 2099 281 2168 quod
323 2099 501 2151 multis
540 2099 656 2150 aliis
696 2114 968 2150 commune
1010 2099 1133 2159 fuit,

147 2172 237 2226 sed
276 2189 369 2225 sua
411 2173 458 2224 vi
489 2179 539 2225 et
561 2174 752 2225 virtute
776 2175 1135 2236 resurrexisse,

148 2248 279 2316 quod
322 2248 580 2315 proprium
620 2248 668 2298 in
712 2247 798 2299 illo
840 2248 934 2300 fuit
954 2255 1002 2299 et
1035 2249 1140 2299 sin-

147 2321 344 2390 gulare.
407 2321 569 2384 Quam
640 2322 863 2390 seipsum
923 2323 1140 2374 resusci-

148 2396 287 2449 tandi
331 2402 634 2464 potestatem
669 2394 900 2448 Christus
941 2397 1032 2448 sibi
1068 2404 1141 2449 at-

150 2471 328 2523 tribuit
369 2470 574 2522 dicens:
609 2470 711 2538 Eyo
756 2487 883 2539 pono
923 2471 1139 2523 eitimam

149 2560 326 2606 meam,
370 2553 422 2595 ut
463 2545 643 2595 iterum
682 2561 872 2596 sumam
911 2561 1056 2596 eam:
1097 2554 1138 2596 et

146 2627 423 2689 potestate-m
445 2618 590 2670 habeo
610 2619 824 2687 ponendi
839 2635 963 2678 eom,
995 2628 1036 2670 et
1055 2636 1140 2687 po-

152 2701 360 2746 testatem
400 2693 544 2745 habeo
584 2695 760 2744 iterum
787 2694 1007 2744 sumendi
1034 2710 1138 2745 eam

96 2775 100 2779 ’
151 2767 248 2838 (2).
292 2767 494 2820 Iudaeis
532 2768 685 2820 etiam
726 2767 788 2818 ad
837 2768 1140 2821 confirman-

151 2842 269 2894 dam
315 2842 575 2894 doctrinae
636 2842 906 2894 veritatem
970 2842 1133 2893 dixit:

149 2914 322 2968 Solvite
362 2918 591 2984 temptum
633 2915 737 2976 hoc,
779 2923 821 2967 et
876 2916 928 2971 in
985 2916 1138 2967 tribus

151 2989 322 3042 diebus
361 2990 573 3043 excitabo
601 2989 721 3042 illud
750 2987 845 3060 (5).
866 2989 1006 3052 Quod
1034 2992 1141 3058 qui-

152 3064 269 3116 dem
310 3065 508 3116 tametsi
550 3063 612 3115 de
651 3063 840 3132 templo
892 3063 977 3116 illo
1036 3081 1141 3117 ma-

151 3137 337 3205 gnifice
377 3153 442 3189 ex
499 3138 750 3205 lapidibus
806 3144 999 3190 structo
1063 3140 1139 3190 in-

152 3211 483 3279 telligerent:
528 3212 606 3264 ille
644 3220 805 3265 autem
845 3212 1028 3266 dicebat
1083 3214 1140 3266 de

153 3284 324 3355 templo
364 3285 580 3354 eorporis
627 3287 707 3339 sui
759 3283 854 3358 (li).
903 3286 1140 3342 Rectissi-

196 3441 231 3485 (1
271 3439 306 3485 3,
328 3449 363 3485 q.
391 3440 447 3483 5³,
471 3446 540 3476 art.
564 3441 597 3479 1.

197 3442 252 3576 (ἓξ
274 3487 399 3521 Ioann.
425 3484 480 3527 1⁰,
501 3484 559 3528 17,
581 3490 648 3522 etc.

201 3530 235 3575 ιθ
273 3531 398 3568 loenn.
425 3530 459 3574 2,
484 3529 538 3566 19.
872 3530 917 3576 (Α)
945 3532 981 3567 V.
994 3531 1049 3577 21.

509 216 511 220 ι
567 163 629 199 DE
666 161 760 199 ΠΕΟ
797 159 929 199 LArsi
969 158 1185 200 nuMANl.

1203 157 1406 195 GENERIS
1442 157 1778 212 REDEMPTORE.

1204 254 1287 291 me
1325 254 1448 306 ergo
1485 239 1691 303 dicitur,
1756 236 2021 296 Christum
2074 223 2255 314 profi&

1207 314 1323 381 pria⁴
1353 314 1543 368 virtute
1567 315 1927 379 resurrexisse,
1958 313 2210 388 quamvis‘
2259 315 2322 367 ’ν’

1204 386 1324 440 hinc
1363 387 1482 441 inde
1510 387 1586 460 (5)
1625 406 1655 442 a
1686 389 1838 443 Patre
1858 395 2196 460 resuscitatus

1203 477 1314 514 esse
1355 461 1576 516 dicatur.
1618 462 1904 534 Utrumque
1930 468 2077 520 ¹enim
2105 483 2194 522 ve·

1205 552 1317 588 rum
1357 543 1476 598 est,
1519 552 1639 591 nam
1695 540 1767 592 ait
1828 539 1880 592 S.
1953 540 2189 607 Thomas,

1205 609 1302 662 loc.
1346 613 1430 663 cit.
1474 610 1572 682 (6):
1619 631 1644 660 «
1675 611 1866 667 Eadem
1908 621 1987 668 est
2017 616 2192 671 divina
2268 592 2326 674 ,if'

1204 685 1368 738 virtus
1406 692 1458 737 et
1496 686 1721 754 operatio
1759 695 1812 740 et
1848 688 2013 742 Patris
2039 698 2091 742 et
2115 690 2195 744 Fi-

1205 758 1275 811 lii.
1322 759 1469 812 Unde
1507 760 1634 812 liaec
1683 761 1783 813 duo
1803 778 1856 816 se
1874 779 2192 833 consequun-

1205 840 1306 894 tur,
1351 834 1484 903 quod
1521 833 1754 888 Christus
1793 837 1858 889 sit
1911 840 2193 893 suscitatus

1203 907 1374 960 divina
1425 910 1613 962 virtute
1671 908 1835 964 Patris
1891 919 1944 965 et
2005 914 2084 965 sui
2151 915 2192 966 i-

1204 983 1358 1050 psiuS.
1390 1003 1416 1032 »

1276 1057 1328 1108 5.
1372 1056 1421 1109 Si
1465 1057 1762 1125 quaeritur.
1814 1060 1963 1113 cuius
2021 1060 2192 1115 condi-

1205 1130 1353 1183 tionis
1391 1138 1442 1183 et
1481 1133 1740 1200 qualitatis
1770 1134 1949 1186 ’fuerit
2006 1150 2191 1203 corpus

1203 1202 1386 1256 Christi
1429 1208 1764 1273 resurgentiS,
1807 1208 1866 1262 S.
1894 1208 2190 1281 Thomas(7)

1204 1280 1509 1346 respondet:
1545 1300 1568 1330 «
1602 1280 1797 1349 Corpus
1823 1281 2009 1335 Christi
2031 1285 2080 1336 in
2110 1300 2191 1337 re-

1201 1356 1516 1406 surreetione
1556 1355 1649 1408 fuit
1689 1355 2190 1430 eiusdem‘naturae,

1201 1428 1288 1479 sed
1330 1428 1542 1481 alterius
1581 1429 1793 1497 gloriae.
1838 1431 1987 1484 Unde
2045 1434 2192 1501 quid-

1202 1502 1319 1569 quid
1360 1504 1421 1554 ad
1466 1511 1703 1555 naturam
1743 1507 1966 1579 eorporis
2014 1506 2193 1560 huma-

1204 1579 1251 1627 ni
1296 1580 1531 1644 pertinet,
1572 1585 1733 1630 totum
1763 1579 1856 1632 {uit
1894 1581 1943 1633 in
1979 1580 2192 1649 corpore

1202 1649 1387 1704 Christi
1454 1655 1787 1720 resurgentis
1863 1654 2189 1709 Manifestum

1202 1733 1280 1778 est
1317 1733 1510 1788 autem,
1554 1728 1685 1796 quod
1726 1729 1788 1781 ad
1822 1735 2054 1782 naturam
2083 1747 2191 1783 cor-

1203 1800 1335 1867 poris
1389 1801 1597 1853 humani
1665 1804 1921 1870 pertinent
1983 1820 2186 1867 carne5‚

1202 1881 1252 1926 et
1292 1891 1404 1926 ossa
1445 1883 1494 1928 et
1535 1878 1741 1944 sanguis
1782 1883 1831 1929 et
1869 1878 1969 1930 alia
2018 1878 2190 1931 huius-

1203 1948 1354 2000 modi.
1402 1950 1463 2002 Et
1503 1950 1615 2002 ideo
1654 1953 1824 2004 omnia
1865 1954 1960 2004 ista
2001 1954 2050 2004 in
2079 1969 2189 2005 cor-

1205 2039 1322 2091 pore
1364 2022 1548 2076 Christi
1590 2027 1904 2093 resurgentis
1943 2026 2185 2090 fuerunt,

1202 2105 1252 2149 et
1291 2098 1442 2150 etiam
1485 2099 1804 2166 integraliter
1831 2101 2021 2169 absque
2049 2102 2189 2154 omni

1202 2172 1570 2236 diminutione3
1614 2173 1837 2242 alioquin
1883 2191 1980 2226 non
2011 2175 2190 2229 fuisset

1204 2246 1424 2312 perfecta
1468 2250 1791 2316 resurrectio,
1830 2249 1872 2301 si
1913 2265 2013 2302 non
2066 2251 2188 2303 fuis-

1201 2327 1279 2372 set
1338 2321 1742 2388 redintegratum
1801 2323 2042 2392 quidquid
2098 2340 2190 2393 per

1204 2402 1415 2447 mortem
1457 2395 1730 2449 ceciderat.
1793 2415 1814 2445 »
1871 2427 1942 2436 —
1994 2397 2188 2452 Idcirco

1202 2469 1307 2536 ipse
1348 2468 1579 2522 Christus
1622 2477 1732 2538 post
1762 2474 2189 2526 resurrectionem

1202 2544 1463 2611 discipulis
1502 2560 1754 2612 apparens
1794 2547 1986 2615 inquit:
2030 2547 2210 2624 Videte·

1199 2633 1374 2669 manus
1412 2634 1541 2669 meas
1580 2626 1623 2670 et
1655 2620 1799 2688 pedes
1862 2637 2009 2683 τηεσε,
2070 2623 2188 2690 quia

1199 2708 1280 2758 eqo
1303 2693 1398 2760 ipse
1419 2708 1549 2743 sum.-
1583 2694 1776 2762 palpate
1802 2701 1844 2746 et
1871 2695 2039 2755 videte,
2071 2697 2189 2764 quia

1199 2768 1402 2834 spiritus
1442 2782 1636 2818 carnem
1674 2777 1717 2819 et
1756 2780 1872 2821 ossa·
1907 2786 2003 2821 non
2034 2769 2188 2837 habet,

1199 2844 1323 2892 sicut
1360 2855 1434 2891 me
1472 2841 1645 2893 videtis
1679 2841 1848 2895 habere
1877 2841 1972 2914 (8).
2004 2843 2190 2906 Quam-

1201 2914 1279 2965 vis
1318 2921 1489 2966 autem
1530 2931 1713 2984 corpus
1752 2915 1937 2969 Christi
1978 2924 2087 2985 post
2113 2934 2190 2971 re-

1200 2989 1571 3041 surrectionem
1612 2997 1852 3043 naturam
1908 3007 2053 3044 suam
2109 3008 2187 3044 re·

1201 3062 1432 3130 tinuerit,
1477 3070 1704 3116 attamen
1746 3080 1811 3117 ex
1848 3064 2072 3133 passibili
2134 3072 2188 3118 et

1203 3137 1401 3188 mortali
1441 3140 1606 3190 evasit
1644 3139 1951 3206 impassibile
1989 3145 2041 3192 et
2097 3138 2188 3192 im-

1201 3209 1433 3263 mortale.
1476 3210 1528 3264 S.
1573 3211 1667 3264 Leo
1708 3214 1788 3267 M.
1830 3212 1993 3266 Serm.
2039 3213 2092 3274 l,
2123 3212 2187 3266 de

1202 3291 1476 3338 resurrect.
1516 3284 1705 3341 Christi
1743 3287 1941 3356 inquit:
1980 3306 2007 3335 ι(
2054 3285 2188 3350 Qua-

1246 3442 1294 3484 (Β)
1322 3444 1395 3478 Aet.
1422 3443 1485 3487 Ap.
1513 3443 1547 3486 3,
1570 3443 1627 3490 24,
1651 3443 1754 3480 Rom.
1780 3442 1813 3487 8,
1837 3442 1890 3479 11.

1244 3486 1295 3531 (6)
1320 3489 1393 3522 Art.
1417 3486 1451 3527 4,
1474 3489 1519 3522 ad
1542 3487 1575 3523 1.

1243 3530 1296 3576 (Ἴ)
1320 3531 1353 3575 3,
1376 3540 1412 3576 q.
1439 3531 1496 3575 54,
1521 3537 1588 3567 art.
1613 3529 1646 3568 2.

1842 3531 1890 3576 (8)
1914 3533 2001 3568 Luc.
2027 3533 2086 3577 ιιι.
2109 3533 2164 3572 aa.
2230 3520 2234 3522 ’
2271 3518 2332 3592 '3

2314 3420 2332 3462 τ’

2307 3484 2326 3504 ‹-

2295 3594 2332 3667 i

2118 3837 2128 3850 ⁴
2243 3666 2332 3860 ‘ii-³
