2332 3860
80 0 137 24 ..N
179 0 186 2 ψ

0 0 78 196 ἔ
252 109 259 116 v

0 192 62 303 ξ’
158 216 163 221 ’
520 230 529 233 “
672 226 790 264 mas
826 226 861 264 i.
904 226 1071 267 sacrm
1108 226 1146 265 ι.
1188 224 1341 264 capua·
1375 225 1432 265 ιι.

0 305 261 398 §Dempta
274 280 432 370 nobis,
451 305 563 375 qais
575 315 744 361 contra
761 308 878 362 nos?
898 307 1023 360 nihil

0 374 175 438 certe
208 380 454 465 impedire
498 387 696 450 potest,
751 383 1025 451 quominus

2 456 336 528 promissam
373 455 481 508 suis
528 455 814 509 cultoribus
866 455 1024 509 felici-

7 536 196 587 ..tatem
231 529 480 583 conferat.
519 559 592 568 --
630 529 799 582 Etiam
837 530 889 582 in
932 529 1025 583 hu-

14 605 116 670 ..ius
161 602 354 656 saeculi
417 602 819 657 adversitatibus
878 604 1026 656 decet

34 680 141 749 pios
165 676 229 730 ad
255 692 376 730 eum
402 677 701 745 confugere,
732 678 818 746 qui
848 684 924 729 est
947 675 1022 747 (l)

21 758 251 814 ,nostrum
289 752 538 819 refaqiam
564 757 608 803 et
634 750 1026 812 virtusmdiutor

18 825 88 878 -in
124 823 540 886 tribulationibus;
580 831 632 876 et
670 841 787 877 cum
825 821 1024 877 Christo

34 914 178 952 arare
218 895 316 969 (9):
359 896 491 951 Abba
522 898 687 961 Pater,
743 898 912 950 omnia
940 898 1025 950 tibi

4 978 9 981 ’
33 971 276 1045 possibilia
289 981 423 1036 sunt3
447 973 659 1040 transfer
680 972 876 1024 calicem
898 972 1026 1024 lianc

0 1061 64 1117 ‚a
99 1062 196 1110 me;
227 1046 308 1098 sed
346 1062 442 1098 uon
482 1047 609 1114 quod
647 1063 728 1115 eqo
766 1046 889 1107 volo,
946 1047 1026 1098 sed

19 1119 158 1191 ‘quod
197 1127 267 1172 tu.
319 1151 392 1159 —
431 1120 611 1173 Merito
661 1127 836 1173 autem
886 1121 1022 1188 impii

35 1200 273 1247 metuunt
299 1195 705 1262 omnipotentem
726 1194 909 1255 Deum,
942 1210 1028 1245 cu-

12 1266 112 1324 T‘rus
134 1267 414 1320 vindictam
441 1268 667 1335 effugere
697 1285 795 1320 non
827 1269 1021 1332 valent:

34 1340 167 1393 unde
206 1340 440 1394 Christus
468 1339 543 1412 (5)
572 1343 664 1394 ait:
698 1343 854 1394 timete
885 1358 1020 1403 eam,

35 1414 123 1482 qui
157 1423 414 1483 postquam
440 1417 693 1477 occiderit,
725 1416 861 1468 habet
898 1424 1025 1485 pote·

6 1495 202 1540 -statem
243 1490 430 1542 mittere
469 1490 523 1542 in
562 1490 848 1558 qehennam.

451 1640 489 1700 §
515 1641 615 1685 ao.

353 1744 405 1778 De
433 1744 608 1787 sapientia
632 1744 707 1779 Dei.

113 1853 380 1923 Sapienter
418 1871 571 1922 agere
612 1856 818 1916 dicitur,
850 1856 934 1923 qui
964 1856 1025 1907 ad

32 1927 192 1982 'finem
222 1930 413 1981 bonum
439 1937 556 1997 apta
586 1929 751 1981 media
781 1930 1022 1997 applicat.

10 1998 297 2071 ¹Sapientia
338 2019 459 2071 ergo
508 2019 626 2055 cum
672 2003 885 2055 scientia
928 2019 1025 2055 non

45 2084 122 2129 est
158 2077 549 2141 confundenda;
613 2077 741 2129 haec
799 2079 935 2129 enim
977 2079 1024 2129 in

42 2149 151 2206 solo
191 2151 476 2212 intellectu,
508 2151 595 2203 illa
625 2167 747 2203 vero
786 2153 836 2203 in
881 2152 1028 2204 intel-

30 2222 181 2276 ·lectu
227 2225 468 2277 simulet
508 2224 774 2277 voluntate
816 2226 1022 2278 residet.

45 2295 236 2367 Quippe
263 2299 325 2350 ad
354 2300 659 2366 sapientiam
681 2300 911 2359 scientia,
937 2316 1027 2352 seu

43 2373 260 2438 cognitio
287 2372 403 2424 finis
430 2373 548 2424 boni
576 2380 626 2425 et
659 2387 897 2440 aptorum
926 2391 1029 2425 me·

45 2444 241 2497 diorum
259 2447 546 2498 necessaiia
569 2454 667 2510 est3
693 2448 781 2499 scd
805 2448 910 2498 sola
930 2464 1028 2500 non

43 2517 244 2580 sufficit,
291 2535 472 2571 verum
498 2536 653 2588 quam
691 2523 916 2572 maxime
951 2539 1030 2573 re-

42 2582 280 2665 quiritur,
309 2600 365 2645 ut
389 2594 626 2646 voluntas
654 2594 811 2647 finem
838 2595 1029 2647 bonum

30 2678 164 2717 'vere
190 2667 441 2728 intendat,
473 2674 524 2719 et
551 2669 615 2720 ad
652 2669 875 2727 eundem
902 2670 1031 2721 obti-

23 2740 269 2799 ‘nendum
295 2748 415 2808 apta
443 2741 610 2794 media
638 2749 757 2794 actu
798 2743 954 2810 eligat
981 2749 1031 2795 et

34 2804 283 2895 '‘ppplicet.
323 2813 582 2882 Sapientia
610 2832 732 2883 ergo
759 2816 931 2868 divina
954 2824 1031 2870 est

9 2884 241 2952 {infinita
282 2885 370 2940 illa
403 2888 684 2955 perfecti0‚
738 2905 838 2957 qua
895 2890 1032 2943 Deus

31 2959 270 3043 optimos
294 2960 426 3012 fines
454 2961 586 3022 vult,
627 2968 680 3014 et
717 2978 809 3030 per
848 2978 1034 3015 conve·

43 3059 45 3062 ⁴
79 3034 362 3093 lentissima
401 3035 569 3087 media
597 3035 909 3104 assequitur.
956 3036 1033 3090 Ab

0 3176 4 3177 ἶ
43 3115 66 3167 J
178 3109 426 3176 sapientia
455 3109 627 3160 divina
652 3109 852 3162 infinite
880 3109 1034 3162 distat

43 3185 45 3188 ’
79 3171 286 3244 limana
341 3181 471 3235 Nam
511 3180 566 3266 a).
602 3182 837 3236 homines
877 3185 1034 3236 variis

45 3233 208 3306 modis
245 3271 275 3307 a
302 3271 426 3308 vera
461 3258 711 3324 sapientia
740 3257 960 3310 deficere
987 3266 1035 3310 et

36 3325 128 3397 gel
146 3327 342 3381 malum
359 3329 536 3392 finem,
563 3330 644 3382 vel
667 3332 840 3398 inepta
866 3332 1034 3384 media

86 3526 146 3642 εἷς
168 3518 297 3610 {farff'
301 3531 356 3637 ᾗ,
372 3572 424 3612 aa

1891 210 2014 265 125-

1085 314 1189 362 tem
1229 308 1405 361 divina
1433 304 1688 374 sapientia
1727 303 1948 359 deficere
1975 313 2085 375 pot-

1086 389 1183 444 est,
1227 397 1358 451 quae
1397 380 1558 444 bono's
1597 379 1728 434 fines
1766 379 1972 432 cunctis
2007 396 2085 432 re-

1085 456 1180 509 bus
1219 455 1478 525 praefigit,
1523 460 1574 507 et
1615 453 1820 507 nonnisi
1861 453 1997 506 bona
2033 460 2085 506 et

1085 537 1206 613 apta
1254 529 1422 582 media
1475 527 1720 596 applicat.
1758 524 1804 596 b)
1833 525 2087 580 'Humana

1085 603 1370 672 sapientia,
1413 608 1815 670 quantacunque
1854 601 1950 661 sit,
1994 615 2087 668 per

1088 677 1230 729 varia
1269 677 1535 729 obstacula
1562 691 1593 728 a
1633 675 2001 728 consecutione
2027 673 2086 726 fi-

1086 751 1165 802 nis
1204 749 1439 818 impediri
1481 755 1668 818 potest:
1701 749 1878 801 divina
1907 755 2085 801 autem

1086 824 1337 892 sapientia
1366 824 1608 875 effectum
1645 838 1800 891 quem
1839 821 2086 883 intendit,

1086 914 1290 966 semper
1347 897 1683 950 infallibiliter
1730 896 2084 964 consequitur,

1086 972 1204 1040 quia
1245 971 1351 1024 Deo
1378 971 1716 1038 omnipotenti
1748 970 1819 1022 nil
1848 970 2090 1023 resistere

1089 1045 1244 1098 valet.
1289 1045 1332 1115 c)
1374 1045 1618 1098 Homines
1645 1044 1746 1097 sibi
1786 1044 1915 1096 fines
1942 1060 2090 1112 prae·

1087 1119 1272 1187 figunt,
1303 1120 1423 1187 quia
1462 1120 1617 1171 variis
1644 1118 1790 1172 bonis
1829 1117 2084 1186 indigent,

1087 1209 1217 1261 quae
1259 1209 1348 1260 per
1401 1209 1631 1260 congrua
1671 1192 1840 1245 media
1880 1191 2087 1262 assequi

1090 1268 1344 1319 nituntur:
1390 1267 1530 1319 Deus
1571 1282 1714 1327 vem,
1758 1266 1847 1335 qui
1887 1282 1984 1318 non
2019 1272 2086 1318 cst

1088 1341 1307 1410 indiyens
1334 1340 1518 1409 atique,
1552 1357 1652 1393 non
1679 1341 1794 1402 sibi,
1826 1341 1913 1392 sed
1943 1355 2086 1394 crea-

1091 1416 1218 1466 tuiis
1258 1415 1387 1467 fines
1429 1415 1702 1482 praefigit,
1746 1430 1807 1466 ac
1859 1429 1961 1467 uno
2001 1430 2086 1466 eo-

1089 1489 1308 1558 demque
1336 1489 1712 1556 simplicissimo
1738 1495 1860 1540 actu
1889 1487 2003 1540 vult
2028 1486 2086 1539 fi-

1090 1579 1210 1615 nem
1250 1570 1300 1615 et
1332 1564 1520 1615 media.
1553 1561 1611 1633 d)
1632 1561 1898 1622 HomineS,
1943 1567 2000 1614 ut
2027 1561 2085 1613 fi-

1091 1653 1206 1688 nem
1233 1637 1509 1705 quemdam
1524 1643 1929 1705 consequantur,
1943 1642 2086 1703 apto-

1092 1727 1203 1761 rum
1248 1711 1535 1763 mediorum
1575 1710 1918 1778 adplicatione
1959 1724 2085 1776 opus

1091 1785 1302 1846 liabent3
1338 1801 1435 1836 non
1466 1785 1539 1836 sic
1566 1791 1742 1836 autem
1770 1784 1926 1836 Deus.
1954 1782 2086 1836 Cum

1090 1859 1227 1908 enim
1280 1858 1521 1909 voluntas
1573 1858 1683 1909 eius
1734 1856 2085 1909 efficacissima

1089 1933 1174 1991 sit,
1219 1929 1408 1982 suffieit
1447 1932 1491 1983 ei
1521 1931 1678 1982 finem
1719 1931 1874 1992 velle,
1919 1938 1974 1982 ut
2002 1929 2084 1982 liic

1090 2006 1190 2057 iam
1214 2013 1332 2056 actu
1357 2006 1671 2058 obtineatur:
1703 2005 1836 2073 quod
1878 2005 1918 2056 si
1947 2004 2085 2056 Deus

1091 2095 1155 2130 ex
1197 2079 1457 2132 liberrima
1496 2079 1766 2131 voluntate
1804 2079 1975 2131 causis
2009 2079 2085 2130 in·

1093 2153 1352 2204 termediis
1377 2154 1556 2214 utitur,
1581 2169 1712 2221 quae
1729 2153 1793 2204 ad
1815 2153 1945 2205 fines
1965 2168 2085 2205 suos

1091 2227 1404 2295 diriguntur,
1449 2227 1576 2278 haec
1613 2227 1782 2279 media
1823 2244 1924 2279 non
1973 2226 2085 2279 ideo

1092 2301 1239 2361 vult,
1283 2302 1402 2369 quia
1459 2310 1579 2368 apta
1631 2307 1791 2362 sunt,
1842 2301 1931 2354 sed
1971 2301 2084 2352 ideo

1091 2382 1208 2441 apta
1251 2375 1413 2435 fiunt,
1458 2376 1577 2443 quia
1617 2375 1725 2443 ipse
1765 2391 1824 2427 ea
1864 2374 1995 2426 vult.
2037 2373 2081 2443 e)

1091 2449 1334 2501 Homines
1376 2448 1515 2515 leges
1554 2454 1605 2500 ct
1654 2448 1860 2516 regulas
1913 2449 2084 2501 obser-

1095 2538 1214 2574 vare
1242 2523 1463 2581 debent,
1502 2529 1559 2573 ut
1598 2523 1856 2589 sapienter
1895 2529 2081 2589 agant3

1094 2612 1193 2648 non
1234 2603 1409 2648 autem
1451 2596 1608 2656 DeuS‚
1653 2596 1738 2664 qui
1779 2596 1996 2664 ipsemet
2033 2611 2084 2646 o·

1091 2671 1291 2722 mnium
1329 2669 1503 2737 legum
1545 2676 1596 2721 et
1635 2669 1934 2736 regularum
1975 2669 2087 2722 fons

1092 2751 1170 2796 est
1209 2751 1259 2796 et
1297 2746 1460 2812 orig03
1505 2742 1641 2794 unde
1681 2743 1853 2796 omnia
1892 2744 1995 2795 iam
2027 2758 2087 2795 eo

1092 2819 1200 2885 ipso
1239 2818 1414 2880 bona,
1458 2817 1712 2885 sapientia
1751 2824 1804 2868 et
1853 2816 2090 2869 ordinata

1093 2893 1242 2953 fiunt,
1286 2893 1406 2960 quia
1445 2880 1586 2943 Deus
1626 2890 1715 2942 illa
1754 2891 1848 2952 sic,
1894 2897 1945 2943 et
1986 2907 2084 2943 non

1092 2964 1243 3016 aliter
1282 2966 1535 3030 decernit3
1569 2963 1811 3016 voluntas
1837 2965 1972 3016 enim
1997 2964 2088 3016 Dei

1094 3039 1203 3106 ipsa
1243 3039 1495 3107 sapientia
1534 3045 1631 3090 est.
1676 3037 1844 3090 Deum
1890 3038 2089 3091 infinite

1095 3113 1376 3180 sapientem
1419 3128 1531 3164 esse
1572 3111 1817 3180 probatur

1171 3186 1222 3238 4.
1266 3186 1349 3238 Em
1386 3185 1438 3238 S.
1482 3184 1758 3254 Scriptura.
1791 3184 1879 3239 Iob
1901 3186 1963 3238 de
1984 3185 2090 3237 Deo

1095 3258 1302 3311 dicitur:
1345 3258 1525 3327 Apud
1508 3275 1667 3327 ipsum
1689 3267 1757 3312 est
1787 3260 2026 3329 sapientia
2046 3267 2093 3311 et

1093 3333 1356 3399 fortitud03
1379 3333 1477 3400 ipse
1500 3332 1637 3384 habet
1664 3334 1922 3387 consilium
1949 3340 1992 3385 et
2017 3334 2091 3384 iii

0 3397 233 3477 :eligere
270 3411 502 3470 possunt.
560 3402 714 3457 Nullo
754 3407 904 3459 modo
943 3422 1034 3459 au-
1096 3404 1908 3478 tettiqenaam(a).1³safflamine,
1928 3408 2091 3460 omnia

1139 3536 1188 3625 ᾖ)
1215 3535 1302 3571 Luc,
1330 3536 1384 3575 15,
1408 3535 1438 3572 5.

1181 3580 1195 3625 )
1219 3581 1282 3616 lob
1296 3589 1327 3617 e.
1347 3581 1403 3622 12,
1422 3580 1478 3618 13..
