2332 3860
121 0 169 33 ⁷³
194 0 205 11 ²
260 8 263 14 “
373 4 388 28 -“

79 38 126 77 *J*
175 36 186 43 ⁷
198 47 204 58 ι

57 164 63 173 Δ
78 150 86 157 .
388 170 394 183 ι

0 208 38 251 *⁴*
51 188 55 193 Ι
175 226 180 232 ,

0 266 243 341 'dentem
265 274 538 329 Dominum
572 281 854 333 cerneiet,
897 275 1014 326 ado-

0 358 206 406 cassat.
218 369 281 406 ρ»
322 345 618 400 Sozomenus
659 346 735 416 (1)
778 348 840 399 de
885 347 1016 400 Con-

19 425 247 478 stantino
285 423 499 472 scribit.
547 440 572 468 α
617 421 832 472 Crucem
888 423 1014 473 divi-

19 513 142 551 nam
168 496 389 547 maximo
416 493 556 546 cultu
584 503 859 546 veneratus
880 503 1009 549 est.»

19 567 501 637 s.„Clzry.s·0scomns
554 567 630 637 (⁹2)
695 568 890 620 cultum
957 568 1008 620 S.

23 643 197 696 Crucis
236 641 560 693 commendat
589 642 781 694 dicens:
817 662 842 690 «
875 641 1014 693 Crux

24 720 161 787 prius
199 717 640 767 condemnationis
690 722 742 767 et
779 715 1011 782 supplicii

25 805 206 844 nomen
247 797 389 847 erat,
437 805 571 840 nunc
621 805 703 841 res
743 796 819 841 est
863 805 1015 839 vene-

22 864 195 918 rahilis
217 871 267 915 et
294 863 662 914 desiderabilis
696 862 835 914 Crux
862 870 1012 913 antea

23 938 283 990 dedecoris
323 944 372 987 et
419 953 612 1003 poenae
652 944 1014 999 argumentum

24 1017 151 1069 erat,
198 1026 333 1061 nunc
372 1011 564 1073 gloriae
604 1017 655 1062 et
697 1012 899 1061 honoris
939 1018 1015 1061 est

16 1086 276 1145 Decimio.»
307 1084 358 1136 S.
389 1083 690 1152 Sophronias
732 1085 864 1136 Patr.
902 1083 1015 1135 Hie·

24 1175 123 1214 ros.
167 1158 351 1210 Homil.
398 1159 448 1209 in
483 1158 694 1209 ‘laudem
741 1158 795 1210 S.
840 1157 1015 1208 Crucis

23 1233 114 1290 ait:
145 1252 170 1280 «
196 1232 246 1283 ln
290 1232 454 1283 medio
494 1232 666 1283 ieiunii
708 1232 1015 1282 adorationis

22 1307 186 1373 gratia
230 1306 435 1373 proponi
477 1306 606 1357 solet
636 1306 828 1370 lignum
861 1306 1015 1356 vitale

23 1380 348 1432 venerandae
388 1380 587 1439 cruciS‚
642 1380 876 1447 quodque
929 1396 1015 1430 no·

22 1460 157 1505 strae
198 1453 379 1505 salutis
418 1469 571 1504 causa
599 1454 827 1504 defixum
860 1462 937 1504 est
966 1454 1013 1503 in

23 1527 188 1581 medio
231 1524 415 1580 terrae.
454 1547 479 1574 »
511 1557 584 1565 —
611 1527 758 1579 Hunc
797 1528 1015 1578 eundem

22 1601 180 1654 ritum
221 1603 315 1653 sub
358 1602 561 1654 nomine
604 1601 1016 1653 ExaltationisS.

23 1673 199 1726 Crucis
224 1675 366 1727 multi
389 1677 662 1741 scriptores
682 1676 851 1741 graeci
882 1690 1017 1727 com-

23 1757 392 1801 memorarunt.
445 1749 673 1816 Deniquc
717 1748 768 1801 S.
802 1749 873 1800 10.
920 1749 1018 1799 Da-

22 1838 270 1874 mascenus
299 1824 371 1889 (5)
401 1823 592 1890 inquit:
641 1843 666 1870 «
712 1822 1018 1875 Venerabile

24 1895 221 1964 lignum
246 1938 260 1958 ‚
303 1897 355 1947 in
394 1913 493 1964 quo
533 1912 587 1947 se
641 1896 872 1948 Christus
932 1913 1017 1963 pro

25 1971 169 2024 nobis
208 1970 426 2021 bostiam
456 1969 659 2029 obtulit,
707 1972 775 2022 uti
806 1972 1020 2021 sanctis-

24 2045 136 2096 simi
180 2042 417 2111 Corporis
465 2052 516 2095 ct
555 2043 832 2110 Sanguinis
881 2052 1018 2096 tactu

26 2119 401 2170 sanctificatum
441 2118 550 2169 iure
576 2118 727 2169 debet
765 2119 1019 2171 adorari...

26 2190 269 2257 Figuram
311 2207 510 2260 quoque
540 2191 773 2243 vivificae
812 2209 872 2244 ac
909 2209 1020 2260 pre-

25 2267 186 2317 tiosae
226 2266 395 2316 crucis
422 2266 725 2325 adoramuS,
759 2283 857 2318 non
886 2267 1018 2334 quod

26 2340 297 2391 materiam
355 2339 583 2390 colamus
642 2339 759 2407 (hoc
821 2348 1022 2392 avertat

27 2412 207 2483 Deus),
232 2413 318 2464 sed
342 2413 560 2479 figuram
590 2414 730 2465 velut
758 2430 856 2481 qua
885 2414 1024 2465 Chri-

28 2493 139 2539 stus
178 2487 544 2552 designatur...
602 2486 814 2539 Materia
864 2503 1019 2549 veru,

15 2575 96 2612 1ex
133 2568 231 2628 qua
272 2566 471 2612 constat
499 2560 659 2628 figura
702 2562 898 2621 cruciS‚
939 2562 1024 2613 de-

15 2640 224 2686 ·structa
254 2634 381 2686 forte
408 2635 593 2699 figura,
626 2650 947 2703 nequaquam
975 2652 1026 2687 a·

17 2708 257 2760 «doranda
298 2715 394 2759 est.
439 2708 635 2759 Cuncta
676 2709 850 2774 igitur,
895 2725 1025 2777 quae

19 2780 137 2834 ¹'De'o
177 2782 370 2841 dicata,
414 2788 814 2850 consecrataque
865 2791 1022 2843 sunt,

20 2855 98 2907 iita
143 2854 446 2914 adoramu5‚
490 2862 547 2906 ut
586 2855 782 2908 cultum
823 2856 1025 2910 illorum

20 2928 96 2981 ‚ad
139 2944 258 2979 eum
301 2928 659 2979 referamus.»

600 189 1038 231 PARstn.st;G‘1·to
1078 196 1113 230 l.
1160 194 1314 234 onem*
1362 195 1428 228 lli.

1823 183 1826 187 '
1893 177 1998 230 1195

1075 274 1215 343 lapsu
1237 273 1408 326 salvati
1444 290 1635 335 samus,
1679 289 1808 335 eum,
1857 276 1945 343 qui
1979 289 2072 346 por

1075 357 1140 399 est
1162 389 1175 415 ,
1221 348 1448 407 honorem
1507 348 1784 413 habeamus.
1844 348 1975 401 Unde
2028 356 2072 403 el

1076 430 1228 472 mente
1271 429 1316 473 cl
1349 437 1575 474 sermone
1611 431 1655 473 et
1694 438 1838 474 sensu
1875 425 1920 474 ei
1959 424 2074 475 odo·

1076 498 1313 547 rationem
1341 494 1603 546 tribuentes
1628 536 1639 554 ‚
1670 495 1831 547 crucis
1869 496 2072 564 fiyuras,

1076 586 1198 636 quae
1248 585 1278 620 u
1316 567 1564 620 nonnullis
1604 569 1658 619 in
1702 568 1800 619 solo
1845 584 1904 620 ac
1934 573 2074 637 povi-

1079 651 1230 694 mento
1258 644 1400 707 fiunt,
1430 642 1629 693 omnino
1661 642 1811 693 deleri
1838 641 2072 710 iubenum,

1076 733 1135 766 ne
1170 716 1488 768 incedentium
1535 716 1885 767 conculcatione
1933 719 2072 769 viclo-

1078 792 1181 841 riae
1232 789 1368 841 nobis
1421 790 1703 855 trophaeum
1744 790 1931 842 iniuria
1965 791 2073 860 offi-

1076 867 1252 915 cintur.
1295 863 1391 926 Qui
1423 879 1556 914 secus
1582 864 1767 930 fecerit,
1798 879 2071 917 excommu-

1077 937 1240 989 nico-ri
1265 938 1586 989 decernimus,

1149 1010 1280 1062 Nola
1311 1012 1357 1062 1.
1384 1012 1570 1062 Omnes
1594 1010 1811 1077 theologi
1836 1011 2072 1064 catholici

1078 1086 1442 1145 consentiunt,
1488 1086 1685 1136 cultum
1728 1085 1944 1144 latriae,
1987 1087 2074 1154 qui

1079 1160 1385 1224 imaginibus
1438 1158 1487 1210 S.
1544 1158 1720 1211 Crucis
1779 1166 1870 1211 aut
1915 1160 2074 1227 ipsius

1077 1233 1261 1284 Christi
1313 1233 1620 1293 exhibetur,
1664 1249 1774 1284 esse
1810 1233 1960 1300 plane
2001 1249 2075 1285 re-

1080 1306 1315 1366 lativum,
1347 1307 1429 1374 qui
1463 1323 1560 1358 non
1592 1308 1640 1358 in
1678 1308 1987 1371 imaginibus
2012 1308 2076 1359 si-

1078 1381 1204 1440 stit,
1248 1380 1334 1432 sed
1377 1381 1438 1430 ad
1482 1382 1646 1447 ipsum
1695 1381 1953 1432 Christum
1998 1397 2075 1433 re-

1082 1455 1259 1505 fertur.
1313 1454 1418 1505 Hoc
1459 1454 1624 1521 ipsum
1663 1457 1811 1506 docet
1850 1454 1909 1507 S.
1958 1454 2076 1507 Tho-

1079 1545 1181 1579 mas
1211 1527 1263 1598 (5
1269 1528 1285 1596 )
1329 1528 1523 1579 dicens·
1573 1548 1597 1577 «
1630 1527 1844 1596 Imagini
1871 1527 2075 1593 Christi,

1082 1604 1129 1653 in
1159 1609 1407 1669 quantum
1439 1610 1516 1654 est
1545 1618 1624 1654 res
1651 1602 1900 1670 quaedam
1931 1601 2074 1671 (puta

1084 1677 1275 1742 lignum
1304 1675 1563 1743 sculptum
1587 1677 1664 1727 vel
1691 1676 1905 1747 pictum)
1936 1677 2076 1728 nulla

1082 1751 1371 1801 reverentia
1413 1751 1712 1811 exhibetur,
1757 1752 1876 1819 quia
1936 1766 2075 1802 reve-

1083 1825 1246 1875 rentia
1288 1825 1487 1875 nonnisi
1532 1823 1767 1875 rationali
1807 1831 2075 1876 creaturae

1082 1898 1314 1948 debetur.
1342 1939 1344 1942 .
1375 1898 1697 1965 Relinquitur
1737 1913 1860 1964 ergo
1889 1939 1901 1958 ,
1945 1898 2075 1966 quod

1082 1971 1386 2023 exhibeatur
1413 1972 1456 2023 ei
1499 1973 1788 2023 reverentia
1811 1972 1996 2032 solum,
2028 1972 2078 2023 in

1082 2052 1328 2113 quantum
1372 2052 1448 2096 est
1490 2046 1677 2109 imag03
1712 2053 1764 2097 et
1801 2046 1874 2096 sic
1912 2046 2079 2114 sequi-

1084 2127 1185 2179 tur,
1230 2118 1362 2187 quod
1404 2119 1584 2170 eadem
1613 2119 1901 2171 reverentia
1941 2119 2082 2171 exbi-

1085 2195 1266 2245 beatur
1295 2193 1503 2260 imagini
1532 2193 1717 2244 Christi
1746 2199 1797 2244 et
1819 2193 1911 2260 ipsi
1941 2193 2081 2244 Chri-

1084 2274 1181 2319 st0.
1237 2268 1366 2317 Cum
1406 2283 1527 2334 ergo
1568 2266 1800 2318 Christus
1839 2266 2081 2319 adoretur

1084 2341 1380 2392 adoratione
1411 2341 1610 2399 latriae,
1643 2357 1961 2408 consequens
1987 2346 2082 2406 est,

1085 2414 1217 2482 quod
1238 2415 1346 2465 eius
1388 2415 1556 2481 imago
1584 2416 1647 2465 sit
1684 2415 1980 2466 adoratione
2011 2414 2080 2465 la-

1086 2493 1212 2540 triae
1240 2488 1554 2539 adoranda.»
1599 2487 1741 2550 Quod
1782 2494 1956 2539 autem
1997 2503 2084 2555 per

1086 2562 1434 2614 adorationem
1475 2562 1712 2626 imaginis
1742 2562 1940 2613 nonnisi
1981 2562 2085 2613 cul-

1089 2643 1195 2687 tum
1214 2635 1485 2687 relativum
1502 2635 1773 2701 intelligat,
1793 2634 2084 2703 clarepatet

1088 2726 1154 2761 ex
1194 2711 1302 2761 eius
1344 2710 1513 2761 verbis
1555 2710 1742 2762 ibidem
1783 2708 1878 2778 (6):
1927 2729 1953 2758 «
1983 2707 2086 2761 Nos

1088 2784 1362 2835 adoramus
1401 2783 1698 2835 adoratio-ne
1740 2783 1920 2835 latriae
1963 2785 2087 2836 ima-

1090 2859 1260 2923 ginem
1291 2857 1498 2918 Christi,
1528 2858 1610 2925 qui
1642 2864 1720 2909 est
1749 2873 1904 2908 verus
1931 2857 2086 2922 DeuS,
2166 2923 2169 2925 .

1094 2948 1191 2983 non
1229 2938 1435 2998 propter
1465 2932 1626 2998 ipsam
1669 2931 2083 2997 imaginem-*sed

109 3002 161 3054 5.
208 2999 426 3053 Concilio
477 3018 679 3070 quoque
735 3001 788 3054 S.
853 3001 1030 3056 Crucis
1095 3011 1298 3072 propter
1345 3020 1473 3062 rem,
1506 3006 1653 3056 cuius
1681 3006 1849 3072 imago
1877 3006 1988 3068 est,x
2020 3005 2088 3058 si-

0 3075 234 3131 incultum
306 3075 672 3142 approbarunt.

41 3147 334 3203 Trullanum
374 3147 449 3218 (li)
492 3149 645 3200 dicit:

746 3074 1029 3129 Concilium
1093 3085 1180 3130 cut
1221 3079 1412 3130 dictum
1457 3086 1554 3130 est.
1592 3097 1614 3125 »

708 3147 832 3201 Cum
890 3149 1034 3204 Crux

1167 3151 1297 3203 Νοια
1336 3153 1388 3202 2.
1434 3151 1528 3214 Qui
1575 3151 1770 3204 cultum
1811 3151 1865 3205 S.
1898 3150 2089 3205 Crucis

26 3221 235 3291 «vini‘ficoe
260 3223 381 3274 illud
407 3221 620 3273 salutare
646 3223 783 3276 nobis
822 3227 1033 3278 ostende·
1096 3226 1352 3284 reficiunt,
1377 3226 1494 3276 hnic
1514 3227 2089 3293 sequentia-opponunt.

26 3295 135 3354 srit,
160 3311 247 3347 nos
283 3311 420 3348 omne
470 3297 686 3348 studium
720 3297 946 3351 adhibere
983 3317 1033 3350 o-

1169 3298 1275 3351 Oba.
1324 3299 1374 3350 1.
1382 3305 1405 3330 ⁸
1447 3297 1628 3351 Nullus
1670 3299 1786 3367 pius
1821 3300 1960 3352 filius
2001 3315 2090 3352 ve-

28 3375 217 3436 worlel,
257 3370 399 3430 ulei,
435 3385 526 3438 per
552 3386 698 3438 quam
734 3372 796 3424 ab
835 3376 1035 3475 utaliquo
1099 3377 1306 3424 neratur
1345 3372 1708 3473 contumeliam
1763 3375 1922 3443 patris
1973 3374 2087 3434 sui,

91 3494 142 3539 (1)
163 3496 243 3531 Lib.
263 3497 298 3536 1,
322 3497 387 3542 ca'p
390 3497 444 3534 .8.

47 3539 148 3587 gffi)
171 3542 277 3578 Hom.
301 3542 336 3584 2,
358 3543 402 3579 de
425 3544 571 3582 cruce
564 3549 597 3567 ⁴¹·
619 3549 704 3578 atr.
729 3554 766 3579 n.
788 3543 822 3579 1.

1143 3501 1195 3590 (33
1218 3501 1303 3536 1.4
1326 3503 1370 3536 de
1392 3502 1476 3544 fide,
1492 3511 1570 3546 cap.
1594 3473 1650 3539 11.
1831 3502 1880 3545 (4)
1906 3503 1990 3537 can.
2017 3500 2070 3540 ’73

1144 3547 1178 3589 (5
1219 3546 1253 3585 3,
1276 3556 1312 3591 q.
1338 3546 1396 3588 25,
1421 3552 1489 3582 art.
1516 3547 1549 3582 3.
1838 3545 1980 3582 mtAd.
2005 3545 2038 3581 2.
