2332 3860
932 143 937 149 ’
972 142 1128 181 ΟΑΡΠΤ
1173 141 1250 180 m.

1991 131 2064 187 23

91 224 170 279 liis
189 223 552 280 dissentientes
567 221 905 291 vilipendere,
937 224 1082 292 quasi
1146 225 1291 293 ficum
1328 207 1709 294 definitionibus,
1740 225 1803 278 do
1830 227 2072 294 symbolis
2092 238 2136 282 ct

6 336 12 340 .
91 298 276 366 stultos
324 298 428 351 acri
444 296 604 366 stylo
641 298 939 364 exagitare,
993 304 1084 350 aut
1148 297 1287 350 tibiis
1307 297 1601 367 symbolicis,
1633 307 1788 368 atque
1822 301 1884 352 de
1917 303 2136 358 Philoso—

90 375 163 428 de
180 362 377 427 haeresi
403 378 682 455 suspectos
724 372 1078 439 pronuntiare,
1143 372 1255 440 phis
1280 379 1324 424 et
1350 372 1615 470 Historicis
1642 381 1986 443 exponentur

90 447 381 512 arrogantis
418 445 579 498 animi
606 451 705 507 est,
730 452 781 498 et
809 445 1080 531 impuden-

91 522 171 574 tis,
199 520 464 574 Servanda
510 526 589 573 est
635 520 745 572 in«
779 521 1082 573 necessariis

91 595 281 656 unitaS,
313 595 362 646 io
391 594 559 647 dubiis
581 594 851 658 libertem,
840 610 892 647 in
919 595 1083 648 omni-

91 669 185 723 bus
212 668 455 722 charitas,
493 689 518 717 »

387 828 622 874 CAPUT
671 828 783 872 ΙΙΙ.

166 940 217 970 m:
241 940 431 970 Portunus
454 941 701 970 THEOLOGIAE
725 941 1010 978 THEORETICAE,

292 1000 364 1029 SEU
387 1001 438 1029 DE
463 1000 576 1030 LOOES
598 1000 876 1030 THEOLOGICIS.

501 1090 539 1150 ς
576 1091 671 1136 n.

161 1188 375 1243 Maximi
416 1191 665 1242 momenti
695 1196 793 1251 est,
826 1196 883 1240 ut
923 1188 1085 1240 Theo·

90 1263 237 1331 logos
265 1264 429 1316 fontes
469 1265 600 1316 sciat
634 1280 698 1316 ex
734 1265 920 1332 quihus
950 1263 1085 1314 veri·

90 1344 221 1390 tates
251 1339 645 1406 pertractandae
674 1340 1007 1398 hauriuntur,
1039 1344 1087 1388 et

93 1420 150 1466 ut
177 1414 333 1466 etiam
364 1420 552 1465 cuncta
579 1413 808 1465 subsidia
849 1419 901 1464 et
928 1411 1086 1463 admi-

93 1487 265 1540 nicula
305 1495 607 1555 cognoscat,
652 1501 784 1555 quae
824 1488 995 1555 ipsum
1034 1487 1084 1537 in

91 1562 399 1630 explicanda
428 1603 440 1622 ,
495 1562 759 1629 probanda
813 1568 865 1613 et
911 1560 1087 1611 defen-

92 1636 260 1688 denda
324 1636 558 1687 doctrina
619 1635 850 1687 revelata
907 1636 1087 1685 iuvare

84 1716 325 1777 possunt.
371 1709 562 1761 Fontes
601 1709 676 1760 illi
715 1715 766 1760 et
824 1707 1083 1767 subsidia,

90 1791 245 1851 atque
272 1782 584 1835 adminicula
610 1783 706 1833 ista
748 1782 1089 1834 communiter

93 1858 184 1910 loci
224 1857 474 1923 theoloqici
514 1855 765 1923 appellari
807 1870 1091 1906 consueve-

93 1938 236 1984 runt.
268 1931 308 1983 A
339 1931 600 1984 Melcliiore
623 1927 757 1981 Cano
782 1930 962 1980 decem
993 1927 1089 1980 loci

94 2006 364 2073 theologici
400 2011 770 2064 recensentur,
808 2018 1024 2070 nempe:
1072 2002 1088 2053 l

92 2079 144 2132 S.
178 2080 477 2148 Scriptura3
511 2078 552 2129 ll.
591 2078 814 2130 Traditio
828 2096 846 2138 ‚-
886 2076 954 2129 111
990 2079 1093 2128 Au-

94 2156 291 2206 ctoritas
356 2152 598 2205 Ecclesiae
663 2151 965 2214 catliolicae3
1024 2150 1092 2200 lV

96 2227 349 2285 Concilio,
389 2227 683 2295 praesertim
726 2225 1004 2293 qen-cratim
1051 2223 1094 2276 V

96 2302 414 2371 Definitiones
454 2300 594 2353 Rom.
646 2300 978 2369 Pontificiun3
1026 2297 1095 2352 Vt

96 2375 190 2429 SS.
251 2375 458 2435 Patres,-
501 2374 592 2427 Vll
643 2373 866 2441 Tlieotoqi
912 2372 1097 2425 schola·

95 2450 227 2513 stici3
271 2448 384 2503 Vlll
412 2448 555 2501 Ratio
583 2447 863 2508 natiu’atis5
892 2445 963 2498 lX
987 2446 1097 2497 Phi-

99 2523 317 2591 Iosophi-;
345 2521 393 2575 X
433 2523 658 2575 Historia
716 2521 1030 2573 ecclesiastica
1057 2527 1099 2571 ct

98 2599 327 2666 profana.
393 2597 465 2648 De
535 2597 648 2649 istis
715 2596 840 2647 locis
906 2593 1100 2647 theolo-

100 2672 228 2738 gicis
266 2673 317 2723 in
347 2669 624 2737 Theologia
663 2669 892 2736 generali
935 2685 993 2720 eo
1021 2684 1101 2720 or-

102 2746 221 2796 dine
271 2751 445 2798 actum
486 2751 600 2805 est,
656 2759 810 2812 quem
849 2749 1103 2810 systema-

104 2820 170 2871 tis
221 2818 351 2872 ratio
403 2819 681 2886 poscebat3
736 2825 787 2869 et
833 2817 979 2869 firma
1040 2816 1102 2867 de

105 2893 428 2958 singulorum
491 2891 802 2944 auctoritate
854 2890 1102 2958 principia

105 2966 334 3021 stabilita
375 2966 604 3018 suerunt.
636 2964 731 3016 Hic
751 2971 947 3025 tamen,
980 2980 1105 3015 non-

109 3039 238 3093 nulli
300 3040 487 3093 saltem
550 3055 618 3091 ex
670 3038 915 3106 praefatis
978 3038 1103 3090 locis

109 3114 408 3183 theologicis
454 3114 620 3181 magis
659 3112 885 3180 practice
925 3127 1106 3180 propo-

110 3187 269 3242 nendi
307 3194 458 3249 sunt,
503 3193 554 3240 et
595 3194 768 3239 rectus
820 3186 1102 3238 eorundem

0 3248 21 3273 ⁸*
103 3262 165 3330 ,ia
184 3261 460 3328 Theologia
483 3261 765 3314 theoretica
781 3275 906 3312 usus
933 3266 1103 3312 osten-

112 3335 312 3394 dendus
337 3343 435 3388 est.
479 3334 630 3386 Hunc
667 3337 722 3387 in
755 3334 910 3386 finem
949 3350 1105 3402 quae·

113 3408 325 3471 damde
358 3409 412 3465 S.
457 3407 739 3476 Scriptura,
783 3407 846 3459 de·
872 3406 959 3460 SS,
1007 3408 1104 3459 Pa-

116 3482 294 3546 tribus,
316 3482 380 3536 de
399 3480 654 3553 Conciliis,
685 3482 749 3535 de
777 3481 913 3535 Rom.
941 3480 1104 3535 Ponti·

1560 495 1728 554 315.

1441 587 1493 620 De
1516 586 1621 620 Sacra
1645 586 1843 630 Scriptura.

1222 666 1298 721 Ad
1328 675 1527 722 rectum
1556 668 1638 722 Ss,
1670 668 1950 723 Bibliorum
1993 686 2139 724 usum

1152 743 1451 811 requiritur,
1485 750 1540 795 ut
1567 743 1858 814 Theologus
1891 751 2032 797 certo
2060 761 2142 798 co-

1150 824 1386 884 gnoscat,
1419 817 1583 884 quales
1624 818 1738 870 libri
1775 820 2017 879 canonici,
2061 835 2141 871 seu

1151 891 1384 944 divinitus
1433 893 1670 956 inspirati
1714 892 1854 954 sint,
1905 908 2143 960 qitaenain,

1152 966 1415 1018 eorundem
1454 968 1611 1017 versio
1664 966 1871 1030 legitime
1914 966 2143 1018 adhibea-

1153 1047 1253 1099 tur,
1297 1047 1348 1092 et
1375 1055 1647 1107 quamnam
1686 1054 1914 1092 normam
1955 1041 2009 1091 in
2039 1039 2143 1091 itto-

1153 1129 1266 1165 rum
1305 1115 1705 1182 interpretatione
1744 1114 1882 1182 sequi
1908 1122 2138 1181 oporteat.

1152 1188 1487 1250 Quaestiones
1512 1189 1747 1239 istaeiam
1769 1203 1860 1256 per
1881 1187 2146 1240 infallibile

1154 1262 1415 1314 Ecclesiae
1504 1263 1857 1329 magisterium
1946 1261 2144 1314 solutae

1153 1345 1306 1397 sunt,
1352 1337 1500 1388 cuius
1541 1337 1727 1388 iudicio
1776 1338 1827 1388 in
1868 1335 2144 1403 Theologia

1156 1411 1435 1463 theoretica
1475 1411 1768 1463 firmissime
1819 1425 2023 1479 semper
2063 1412 2143 1461 in·

1154 1485 1442 1537 sistendum
1484 1491 1582 1536 est.

1229 1560 1279 1610 1.
1308 1559 1459 1621 Quot,
1492 1564 1544 1610 et
1570 1558 1750 1627 quales
1773 1558 2002 1626 praecise
2029 1557 2145 1610 libri

1155 1632 1403 1684 divinitus
1432 1633 1667 1701 inspirati
1708 1633 1830 1691 sint,
1877 1648 2041 1700 neque
2082 1648 2148 1683 cx

1157 1709 1373 1767 ratione,
1402 1722 1565 1774 neque
1587 1723 1654 1758 cx
1675 1706 1783 1773 ipsa
1805 1705 1857 1757 S.
1883 1706 2147 1773 Scriptura

1155 1779 1472 1831 sufficienter
1502 1780 1704 1847 probari
1740 1786 1926 1847 potest,
1958 1779 2048 1831 sed
2082 1794 2147 1830 ex

1156 1853 1263 1905 sola
1294 1854 1567 1905 traditione
1590 1853 1766 1904 divina
1793 1853 2071 1920 colligitur3
2098 1853 2148 1904 in

1157 1943 1255 1996 qua
1279 1927 1609 1994 agnoscenda
1638 1933 1690 1978 et
1717 1926 2029 1978 declaranda
2056 1926 2150 1978 Ec-

1157 2001 1621 2053 clesiainfallibilis
1662 2006 1756 2052 est.
1791 1999 2022 2052 Ecclesia
2062 2015 2149 2051 au-

1161 2083 1283 2135 tem,
1329 2076 1582 2128 constanti
1625 2074 1905 2126 Traditioni
1948 2075 2146 2129 innixa.

1159 2151 1209 2203 in
1264 2149 1485 2202 Concilio
1540 2148 1832 2200 Tridentino
1884 2147 2021 2200 Sess.
2085 2147 2152 2201 lV

1161 2223 1453 2276 divinorum
1483 2223 1729 2275 librorum
1758 2237 2008 2274 canonem
2050 2227 2152 2273 sta-

1163 2299 1278 2350 tuit.
1305 2296 1434 2349 Cum
1452 2299 1588 2349 enim
1613 2297 1774 2364 primo
1801 2296 2148 2363 profiteretur,

1161 2389 1216 2424 se
1257 2387 1418 2423 omnes
1459 2371 1604 2422 libros
1646 2379 1747 2422 tam
1787 2370 1979 2430 veteris,
2005 2385 2153 2435 quam

1163 2447 1277 2498 noui
1321 2445 1629 2503 Testamenti,
1673 2459 1783 2496 cuni
1821 2443 2077 2510 utriusque
2101 2459 2152 2494 u-

1164 2536 1256 2571 nus
1297 2520 1426 2572 Deus
1465 2521 1527 2576 sit
1566 2526 1739 2570 auctor
1783 2517 2073 2585 ...recipere
2111 2525 2154 2568 ct

1165 2595 1406 2654 venerari,
1452 2597 1625 2661 postea
1653 2592 1945 2658 subiungit:
1976 2589 2152 2642 Sacro·

1167 2684 1279 2719 rum
1307 2683 1417 2719 vero
1446 2667 1683 2719 librorum
1709 2665 1914 2718 indicem
1938 2664 2050 2716 huic
2076 2662 2154 2715 de-

1167 2751 1291 2795 creto
1320 2741 1694 2794 adscribendum
1744 2738 1946 2800 censui-t,
1977 2754 2035 2789 ne
2073 2740 2154 2789 cai

1167 2816 1409 2868 dubitatio
1454 2814 1671 2866 suboriri
1716 2811 2155 2883 possintquinam

1168 2890 1284 2948 sint,
1327 2891 1415 2957 qui
1439 2890 1500 2940 ab
1527 2889 1631 2956 ipsa
1670 2886 1853 2958 synodo
1879 2885 2154 2951 suscipiun-

1170 2972 1269 3016 tur.
1316 2964 1446 3017 Sunt
1473 2978 1578 3015 cero
1619 2961 1950 3028 infrascripti,
1999 2958 2157 3010 Testa-

1169 3038 1316 3090 menti
1343 3037 1534 3094 veteris,
1566 3036 1780 3103 quinque
1802 3033 1982 3102 Moysi,
2012 3032 2152 3091 idest,

1169 3109 1386 3171 Genesis,
1419 3109 1641 3168 Emodus,
1672 3108 1928 3168 Leviticus,
1970 3105 2156 3158 Nume-

1168 3185 1253 3246 ri‚'
1282 3183 1740 3243 Deuteronomium3
1798 3181 1958 3241 Iosuc‚
2019 3179 2156 3231 Iudi-

1169 3274 1306 3319 ωιτη,
1351 3257 1507 3318 Ruth,
1549 3265 1767 3325 quatuor
1810 3254 2019 3325 Reqmn,
2063 3253 2157 3304 duo

1174 3332 1604 3414 Paralipomenon,
1649 3326 1838 3382 Esdrae
1871 3328 2084 3396 primus,
2115 3333 2156 3375 ct

1169 3405 1423 3465 sccundus,
1455 3405 1542 3472 qui
1561 3404 1743 3456 dicitur
1763 3401 2046 3460 Nehemias;
2064 3399 2156 3450 To-

1171 3479 1292 3540 biaS,
1337 3479 1533 3547 Iudith,
1539 3477 1785 3539 Esther,
1820 3475 1936 3533 Iob,
1979 3471 2156 3524 Psatte-
