2332 3860
233 240 566 295 remonialem
594 240 660 297 V.
703 242 765 296 T.
795 236 949 295 dicit·
985 243 1228 295 Dominus

232 323 393 370 aulem
417 317 624 386 spiritus
649 324 717 369 est
757 313 855 388 (l),
889 315 1228 369 Consentiunt

234 396 408 459 autem
447 389 694 457 Theologi
734 405 853 443 cum
894 389 1105 455 Oriqene
1146 388 1237 461 (2)

233 463 473 526 docente,
526 466 661 534 quod
717 481 816 517 vox
858 465 1067 532 spiritus
1109 463 1228 516 licet

235 534 300 590 in'
321 540 471 592 -vario
519 554 673 591 sensu
725 545 983 599 occurrat,
1027 554 1228 606 semper

234 613 287 665 in
328 628 484 666 sensu
512 613 690 665 stricto
743 629 832 680 pro
874 618 1058 665 natura
1088 627 1228 664 mere

234 686 488 755 spirituali
530 686 781 739 sumenda
834 685 935 748 sit,
991 687 1030 738 si
1075 687 1229 739 rebus

235 761 611 830 corporalibuS,
638 777 730 813 seu
760 760 1114 813 materialibus
1141 777 1229 827 op-

235 837 462 903 ponitur.
506 835 738 904 Denique
777 834 831 887 S.
875 834 1141 902 Scriptura
1169 850 1227 886 ea

233 909 340 962 Deo
361 909 623 970 adscribit,
650 925 781 978 quae
809 925 909 960 non
939 909 989 960 in
1021 925 1224 976 corpuS‚

236 983 405 1036 sedin
450 999 635 1052 purum
677 983 951 1035 dumtaxat
989 983 1226 1050 spiritum

235 1057 420 1110 cadere
449 1064 693 1125 possunt3
726 1057 847 1109 dicit
886 1058 1021 1117 enim
1065 1056 1227 1108 Deum

236 1132 567 1192 invisibilem,
592 1133 902 1184 immensum
930 1137 1056 1193 etc.,
1079 1136 1134 1182 ut
1155 1131 1231 1182 in-

238 1205 394 1259 ferius
415 1206 730 1273 probabitur.

311 1280 366 1332 ⁴2.
409 1279 496 1332 SS.
530 1279 698 1332 Patres
725 1278 1108 1347 simplicitatem
1137 1278 1226 1330 Dei

240 1354 375 1406 clare
399 1354 723 1422 profitentur.
754 1352 883 1406 Nam
910 1351 966 1406 S.
999 1353 1231 1404 Irenaeus

241 1425 394 1498 (5)ait
412 1446 461 1479 :«
481 1427 621 1480 Deus
635 1427 876 1495 simplex,
904 1434 954 1478 et
975 1443 1076 1478 non
1100 1442 1232 1479 com-

242 1502 434 1569 positus
461 1509 559 1563 est,
587 1507 724 1553 totus
764 1517 879 1553 cum
909 1502 975 1552 sit
998 1502 1226 1569 spirituS,

240 1581 292 1627 et
318 1582 424 1628 tota
452 1576 602 1628 ratio.
629 1596 654 1623 »
691 1575 1027 1627 Tertullianus
1047 1574 1125 1645 (lt)
1156 1590 1234 1626 re-

233 1649 570 1716 prehendens
591 1665 698 1710 eOS,
726 1650 810 1718 qui
832 1650 1101 1701 materiam
1126 1649 1231 1700 Deo

195 1743 199 1747 ·
242 1721 511 1791 affingunt,
540 1723 826 1781 exclamat:
846 1722 1023 1774 «Proh
1046 1723 1231 1774 misera

244 1797 540 1858 credulitaS,
572 1813 704 1865 quae
730 1797 837 1849 Deo
865 1797 1090 1864 denegas
1119 1813 1233 1864 pro-

246 1872 489 1939 prietates
528 1886 666 1930 suas,
723 1870 1101 1939 simplicitatem
1127 1912 1138 1931 ,
1183 1876 1235 1921 et

246 1945 617 2013 potestatemtn
662 1943 895 2012 Oriqenes
937 1942 1011 2016 (ὅ)
1044 1945 1227 2012 inquit:

246 2018 395 2072 «Non
417 2035 539 2088 ergo
566 2025 657 2070 aut
678 2035 864 2086 corpus
885 2018 1112 2086 aliquod,
1144 2024 1233 2070 aut

245 2110 292 2146 in
320 2109 532 2162 corpore
561 2093 822 2161 putandus
849 2100 927 2144 est
954 2092 1111 2153 Deus,
1144 2091 1233 2143 sed

245 2166 610 2220 intellectualis
633 2174 817 2219 natura
841 2166 1080 2234 simplex,
1108 2165 1239 2217 nihil

243 2242 451 2295 omnino
493 2241 543 2292 in
584 2257 638 2293 se
678 2241 1022 2293 adiunctionis
1056 2240 1237 2292 admit-

244 2313 378 2369 tens.
407 2336 433 2365 »
464 2313 522 2368 S.
550 2313 814 2382 Greqorius
835 2315 966 2367 Ναὶςί
987 2313 1062 2385 (6)
1085 2330 1238 2383 quae-

245 2392 344 2442 rit:
377 2410 403 2439 «
429 2389 507 2442 An
539 2388 705 2441 Deum
728 2406 914 2457 corpus
941 2404 1053 2441 esse
1074 2388 1236 2440 dices?

244 2479 344 2533 quo
385 2479 507 2532 ergo
547 2463 697 2516 modo
738 2466 835 2516 erit
863 2464 1146 2515 immensus
1187 2468 1237 2513 et

245 2538 499 2590 infinitus?
529 2558 554 2587 >›
597 2568 670 2576 --
725 2535 783 2591 S.
828 2536 1113 2590 Ambrosius
1157 2535 1234 2606 (7)

247 2613 451 2666 scribit:
501 2611 693 2665 «Deus
734 2618 951 2664 naturae
991 2610 1238 2678 simplici-s

247 2693 344 2748 est,
362 2703 463 2739 non
481 2688 786 2739 coniunctae
799 2693 851 2738 et
864 2686 1195 2753 compositae.
1209 2702 1233 2731 »

247 2758 306 2812 S.
338 2758 644 2828 Auquslz'mts
667 2759 744 2830 (8)
771 2759 915 2812 dicit:
953 2758 1041 2810 «Si
1065 2764 1239 2810 noster

248 2834 453 2886 animus
492 2850 678 2903 corpus
704 2849 804 2886 non
847 2839 944 2895 est,
988 2832 1238 2902 quomodo

249 2906 387 2958 Deus
427 2915 627 2960 creator
653 2908 811 2960 animi
853 2923 1038 2975 corpus
1078 2906 1179 2958 est?
1211 2925 1234 2953 n

250 2978 311 3035 S.
339 2979 555 3047 Cyrillus
577 2980 719 3034 Alex.
748 2979 823 3052 (9)
846 2982 945 3034 ait:
977 2980 1241 3047 «Simplex

253 3061 331 3107 est
356 3061 541 3107 natura
564 3055 758 3115 divina,
784 3063 833 3108 et
874 3055 1242 3122 compositione

254 3143 437 3181 carens
465 3130 668 3180 omni.»
705 3129 836 3181 Huic
853 3129 1131 3182 Traditioni
1167 3128 1242 3179 in-

253 3202 442 3255 sistens
467 3200 621 3255 ConC.
654 3202 978 3257 Lateranense
1004 3202 1082 3258 lV
1103 3200 1238 3274 (cap.

301 3344 353 3391 (1)
377 3345 411 3380 11
434 3348 515 3382 Cor.
541 3345 572 3386 3,
600 3346 652 3382 Π.

302 3392 337 3433 (2
378 3393 417 3426 1,.
444 3391 462 3426 1
487 3393 531 3425 de
556 3390 712 3432 Princip.
737 3400 769 3425 c.
796 3393 830 3426 1.

302 3435 339 3478 (3
378 3436 418 3470 L.
443 3435 476 3475 2,
503 3434 605 3475 c.13,
630 3444 666 3467 n.
693 3434 725 3467 2.

318 3480 340 3515 4
378 3480 418 3514 L.
443 3483 488 3513 de
510 3479 640 3522 baptis.
661 3487 694 3512 c.
720 3478 756 3512 2.

319 3524 340 3558 5
380 3525 417 3558 1..
439 3533 470 3558 c.
495 3531 538 3557 n.
567 3523 600 3558 6.

857 145 859 147 ’
919 163 982 200 nn
1021 162 1114 200 nno
1152 162 1203 198 iu
1240 161 1296 199 ss
1332 160 1594 199 spec-raro.

1287 239 1547 326 Firmiter)
1577 240 1786 294 definit:
1834 233 1944 294 Una
1981 248 2055 293 est
2089 239 2184 295 Dei
2204 242 2277 294 es'-

1286 317 1460 376 sentia,
1504 315 1798 376 substantia,
1840 332 1926 370 seu
1954 323 2136 369 natura
2162 316 2281 368 sim-

1282 391 1398 460 pleat
1423 390 1639 449 omnino
2270 414 2273 418 ’

1404 463 1611 516 .quta
1664 478 1821 517 sanae
1872 465 2081 518 rationis
2121 410 2279 516 dicta-

1290 553 1431 599 men,
1475 538 1595 608 quia
1633 537 1771 591 Deus
1811 538 2042 592 infinitus
2063 545 2160 600 est,
2205 545 2279 590 et-

1289 612 1389 664 iam
1429 612 1764 679 incorporeus
1803 619 1854 664 et
1887 613 2132 681 simplex
2171 613 2276 672 sit,

1292 701 1499 738 necesse
1527 693 1622 738 est.
1648 684 1779 738 Nam
1806 702 1991 754 corpus
2021 686 2279 738 infinitum

1290 767 1520 828 apertam
1549 760 2005 812 contradictionem
2034 760 2274 823 involvit3

1291 849 1407 886 cum
1437 835 1574 886 euim
1601 836 1940 902 compositum
1969 834 2054 895 sit,
2084 834 2135 886 in
2167 850 2280 902 par-

1293 914 1369 960 tes
1409 908 1586 969 dividi,
1631 915 1683 960 et
1722 908 1836 960 dein
1873 908 2047 977 quaeri
2090 914 2299 976 potest,-

1291 999 1377 1047 an,
1422 998 1502 1034 cx.
1535 998 1640 1050 gr.,
1686 982 1895 1034 dimidia
1935 998 2054 1050 pars
2081 981 2280 1034 infinita

1293 1057 1378 1117 sit,
1412 1056 1603 1108 necne?
1631 1085 1698 1094 -—-
1721 1055 1772 1108 Si
1816 1056 2014 1108 infinita
2055 1056 2276 1117 dicatur,

1292 1147 1443 1182 omne
1470 1131 1693 1198 spatium
1735 1138 1953 1198 occupat
1978 1131 2069 1191 ita,
2114 1137 2171 1182 ut
2208 1129 2283 1181 al·

1294 1211 1401 1256 tera
1432 1221 1548 1273 pars
1571 1204 1899 1257 excludatur:
1945 1205 1985 1256 si
2006 1210 2179 1256 autem
2208 1205 2277 1255 in·

1293 1278 1434 1330 finita
1476 1295 1576 1331 non
1626 1280 1711 1340 sit,
1756 1294 1822 1331 ex
1862 1279 2127 1331 finitarum
2168 1293 2282 1346 par-

1295 1353 1419 1404 tium
1460 1353 1820 1405 coniunctione
1862 1352 2119 1404 infinitum
2168 1361 2283 1419 pro-

1294 1426 1402 1478 dire
1445 1428 1640 1495 nequit,
1684 1427 1802 1495 quia
1845 1433 2008 1479 totum
2050 1428 2282 1495 sequitur

1293 1516 1415 1552 suas
1455 1507 1644 1568 partes.
1689 1501 1902 1555 Materia
1943 1517 2065 1568 ergo
2113 1500 2290 1560 nulla--

1294 1581 1444 1626 tenus
1467 1576 1517 1626 in
1542 1575 1647 1627 Deo
1675 1575 1888 1643 cogitari
1910 1580 2095 1643 potest.

1367 1648 1562 1700 Eadem
1621 1650 2070 1716 argumentatione
2128 1649 2284 1701 etiam

1294 1723 1505 1790 quaevis
1544 1722 1644 1775 alia
1685 1723 1982 1790 compositio
2007 1739 2033 1774 a
2061 1722 2167 1774 Deo
2195 1739 2285 1775 ex-

1295 1796 1540 1858 cluditur,
1585 1798 1938 1865 cuiuscunque
1963 1797 2099 1848 enim
2126 1812 2284 1864 gene·

1296 1870 1363 1922 ris
1387 1877 1556 1936 partes
1580 1870 1764 1931 forent,
1810 1871 1891 1923 vel
1933 1871 2146 1923 seorsim
2170 1886 2286 1938 spe-

1295 1951 1463 1996 ctatae
1493 1944 1745 2007 infinitae,
1777 1946 1860 1997 vel
1884 1944 2062 1998 finitae
2088 1951 2281 1996 essentz

1295 2019 1334 2069 si
1377 2019 1599 2085 primum
1655 2018 2034 2080 admitteretur,
2080 2025 2154 2071 tot
2208 2018 2287 2070 Dii

1298 2091 1631 2154 haberentur,
1657 2100 1780 2161 quot
1808 2100 2008 2161 partes:
2032 2093 2072 2145 si
2101 2107 2285 2145 secun-

1297 2166 1417 2218 dum
1461 2174 1894 2234 propugnaretur,
1952 2166 2150 2219 nullum
2194 2182 2287 2218 ens

1298 2240 1557 2293 infinitum
1596 2241 1891 2303 haberetur,
1937 2248 1988 2293 et
2015 2240 2154 2292 Deus
2180 2242 2289 2308 ipse

1296 2321 1593 2382 negaretur.
1621 2314 1751 2366 Hinc
1773 2316 1929 2367 etiam
1958 2315 2148 2367 ethnici
2174 2314 2288 2367 Phi·-

1299 2388 1492 2456 losophi
1536 2388 1855 2457 Pyllzaqoras,
1903 2389 2056 2450 Ρίαιο,
2099 2387 2288 2440 Aristo-

1299 2462 1425 2521 teles,
1472 2463 1544 2515 M.
1595 2462 1649 2513 T.
1695 2461 1863 2515 Cicero
1909 2469 1960 2515 ct
1998 2462 2083 2515 alii
2123 2458 2290 2514 Deum

1298 2535 1543 2603 Spiritum
1585 2536 2020 2604 simplicissimum
2061 2551 2193 2598 esse,
2237 2551 2291 2587 a·

1299 2616 1611 2679 gnoverunt.

1371 2684 1504 2736 Nola
1527 2684 1575 2735 l.
1609 2684 1845 2752 Dogmati
1875 2683 1937 2735 de
1965 2680 2296 2752 simplicitate

1302 2758 1392 2809 Dei
1435 2758 1708 2826 opponitur
1728 2757 2027 2818 idololatria,
2070 2772 2202 2826 quae
2239 2757 2290 2808 in

1301 2847 1454 2884 sensu
1498 2832 1740 2884 strictiori
1782 2839 1860 2885 est
1899 2847 2042 2883 error
2088 2845 2286 2891 eorum,

1302 2907 1382 2974 qui
1426 2921 1517 2958 ens
1556 2905 1812 2974 quoddam
1863 2904 2130 2957 materiale
2170 2903 2296 2955 divi-

1305 2981 1515 3031 nitatem
1559 2995 1671 3032 esse
1711 2985 1937 3047 putant,
1997 2984 2050 3030 et
2106 2977 2299 3030 idcirco.

1303 3053 1539 3106 adorant.
1570 3054 1718 3105 Error
1746 3053 1843 3106 iste
1873 3051 2187 3120 probabilius
2215 3067 2297 3103 so-

1301 3126 1563 3179 lummodo
1604 3133 1716 3194 post
1754 3126 2005 3178 diluvium
2034 3126 2170 3177 inter
2210 3141 2297 3192 po-

1304 3207 1466 3254 steros
1504 3199 1682 3254 Chami
1723 3199 1963 3262 invaluit,
2005 3203 2058 3251 et
2094 3198 2296 3252 abistis

1535 3417 1579 3511 ἓ-

1603 3433 1632 3489 ..Ὦ

1664 3543 1669 3547 .
1623 3435 1685 3512 ,Ῐέ

1710 3442 1731 3468 0

1768 3433 1802 3468 ιΙ
