2332 3860
14 289 561 365 .‘.⁷per'·.‚generationem,
591 294 644 340 et
670 288 822 341 tertia
850 303 1025 357 proce·-

23 364 361 435 fidit-aprima
399 368 452 415 et
489 361 718 415 secunda
745 378 837 431 per
862 362 1026 431 spira-

39 438 246 500 tionem·
285 436 531 500 Quamvis
557 442 731 488 autem
772 437 1025 504 processio

19 515 102 584 *sit
123 514 263 580 origo
288 511 444 563 unius
463 510 529 563 ab
555 509 740 574 alter03
772 516 1023 576 attamen,

11 585 162 657 quia,
190 585 354 638 dictae
407 585 758 652 processiones
809 591 933 637 sunt
973 585 1025 636 in

38 662 144 731 ipsa
187 659 409 711 essentia
454 658 658 719 divina,
713 673 846 726 quae
898 665 1026 711 tem-

39 734 146 804 pori
173 733 402 785 subiecta
430 747 532 785 non
561 738 657 793 est,
690 732 844 783 etiam
885 733 1025 800 ipsae

36 807 383 880 processiones
448 805 745 858 nullatenus
810 807 1025 874 tempori

22 879 313 956 subiectae,
337 879 434 933 sed
462 895 584 932 vere
611 885 855 932 aeternae
881 886 1022 932 suntt

38 954 171 1019 unde
197 955 403 1007 dieitur:
435 954 496 1006 In
523 953 609 1006 hae
639 953 882 1006 Trinitate
901 955 1027 1007 nihil

7 1028 174 1101 ...prius
199 1036 288 1083 aut
308 1028 571 1098 posterius,
601 1027 730 1080 nihil
755 1028 916 1080 maius
943 1036 1027 1080 aut

37 1102 220 1164 minim,
262 1103 342 1155 sed
370 1109 491 1154 totae
517 1110 613 1154 tres
632 1117 867 1170 personae
893 1118 1027 1154 eoae·

19 1183 200 1234 ‚lernae
224 1176 318 1228 sibi
355 1183 467 1228 sunt
499 1184 542 1228 et
579 1176 873 1243 coaequales.
915 1176 1025 1229 Una

38 1250 173 1303 enim
201 1257 279 1303 est
306 1250 462 1302 trium
490 1265 825 1318 personarum
856 1266 1028 1302 essen-

38 1320 128 1384 tia,
159 1331 364 1385 natura,
397 1324 704 1385 substantia3
735 1331 890 1391 atque
915 1325 1029 1376 ideo

38 1393 207 1451 Patris
244 1406 287 1450 et
336 1397 460 1449 Filii
509 1406 552 1451 et
597 1395 817 1465 Spiritus
864 1399 1031 1451 Sancti

13 1469 149 1523 'iana
185 1478 252 1524 est
290 1471 546 1534 divinitas,
589 1470 803 1539 aequalis
838 1473 1026 1540 fieriu,

41 1553 295 1598 coaeterna
321 1546 570 1598 maiestas.
612 1545 673 1597 Et
700 1547 819 1612 quia
859 1548 1029 1599 omnia

40 1619 290 1671 attributa
319 1618 492 1671 divina
521 1635 620 1672 non
650 1625 772 1671 sunt
800 1621 894 1673 nisi
924 1623 1032 1689 ipsa

18 1692 263 1745 ·essentia
291 1692 404 1754 Dei,
448 1693 638 1745 idcirco
678 1694 847 1745 omnia
889 1696 1032 1747 attri-

11 1765 164 1819 ‘buta
202 1766 376 1818 divina
422 1767 640 1835 singulis
687 1771 917 1832 personis
968 1786 1030 1820 ex

40 1854 201 1908 aequo
229 1846 547 1908 competunt3
585 1839 722 1892 unde
751 1843 1033 1893 rectissime

43 1912 248 1966 dicitur:
294 1913 463 1978 Qualis
489 1914 652 1977 Pater,
698 1913 809 1966 talis
846 1916 1028 1977 Filius,

44 1986 152 2040 talis
171 1986 387 2056 Spiritus
417 1987 649 2052 Sanetu33
677 2018 751 2027 —
771 1991 1035 2042 immensus

40 2058 204 2122 Pater,
247 2062 519 2115 immensus·
546 2063 727 2126 Filius,
771 2068 1035 2118 immensus

48 2131 261 2203 Spiritus
300 2135 513 2190 Sanetus
552 2144 652 2190 ete.

455 2261 493 2318 ς
525 2262 624 2307 sa.

46 2346 238 2384 Doctrinae
261 2349 443 2384 revelatae
464 2350 508 2385 de
531 2351 708 2387 Trinitate
733 2351 854 2388 brevis
872 2353 1034 2388 historia.

119 2432 364 2487 Errantes
410 2441 590 2488 contra
642 2436 926 2490 revelatam
975 2439 1036 2491 de

49 2502 290 2560 Trinitate
330 2508 614 2562 doctrinam
647 2511 699 2563 in
727 2527 821 2564 sex
847 2512 1038 2565 classes

52 2577 207 2637 dividi
248 2590 479 2649 possunt.

123 2653 182 2704 1·
222 2653 405 2709 Classis
455 2659 684 2710 continet
746 2658 901 2721 illos,
953 2660 1037 2728 qui

51 2728 252 2780 nonnisi
293 2746 563 2797 personam
588 2748 746 2785 unam
774 2734 826 2785 in
854 2734 1040 2786 divinis

31 2798 325 2872 „adstruunt
349 2844 363 2866 ,
420 2805 663 2858 nimirum
720 2807 1040 2861 conditorem

32 2875 367 2938 .omnium,*
391 2884 449 2930 ut
510 2894 606 2930 nee
663 2895 746 2932 res
797 2897 892 2934 nec
955 2898 1043 2934 no-

53 2960 203 3011 men,
245 2965 306 3002 ac
358 2965 422 3003 ne
463 2952 643 3005 umbra
688 2954 894 3021 quidem
940 2953 1044 3006 Tri-

37 3019 228 3081 nitatis
276 3031 541 3091 appareat.
585 3025 663 3079 Ad
716 3026 848 3079 hane
888 3029 1040 3096 perti-

42 3101 181 3172 3nent
204 3097 401 3166 qentiles
428 3098 725 3169 Philosophi,
758 3101 892 3154 inter
916 3118 1043 3172 quos

57 3167 203 3230 multi
236 3186 404 3225 unum
451 3174 657 3241 quidem
696 3174 860 3228 Deum
887 3217 900 3238 ‚
954 3176 1043 3230 sed

40 3250 288 3323 &matres
325 3246 378 3298 in
417 3262 520 3299 una
559 3248 826 3302 divinitate
866 3266 1040 3318 perso—

46 3328 157 3373 Jias
176 3327 520 3386 agnoverunt.
563 3321 703 3374 Inter
728 3323 931 3376 Iudaeos
958 3341 1043 3377 ve·

36 3383 196 3472 (ᾕρεε
233 3391 461 3463 plerique
500 3395 795 3464 explicitam
835 3398 898 3450 de
936 3398 1045 3450 Tri-

116 3466 221 3546 tate
245 3465 398 3520 fidem
424 3484 525 3522 non
551 3470 865 3537 habuerunt,·
889 3488 1044 3542 quam

105 3550 213 3612 fam
241 3535 412 3594 ludaei
438 3545 750 3599 recentiores
775 3552 1042 3615 respuunt.

0 3423 20 3626 »“ω“’“

35 3612 46 3623 t
28 3532 43 3556 ΓΑ

810 191 931 244 rins
966 207 1004 245 1.
1046 205 1211 245 senno
1247 205 1302 242 n.

1901 189 2006 242 3217

1087 284 1494 342 Muhammedani
1541 281 1706 337 Deum
1767 299 1927 336 unum
1987 299 2079 338 seu

1088 359 1651 430 unicumrprofltentun
1676 356 1841 410 filium
1863 373 1964 410 non
1993 359 2082 412 ha-

1088 436 1315 489 bentem.
1348 434 1490 487 lnte'r
1521 431 1839 485 Christianos
1865 431 2083 484 Trinita-

1089 517 1189 562 tem
1219 509 1424 578 penitus
1451 523 1668 574 negasse
1699 506 1943 558 dicuntur
1997 506 2084 558 El-

1087 585 1301 646 cesenae,
1329 582 1613 643 Theodotus,
1633 581 1966 649 Carpocrates,
1991 578 2087 631 Ar·

1090 665 1248 709 temon
1284 665 1327 710 et
1376 655 1631 708 Photinus.
1694 654 2086 707 Recentioribus

1091 732 1404 799 temporibus
1436 729 1656 782 eandem
1699 734 1958 797 negarunt
1985 728 2088 780 Mi-

1088 805 1221 858 chae‘l
1258 804 1481 857 Sert‘etus
1518 803 1815 871 Hispanus,
1878 802 2088 856 Valenti-

1087 895 1181 932 nus
1223 877 1429 931 Gentilis
1468 877 1629 930 Italus
1660 919 1672 939 ‚
1716 876 1912 930 Laelius
1951 875 2089 930 Soei-

1089 969 1181 1004 nus
1221 954 1405 1006 nobilis
1456 951 1701 1004 Senensis
1727 994 1740 1013 ,
1783 958 1836 1004 et
1873 949 2091 1003 Faustus

1089 1026 1311 1090 Sosium,
1354 1027 1539 1095 prioris
1586 1041 1775 1095 nepOS‚
1843 1025 1930 1094 qui
1994 1040 2091 1076 ex-

1093 1117 1265 1168 presse
1306 1101 1693 1169 pronuntiavit,
1741 1119 1767 1149 «
1811 1100 1862 1150 in
1916 1098 2091 1151 divina

1091 1176 1314 1228 essentia
1343 1190 1501 1227 unam
1527 1182 1731 1227 tantum
1772 1174 1882 1226 dari
1919 1189 2092 1242 perso·

1091 1265 1231 1300 nam:
1263 1270 1288 1299 »
1320 1249 1441 1301 hine
1480 1249 1737 1301 Soeiniani
1778 1249 1935 1300 etiam
1975 1246 2092 1300 Uni·

1093 1323 1213 1375 tarii
1251 1325 1423 1377 vocari
1466 1322 1653 1375 solent.
1695 1321 1823 1374 Cum
1854 1322 1933 1374 his
1972 1338 2093 1374 con-

1093 1398 1323 1450 sentiunt
1398 1396 1896 1466 Pseudo-Philosophi
1921 1438 1933 1458 ‚
2005 1396 2094 1465 qui

1093 1487 1209 1523 cum
1252 1471 1417 1524 Boelio
1445 1514 1457 1533 ‚
1518 1471 1758 1523 Voltairio
1797 1478 1850 1523 et
1888 1470 2001 1523 aliis
2040 1485 2093 1521 o·

1096 1546 1234 1598 mnia
1263 1547 1494 1599 revelata
1528 1547 1775 1616 mysteria
1814 1551 1874 1597 ut
1899 1545 2093 1598 absona

1094 1625 1146 1670 et
1171 1620 1564 1673 contradictoria
1608 1622 1935 1687 impugnant.

1168 1695 1257 1745 ΨΜ
1277 1693 1496 1747 Classem
1537 1696 1879 1754 constituunt,
1922 1693 2009 1762 qui
2037 1707 2095 1745 u·

1099 1784 1216 1819 nam
1255 1770 1461 1837 quidem
1503 1770 1555 1820 in
1605 1769 1875 1820 divinitate
1915 1783 2095 1836 perso-

1099 1857 1237 1903 nam,
1281 1843 1370 1894 sed
1401 1842 1561 1894 talem
1599 1848 1919 1904 statuerunt,
1963 1857 2095 1910 quae

1099 1932 1186 1982 pro
1214 1915 1515 1968 diversitate
1544 1916 1811 1983 temporis²
1842 1917 2096 1983 operatio-

1100 1991 1194 2050 nis,
1239 2006 1328 2042 seu
1370 1990 1802 2043 manifestationis
1829 1990 1994 2043 tribus
2022 1990 2098 2042 di-

1096 2065 1297 2116 stinctis
1326 2065 1619 2117 nominibus
1646 2065 1973 2132 insignienda
2006 2065 2091 2129 sit3

1097 2140 1286 2207 quique
1326 2139 1537 2207 proinde
1565 2139 1889 2202 Trinitatem,
1935 2145 1992 2192 ut
2018 2139 2095 2190 di-

1099 2219 1241 2274 eunt,
1274 2214 1572 2266 ruminalem
1599 2214 1941 2266 admiserunt.
1987 2212 2096 2265 Hu-

1102 2287 1177 2340 ius
1205 2289 1394 2340 erroris
1435 2295 1547 2357 post
1586 2286 1841 2341 Simonem
1880 2288 2095 2356 Mayum

1099 2367 1149 2412 et
1188 2361 1451 2424 Pramum,
1477 2362 1562 2430 qui
1590 2361 1757 2415 Deum
1784 2362 1992 2414 Patrem
2020 2363 2094 2414 in·

1100 2443 1371 2488 carnutum
1393 2444 1442 2489 et
1472 2452 1680 2504 passum
1709 2452 1842 2495 esse,
1874 2437 2095 2502 dixerat,

1104 2516 1347 2576 patronus
1388 2510 1757 2562 famosissimus
1796 2510 1890 2562 fuit
1931 2509 2097 2562 Sabel-

1102 2584 1216 2643 lius,
1260 2586 1345 2652 qui
1373 2584 1618 2645 asseruit,
1664 2599 1820 2636 unam
1854 2583 2098 2636 eandem-

1101 2674 1200 2726 que
1241 2658 1524 2711 divinitatis
1574 2673 1847 2725 personam
1889 2658 2098 2710 Patrem

1102 2733 1199 2784 dici
1242 2734 1438 2785 ratione
1465 2733 1760 2794 creationis,
1791 2730 1978 2784 Filium
2019 2747 2098 2784 re·

1102 2814 1280 2874 spectu
1321 2807 1714 2874 redemptioniS,
1758 2813 1810 2858 et
1848 2805 2098 2874 Spiritum

1102 2880 1347 2933 Sanctum
1388 2889 1597 2950 propter
1634 2879 2095 2932 sanctificationem

1106 2955 1389 3008 hominum.
1433 2954 1650 3007 Saeculo
1687 2953 1833 3007 XVll
1862 2954 2097 3007 nonnulli

1106 3030 1153 3079 in
1195 3029 1382 3098 Anglia
1423 3034 1708 3096 negarunt,
1753 3034 1858 3080 tres
1895 3028 2006 3081 dari
2045 3029 2096 3080 in

1105 3103 1370 3156 divinitate
1410 3118 1654 3172 personas
1700 3101 2003 3165 distinctas,
2047 3110 2099 3154 et

1107 3192 1195 3244 per
1221 3177 1445 3237 Patrem,
1476 3177 1664 3229 Filium
1693 3183 1745 3229 et
1771 3176 2016 3245 Spiritum
2045 3176 2099 3229 S.

1106 3257 1212 3303 tres
1274 3252 1556 3303 divinitatis
1618 3251 1786 3304 modos
1826 3250 2099 3303 intellexe-

1107 3331 1248 3386 runt,
1284 3325 1577 3379 Modalistae
1603 3325 1718 3379 ideo
1745 3325 1888 3378 dicti.
1919 3325 2101 3378 Eidem

1107 3399 1212 3451 fere
1250 3401 1411 3452 errori
1451 3399 1790 3453 inhaeserunt
1826 3399 1902 3452 Ιο.
1948 3397 2102 3450 Cleri-

1105 3488 1211 3534 cus,
1243 3470 1363 3526 Car.
1393 3473 1539 3526 Frid.
1570 3473 1781 3532 Bahrdt,
1823 3480 1876 3526 et
1900 3472 2101 3525 Emma-

1106 3546 1221 3598 nuel
1256 3545 1649 3618 Schwedenbory.
1700 3545 2102 3601 Rationalismus
