2332 3860
0 0 124 166 Ξ

37 195 259 266 “,’,1ἰιὶε·>εθ.»’Ι
274 191 346 247 ld
377 196 654 244 manifeste
667 196 868 243 constat
895 207 957 243 ex
977 207 1056 258 e0,

49 273 192 340 quia
228 266 382 321 etiam
408 264 459 317 8.
506 262 814 323 Ambrosius,
843 263 895 317 S.
948 265 1064 317 Hie-

55 356 332 409 ,renymuffi
383 346 436 391 et
488 337 540 391 8.
597 338 906 405 Epiphanius
965 339 1060 391 boc

51 413 311 485 ¹'loquendi
354 411 502 464 modo
527 418 782 472 utuntur,
846 412 930 480 qui
987 418 1064 465 ta·

72 499 188 543 men
230 486 572 554 virginitatem
616 485 804 537 Mariae
835 486 884 537 in
912 491 1058 552 partu

38 627 42 630 .
72 568 246 616 contra
276 560 597 612 Iovinianum
616 559 866 611 acerrime
887 558 1060 610 defen-

66 637 218 688 dunt.
263 635 357 686 Per
384 635 697 701 apertionem
730 633 916 684 vulvae
938 648 1059 698 ergo

71 709 271 763 nonnisi
311 709 477 775 ipsum
521 714 720 774 partum
745 706 1058 773 intelligunt,

71 784 186 853 quia
250 782 442 849 aperire
505 781 698 832 vulvam
774 787 823 831 et
880 796 1060 847 parere

73 865 312 924 tanquam
354 859 624 923 synonima
672 855 942 906 habentur.

119 929 249 982 obi.
302 930 386 980 2⁸
447 928 566 980 Luc.
613 929 666 994 2,
727 929 817 986 2⁹2,
881 927 1058 994 Maria,

57 1012 315 1075 *postquam
356 1003 537 1070 impleti
575 1009 686 1053 sum
725 1002 825 1052 dies
874 1018 1060 1069 parqu-

71 1079 213 1132 tionis
265 1078 389 1136 eius,
450 1077 665 1129 accessit
723 1077 866 1127 iuxta
931 1075 1058 1141 legis

73 1153 439 1221 praescriptum
481 1152 530 1201 in
575 1149 842 1216 templum,
888 1156 942 1200 ut
974 1166 1059 1216 pu-

72 1226 374 1278 rificaretur.
432 1225 537 1290 Ego
594 1231 704 1274 erat
763 1225 1052 1285 immunda,

71 1315 159 1352 seu
199 1304 437 1366 corrupta
479 1314 543 1350 ex
569 1304 713 1364 partu
739 1313 837 1349 non
866 1299 1051 1356 minus,

69 1389 221 1443 quam
259 1381 494 1426 caeterae
515 1372 755 1424 mulieres
776 1374 1059 1440 parturien-

70 1454 165 1500 tes·

142 1521 281 1589 Resp.
326 1521 472 1574 Hanc
509 1520 847 1574 obiectionem
906 1519 1057 1572 solvit

68 1595 120 1650 S.
170 1595 375 1647 Thomas
400 1594 475 1665 (l)
506 1598 711 1648 dicens:
759 1614 785 1643 «
821 1594 955 1645 Licet
996 1594 1051 1646 B.

68 1669 224 1736 Virgo
266 1669 458 1720 nullam
515 1670 725 1721 baberet
783 1669 1056 1720 immundi-

0 1809 1 1814 *
70 1745 213 1804 tiam,
283 1743 443 1795 voluit
507 1751 678 1795 tamen
744 1744 1058 1810 purgationis

69 1818 452 1871 observantiam
479 1818 691 1885 implere
723 1833 819 1868 non
855 1824 1058 1883 propter

70 1893 452 1959 indigentiam,
521 1892 609 1945 sed
671 1898 874 1960 propter
934 1892 1058 1957 legis

70 1972 432 2037 praeceptum3
478 1967 585 2034 ipsa
613 1967 747 2018 enim
772 1967 1055 2017 secundum

70 2057 125 2094 sc
167 2043 465 2109 purgatione
527 2057 626 2092 non
686 2041 964 2105 indigebat.
1029 2059 1054 2088 »

67 2113 226 2168 Cuius
267 2116 337 2167 rei
379 2116 631 2167 rationem
669 2115 857 2166 clarius
908 2130 1060 2180 expo-

71 2189 146 2243 nit
174 2190 360 2242 ibidem
390 2187 462 2259 (Q)
491 2190 696 2242 dicens:
727 2209 752 2237 «
784 2188 926 2240 Sicut
956 2188 1058 2256 ple·

50 2264 248 2317 ‘nitudo
287 2267 483 2330 gratiae
523 2280 552 2315 a
600 2262 799 2315 Christo
859 2263 1058 2314 deriva-

71 2343 155 2390 tur
194 2338 245 2389 in
309 2344 546 2397 matrem,
608 2338 675 2388 ita
742 2337 932 2397 decuit,
1006 2343 1060 2387 ut

71 2419 236 2465 mater
275 2412 550 2464 humilitati
610 2410 723 2463 Filii
782 2411 1062 2462 conforma-

71 2493 232 2539 retur.
290 2486 353 2538 Et
405 2486 549 2546 ideo,
613 2485 742 2536 sicut
790 2483 1055 2545 Christus,

71 2561 306 2629 quamvis
345 2559 444 2626 legi
483 2576 583 2612 non
627 2566 759 2612 esset
786 2559 1056 2619 obnoxiuS,

71 2634 233 2687 voluit
276 2641 446 2686 tamen
506 2634 950 2686 circumcisionem
1010 2640 1060 2684 et

70 2708 170 2760 alia
211 2708 339 2775 legis
378 2723 536 2760 onera
561 2708 731 2759 subire
759 2708 823 2759 ad
854 2707 1062 2760 demon·

71 2782 343 2835 strandum
383 2781 686 2834 humilitatis
725 2787 776 2833 et
823 2781 1061 2834 obedien·

72 2856 173 2922 tiae
213 2855 528 2924 exemplum,
572 2862 624 2906 et
666 2861 722 2906 ut
759 2855 1064 2923 approbaret

73 2928 262 2997 legem,
307 2936 358 2982 et
398 2937 453 2981 ut
493 2929 782 2982 calumniae
838 2930 1064 2981 occasio-

70 3019 191 3056 nem
231 3003 434 3056 ludaeis
462 3003 698 3055 tolleret:
725 3009 932 3071 propter
953 3019 1063 3055 eas-

74 3076 190 3131 dem
230 3079 452 3130 rationes
506 3077 667 3129 voluit
730 3084 781 3129 et
843 3084 1063 3130 matrem

71 3166 222 3212 suam
262 3151 476 3219 implere
516 3151 642 3218 legis
687 3151 1060 3214 observantiaS‚

75 3226 260 3294 quibus
300 3233 470 3278 tamen
499 3241 598 3277 non
626 3232 739 3278 erat
765 3226 1060 3278 obnoxia.»

76 3297 263 3351 Eodem
287 3300 433 3352 modo
452 3300 628 3352 Patres
650 3300 838 3367 passim
855 3301 1061 3362 docent,

75 3368 289 3425 Mariam
313 3373 676 3463 purificationis
694 3374 793 3443 legi
817 3390 914 3427 non
944 3374 1064 3425 fuis-

76 3467 174 3515 (1)
198 3470 292 3516 ³,sp
316 3471 373 3516 37,
394 3477 463 3510 art.
486 3472 522 3517 4,
544 3472 646 3511 adl.
883 3474 936 3519 (Β)
954 3472 1063 3511 InO.

674 109 791 148 mus
828 109 900 149 ln.
943 107 1111 148 Sssmv
1142 118 1181 146 v.
1223 108 1379 148 mpur-
1410 108 1448 146 l.

1930 92 2042 150 tili-⁵⁵

1122 206 1190 248 se,
1214 190 1518 249 subiectam,
1535 189 1662 257 'quia
1681 174 1839 254 virgo
1857 190 2107 259 concepit,

1122 271 1173 317 et
1211 263 1376 330 Virgo·
1406 265 1623 330 peperit3
1657 261 1737 315 lex
1760 268 1932 316 autem
1963 264 2113 317 dicits,

1125 338 1335 396 Mulier,
1371 337 1417 388 si
1454 346 1668 404 suscepto
1701 336 1883 388 semine
1914 354 2109 407 pepere-

1103 412 1208 472 ric,
1252 410 1506 469 immunda
1531 412 1627 462 erit
1653 416 1752 462 etc.
1786 410 1885 482 (5).

1143 527 1146 529 .
1194 485 1302 538 Obi.
1361 485 1445 536 5.·
1484 483 1634 536 ΝυΙΙο
1674 483 1823 536 modo
1862 482 2109 551 explicari

1124 565 1307 624 potest,
1350 558 1603 626 quomodo
1643 556 1935 610 Cliistus'ex
1964 565 2110 613 utero

1122 633 1309 685 Mariae
1350 631 1607 685 nascendo
1637 632 1835 698 prodire
1864 635 2106 700 potuerit,

1121 708 1239 775 quin
1289 707 1400 758 eius
1457 706 1743 759 claustrum
1801 707 2110 775 virginitatis

1125 779 1418 832 violaretur.

1193 853 1331 920 Resp.
1364 852 1472 906 Non
1498 869 1746 920 negamus
1767 852 1970 907 difficile
1997 870 2110 908 esse

1121 929 1378 995 explicare
1420 928 1647 988 modum,
1691 945 1791 996 quo
1848 930 2111 995 virgineus

1124 1010 1296 1069 partus
1325 1005 1516 1060 evenit,
1541 1003 1784 1070 quoniam
1804 1004 2109 1070 generatim,

1120 1092 1251 1143 (luae
1293 1084 1494 1143 praeter
1533 1085 1749 1128 naturae
1789 1078 2021 1130 ordinem
2062 1094 2111 1130 e·

1124 1151 1355 1212 veniunt,
1399 1167 1428 1203 a
1471 1151 1613 1202 nobis
1656 1152 1878 1217 perfecte
1912 1151 2110 1219 concipi

1120 1231 1171 1276 et
1211 1225 1458 1292 explicari
1499 1240 1598 1275 non
1643 1232 1894 1292 possunt3
1925 1226 2014 1277 sed
2073 1226 2111 1277 i-

1119 1300 1388 1363 gnorantia
1432 1299 1566 1350 modi
1608 1315 1706 1350 non
1751 1299 2112 1352 tollitcertitu-

1121 1373 1290 1424 dinem
1330 1373 1468 1425 facti.
1515 1373 1670 1425 Recte
1711 1373 1865 1437 igitur
1910 1372 1965 1426 S.
2007 1372 2110 1426 Αιι-

1117 1448 1341 1515 9ustinus
1395 1446 1469 1516 (lt)
1530 1446 1626 1499 hac
1682 1447 1745 1498 de
1792 1463 1847 1499 re
1885 1449 2108 1500 scribit:

1123 1542 1148 1569 «
1183 1520 1293 1587 lpsa'
1332 1522 1495 1573 virtus
1519 1537 1607 1589 per
1629 1520 1903 1574 inviolatae
1933 1522 2112 1574 matris

1122 1596 1350 1662 virginea
1391 1597 1587 1648 viscera
1630 1596 1856 1647 membra
1904 1596 2112 1657 infantis

1120 1670 1317 1731 eduxit,
1382 1687 1511 1738 quae
1555 1676 1727 1737 postea
1789 1686 1878 1737 per
1937 1670 2111 1722 clausa

1120 1745 1246 1796 ostia
1288 1745 1518 1796 membra
1559 1744 1761 1796 iuvenis
1801 1744 2124 1796 introduxit.'

1120 1818 1212 1868 Hic
1252 1819 1293 1869 si
1334 1820 1463 1870 ratio
1510 1819 1793 1885 quaeritur,
1860 1834 1959 1869 non
2015 1818 2113 1870 erit

1123 1892 1386 1954 mirabile3
1430 1892 1470 1942 si
1513 1891 1811 1958 exemplum
1862 1892 2109 1959 poscitur,

1122 1982 1219 2016 non
1264 1967 1360 2017 erit
1399 1965 1678 2033 singulare.
1706 1964 1918 2026 DemuS‚
1948 1967 2111 2018 Deum

1120 2040 1309 2108 aliquid
1353 2056 1518 2107 posse,
1563 2039 1696 2109 quod
1739 2056 1830 2091 nos
1873 2040 2110 2104 fatemur,

1122 2115 1434 2181 investigare
1475 2131 1574 2165 non
1619 2130 1783 2182 posse.
1819 2113 1874 2165 ln
1925 2115 2112 2166 talibus

1123 2189 1273 2240 rebus
1315 2195 1419 2240 tota
1455 2189 1582 2240 ratio
1624 2188 1742 2241 facti
1778 2195 1857 2240 est
1885 2190 2111 2256 potentia

1123 2263 1375 2315 facientis
1414 2283 1439 2311 »
1483 2293 1554 2302 —
1589 2260 1886 2314 Communis
1941 2269 2113 2315 tamen

1123 2337 1200 2388 Ss.
1247 2337 1454 2389 Patrum
1497 2344 1547 2388 et
1588 2336 1944 2402 theologorum
2002 2352 2113 2388 sen·

1122 2412 1280 2463 tentia
1323 2417 1419 2470 est,
1464 2410 1726 2463 Christum
1766 2425 1882 2462 cum
1911 2425 2034 2463 vero
2061 2417 2114 2463 et

1124 2484 1343 2537 naturali
1385 2501 1477 2536 suo
1516 2500 1728 2552 corpore
1768 2485 1989 2536 exivisse
2047 2499 2114 2536 ex

1123 2559 1298 2611 clauso
1339 2559 1528 2612 Mariae
1582 2566 1728 2611 utero
1786 2573 1906 2609 eum
1964 2573 2115 2626 pene-

1125 2633 1353 2697 trand03
1419 2648 1571 2701 quam
1638 2632 1947 2684 sententiam
1994 2633 2114 2690 ,iam

1125 2707 1638 2775 proposuitMagister
1658 2713 1881 2759 sentent.
1913 2706 2111 2758 dicens:

1128 2781 1255 2834 «Sol
1281 2788 1515 2850 penetrat
1539 2782 1760 2839 vitrum,
1798 2795 1892 2832 nec
1926 2780 2115 2848 frangi-

1124 2862 1207 2907 tur
1233 2863 1323 2908 aut
1351 2856 1594 2919 violatur3
1620 2856 1693 2907 sic
1714 2854 1871 2920 Virgo
1893 2855 2110 2923 peperit,

1123 2946 1218 2982 nec
1268 2930 1524 2983 maculata
1584 2929 1695 2981 fuit.
1747 2948 1770 2977 »
1802 2927 2116 2989 Naturaliter

1124 3004 1329 3072 quidem
1370 3019 1555 3071 corpus
1578 3002 1865 3056 humanum
1887 3019 1985 3056 non
2012 3009 2118 3071 pot-

1125 3084 1202 3130 est
1229 3078 1366 3130 aliud
1398 3083 1688 3146 penetrare,
1728 3077 1816 3130 sed
1869 3092 2116 3146 superna-

1126 3151 1361 3221 turaliter
1420 3167 1508 3203 seu
1576 3151 1766 3203 virtute
1829 3151 2003 3205 divina
2066 3150 2116 3204 id

1127 3226 1429 3293 fieriposse,
1464 3241 1615 3278 nemo
1646 3224 1872 3294 negabit,
1906 3225 2000 3277 nisi
2029 3224 2115 3293 qui

1126 3299 1538 3368 omnipotentiae·
1564 3299 1659 3355 Dei
1696 3301 1884 3354 limites
1949 3300 2111 3368 ponit.

1170 3430 1360 3519 {32-11evit.
1385 3431 1424 3466 C.
1448 3430 1505 3471 12,
1527 3431 1562 3466 2.

1188 3474 1223 3521 4)
1247 3475 1311 3519 Ep.
1336 3473 1415 3519 137,
1439 3477 1484 3512 ad
1508 3474 1764 3514 volusianum.
