2332 3860
251 217 362 272 &60

177 314 352 369 Patris
390 316 538 378 mei,
564 319 653 385 qui
692 317 745 368 in
784 315 926 368 coelis
964 323 1032 369 est
1072 313 1171 387 (1);

177 406 310 460 quae
338 391 495 444 verba
524 391 664 443 clare
694 391 975 443 ostendunt
1004 393 1175 458 Ange-

177 464 255 518 los
293 471 411 520 actu
453 466 554 518 iam
589 466 831 517 intuitiva
871 465 963 516 Dei
1004 466 1175 533 cogni-

178 540 318 592 tione
359 540 605 607 gaudere,
649 540 700 591 in
743 556 842 608 qua
870 539 1066 591 entium
1098 556 1175 591 ra-

177 613 444 667 tionalium
486 630 689 666 summa
725 613 886 680 gloria
928 619 979 666 et
1018 615 1174 667 beati-

179 688 300 741 tudo
341 688 591 741 consistit.
657 687 1002 751 Quamobrem
1053 704 1172 740 con-

177 771 319 816 stans
357 769 436 814 est
492 762 572 815 Ss,
618 763 830 815 Patrum
870 769 921 815 et
960 762 1171 815 Theolo-

176 852 360 905 gorum
402 836 654 897 doctrina,
699 835 924 904 Angelos
964 845 1171 890 sanctos

177 912 354 964 statim
396 917 506 978 post
566 911 881 980 probationis
932 918 1166 980 teinpuS,

176 987 228 1038 in
256 1001 354 1055 quo
382 1001 436 1036 se
465 985 569 1037 Deo
598 985 775 1037 fideles
802 984 1169 1054 exhibuerunt,

177 1059 242 1112 ad
282 1075 537 1112 summam
578 1059 796 1126 gloriam
848 1066 899 1112 et
950 1060 1169 1114 beatitu-

178 1134 349 1187 dinem
392 1135 708 1202 pervenisse.

251 1210 304 1261 Ξ.
338 1207 655 1276 Angelorum
683 1214 981 1260 sanctorum
1007 1208 1170 1276 gloria

177 1289 228 1335 et
250 1283 513 1335 beatitudo
542 1289 752 1334 aeterna
774 1290 870 1345 est,
905 1298 1166 1351 nunquam

176 1357 458 1409 defectura.
504 1356 557 1407 ld
598 1356 859 1423 colligitur
899 1374 964 1409 ex
1002 1359 1170 1410 citatis

175 1432 348 1483 verbis
395 1428 614 1483 Christi:
671 1429 844 1498 Anyeli
894 1447 1068 1483 eorum
1115 1432 1169 1483 in

173 1505 315 1558 coelis
352 1520 535 1574 semper
557 1503 629 1576 (in
658 1521 737 1573 gr.
765 1503 841 1552 διά
874 1505 1041 1560 παντὸς
1064 1505 1095 1557 i.
1123 1521 1167 1559 e.

177 1580 227 1631 in
260 1577 586 1650 perpetuum)
617 1579 773 1632 vident
797 1578 970 1645 faciem
1003 1578 1170 1631 Patris

177 1655 274 1706 mei
301 1660 427 1718 etc.;
461 1670 523 1705 ex
552 1669 650 1722 qua
682 1653 921 1721 loquendi
951 1653 1168 1706 formula

176 1729 360 1781 merito
376 1728 749 1791 concludimuS,
761 1743 846 1778 eos
864 1743 975 1779 esse
994 1728 1168 1780 beatos

175 1804 369 1871 absque
399 1808 538 1854 metu
560 1801 830 1854 amittendi
853 1801 1166 1868 felicitatem,

177 1892 278 1945 qua
318 1883 438 1928 sunt
478 1876 650 1928 donati
680 1892 709 1928 a
744 1874 869 1936 Deo,
904 1876 1048 1942 positi
1079 1891 1167 1927 ex-

174 1958 253 2003 tra
294 1950 579 2019 periculum
621 1949 887 2018 peccandi,
919 1951 1167 2017 exempti-

173 2040 274 2094 que
313 2025 707 2093 quibuscunque
745 2023 981 2075 miseriis
1014 2022 1167 2076 Nobis

174 2114 378 2168 quoque
433 2098 548 2151 talis
598 2098 861 2151 beatitudo
920 2099 1166 2164 promissa

172 2180 270 2235 est,
314 2188 447 2241 quae
487 2173 676 2225 idcirco
705 2174 800 2226 vita
838 2179 1034 2223 aeterna
1063 2171 1163 2241 (Q),

172 2246 589 2301 immarcescibilis
627 2246 810 2314 yloriae
849 2262 1026 2298 corona
1068 2245 1163 2316 (ὅ),

171 2337 361 2376 corona
402 2321 792 2390 incorruptibilis
823 2319 898 2391 (ἰι)
931 2326 1161 2373 vocatur.

169 2396 222 2449 Si
263 2403 441 2448 autem
481 2395 719 2448 homines
760 2395 925 2447 sancti
966 2394 1030 2446 ad
1061 2402 1165 2447 tam

170 2469 373 2524 felicem
402 2475 596 2522 statum
627 2471 956 2538 perveniunt,
989 2469 1040 2520 in
1069 2485 1167 2538 quo

172 2560 339 2614 neque
382 2559 596 2613 peccare
641 2559 806 2613 neque
845 2543 1062 2611 gloriam
1114 2559 1168 2595 a·

171 2620 377 2672 mittere
418 2624 653 2687 possunt,
698 2618 794 2671 hoc
835 2617 970 2669 idem
1011 2618 1168 2670 etiam

173 2693 452 2746 dicendum
481 2700 559 2746 est
586 2693 647 2745 de
677 2698 815 2745 statu
848 2691 1166 2758 Angelorum

175 2768 449 2830 bonorum,
492 2768 573 2819 cui
615 2772 781 2819 status
821 2765 1085 2818 hominum
1116 2782 1168 2817 e-

176 2839 429 2893 lectorum
449 2843 833 2911 aequiparatur,
864 2855 982 2892 cum
999 2839 1062 2892 de
1090 2840 1167 2891 his

177 2913 411 2968 Christus
450 2916 606 2968 dicat:
649 2911 815 2970 Erunt
853 2912 1169 2984 sicutAnyeli

185 2987 273 3041 Dei
296 2988 354 3041 in
391 2989 514 3042 coelo
555 2989 653 3061 (5).

571 3113 608 3171 ς
645 3112 782 3158 no.

196 3198 246 3235 De
269 3205 425 3234 numero
439 3201 477 3233 et
498 3198 676 3255 classibus
696 3200 925 3244 Angelorum
950 3199 1145 3236 bonorum.

256 3283 306 3336 1.
351 3282 630 3338 Maximam
690 3301 802 3338 esse
849 3284 1166 3353 Angelorum

178 3357 430 3413 bonorum
487 3358 868 3412 multitudinem
926 3359 978 3411 S.
1035 3358 1168 3411 Scri-

218 3471 593 3518 <1)Mattn.18,1o
735 3471 771 3516 (2
813 3473 938 3508 Manu.
959 3473 1014 3510 25.
1047 3473 1102 3509 4⁶.

218 3518 270 3562 (3)
293 3517 312 3554 1
338 3519 429 3552 Petr.
456 3518 490 3557 5,
531 3518 564 3552 4.
736 3517 771 3559 (4
812 3516 829 3551 1
851 3518 931 3551 Cor.
957 3517 992 3557 9,
1015 3517 1070 3553 25.

219 3563 269 3607 (Β)
294 3563 416 3596 Mattn.
441 3543 498 3602 22’,
531 3562 583 3598 30.
736 3561 771 3603 (6
812 3563 901 3594 Dan.
925 3560 958 3602 7,
983 3561 1037 3596 1⁰.

219 3606 269 3652 (⁷)
296 3607 382 3643 Luc.
411 3606 445 3652 2,
472 3606 527 3643 13.
735 3562 786 3651 (83
810 3605 936 3642 Matth.
961 3604 1018 3649 26,
1041 3603 1094 3641 53.

579 235 642 272 ΟΕ
678 235 776 273 DEO
813 234 864 272 ΙΝ
901 233 1169 271 RELATIONE
1209 233 1272 270 AD
1310 230 1514 271 MUNDUM
1551 230 1809 274 SPEGTATQ.

2051 17 2055 20 ⁴
2140 11 2162 26 ,ι’
2218 15 2237 30 ,α
2308 11 2323 24 ,Τ

1971 44 1980 55 α
2207 40 2236 53 ·.=·
2291 34 2328 55 ,αι

2087 61 2100 77 1
2131 54 2134 59 “
2322 60 2327 70 ·

2107 78 2125 109 χ
2150 79 2157 86 “
2182 83 2187 87 ·
2247 75 2254 100 ,’
2286 79 2327 101 vn:

2211 124 2214 129 A
2243 126 2246 130 .
2285 119 2287 122 ⁴
2311 111 2327 120 ⁴

2215 138 2223 149 1
2241 145 2246 151 .

2256 168 2258 170 ,
2300 159 2323 170 ’.ι

2249 163 2315 293 εἷς

1238 321 1386 400 ptura
1418 313 1791 366 variisinlocis
1817 312 2065 366 insinuat.
2090 307 2268 379 Gen
2246 321 2322 418 ἕξ

1236 390 1374 442 enim
1411 386 1660 451 XXXIII,
1702 388 1766 452 2,
1808 386 1961 441 Iacob
2000 387 2282 456 Angelos
2320 408 2321 412 ¹

1236 465 1286 516 in
1328 469 1473 515 tanto
1511 477 1728 515 numero
1778 462 2020 515 collectos
2061 459 2276 528 vidit,
2299 469 2321 529 J‘

1237 545 1291 590 nt
1332 537 1558 589 diceretx
1590 533 1766 589 Castra
1805 535 1896 589 Dei
1932 545 2046 590 sunt
2087 537 2223 600 haec,
2259 545 2268 561 ¹*

1236 619 1334 664 etc.
1379 611 1558 663 Daniel
1602 610 1788 695 inquit:
1825 610 1990 663 Miltia
2011 611 2228 664 millium
2262 607 2309 662 ²12·-

1235 685 1584 739 ministrabant
1604 685 1668 746 ei,
1693 692 1737 736 et
1756 684 1905 737 decies
1925 685 2104 739 millies
2124 701 2228 739 cen-
2269 711 2277 753 ff

1236 769 1342 813 cena
1367 760 1531 813 millia
1570 758 1855 812 assistebant
1886 761 1931 811 ei
1970 758 2069 830 (6);
2111 761 2266 829 qui·
2263 757 2293 795 ’-

1236 835 1329 887 bus
1372 834 1572 895 verbiS‚
1617 840 1674 886 ut
1732 832 1956 902 theologi
2011 833 2225 894 dicunt,
2278 831 2289 899 ζ

1237 925 1335 962 non
1377 909 1479 961 iam
1511 923 1755 961 numerus
1782 906 2098 974 Angelorum
2140 908 2228 961 de·
2294 951 2314 959 „

1234 985 1541 1036 terminatur
1567 1024 1579 1045 ‚
1623 982 1714 1034 sed
1753 981 1922 1034 solum
1963 997 2053 1050 per
2092 982 2228 1037 banc
2272 1039 2275 1049 ⁴

1235 1057 1470 1128 loquendi
1515 1057 1786 1110 formulam
1815 1056 1998 1123 ingens
2038 1072 2228 1110 eorun-
2318 1100 2321 1103 .

1233 1132 1349 1185 dem
1394 1131 1667 1185 multitudo
1715 1130 2036 1196 indigitetur.
2069 1159 2140 1167 ——
2168 1130 2227 1184 In
2310 1188 2316 1193 ,

1232 1206 1294 1259 N.
1321 1206 1378 1259 Τ.
1412 1213 1531 1259 nato
1559 1205 1781 1267 ChristO,
1810 1204 2047 1258 habetur:
2075 1204 2228 1258 Facta

1231 1290 1297 1332 es!
1344 1298 1452 1333 cum
1492 1279 1672 1348 Anqelo
1712 1278 1977 1331 multitudo
2016 1279 2227 1331 militiae

1231 1355 1438 1407 coelestis
1478 1362 1578 1407 etc.
1625 1351 1721 1424 (7).
1754 1353 1988 1405 Christus
2023 1369 2227 1422 quoque

1232 1428 1452 1481 affirmat
1476 1427 1574 1499 (8),
1616 1443 1670 1479 se
1710 1444 1739 1479 a
1772 1427 1922 1478 Patre
1962 1427 2227 1495 plusquam

1231 1505 1479 1555 duodecim
1534 1502 1737 1570 leqiones
1795 1498 2093 1570 Anyelorum
2133 1502 2226 1553 im-

1233 1585 1435 1645 petrare
1496 1592 1674 1644 posse3
1731 1575 1863 1642 legio
1922 1581 2095 1627 autem
2160 1583 2262 1628 ex*

1232 1653 1457 1720 quinque
1499 1650 1579 1702 vel
1610 1666 1703 1702 sex
1738 1648 1964 1702 millibus
2006 1649 2227 1702 militum

1232 1733 1467 1778 constare
1522 1730 1881 1776 consueverat.
1931 1723 2122 1776 Paulus
2161 1723 2227 1776 ad

1231 1800 1387 1852 Hebr.
1434 1799 1664 1851 scribens
1707 1797 1779 1867 (9)
1819 1804 2073 1850 memorat
2099 1797 2228 1850 mul-

1233 1882 1391 1925 lorum
1421 1872 1632 1924 millium
1672 1870 1972 1939 Anqelorum
1999 1872 2226 1940 frequen-

1232 1949 1369 1999 tiam.
1397 1975 1466 1985 —
1483 1946 1749 2013 Ingentem
1773 1961 1885 1998 esse
1907 1945 2226 2014 Angelorum

1232 2037 1506 2074 numerum
1545 2020 1626 2073 Ss.
1672 2019 1849 2072 Patres
1891 2035 2094 2089 quoque
2134 2019 2226 2072 ad·

1230 2102 1492 2149 severant.
1519 2094 1844 2147 Iustinus-M.
1869 2092 1979 2164 (to)
1999 2100 2050 2147 et
2080 2092 2226 2146 Athe-

1230 2186 1438 2238 naqoras
1467 2168 1581 2241 (tt)
1608 2175 1885 2230 testantur,
1910 2167 2227 2221 Christianos

1233 2259 1473 2312 magnam
1512 2242 1831 2310 Angelorum
1873 2249 1923 2294 et
1968 2243 2228 2296 mInistro-

1232 2336 1343 2371 rum
1387 2318 1478 2370 Dei
1522 2317 1905 2370 multitudinem
1932 2317 2225 2370 admittere.

1229 2393 1493 2462 Dionysius
1516 2390 1628 2462 (12)
1652 2391 1848 2444 scribit:
1877 2410 1903 2439 «
1928 2390 2076 2444 Multi
2104 2397 2227 2443 sunt

1230 2468 1553 2536 superiorum
1582 2465 1772 2518 mundo
1802 2465 2052 2518 mentium
2087 2465 2225 2517 beati

1230 2543 1510 2601 exercitus,
1555 2540 1638 2608 qui
1680 2538 1991 2592 imbecillem
2031 2545 2082 2590 et
2108 2554 2227 2591 con-

1230 2622 1450 2668 tractam
1489 2629 1700 2674 eorum,
1757 2607 1844 2681 qui
1902 2614 1952 2665 in
2008 2615 2224 2667 materia

1230 2696 1534 2750 cernuntur,
1579 2694 1631 2740 et
1658 2689 1709 2739 in
1741 2703 1835 2739 usu
1879 2692 2052 2740 nostro
2079 2692 2220 2748 sunt,

1232 2778 1563 2816 numerorum
1587 2763 1838 2814 rationem
1881 2761 2161 2814 excedunt.
2193 2780 2218 2810 »
2262 2827 2264 2830 α

1228 2838 1280 2891 S
1303 2837 1526 2907 Cyrillus
1555 2835 1695 2889 Hier.
1730 2833 1842 2905 (1ο)
1865 2835 2034 2896 docet
2063 2855 2090 2884 «
2121 2830 2226 2888 An

1229 2912 1372 2981 gelos
1426 2926 1640 2964 numero
1695 2909 1939 2963 homines
1978 2899 2269 2995 superareu

1230 2994 1482 3057 quantum
1523 2993 1735 3046 terram,
1778 2999 1910 3054 quae
1940 2983 2114 3052 puncti
2141 2982 2218 3034 in·

1230 3069 1337 3114 star
1376 3067 1472 3122 est,
1515 3058 1776 3113 coelorum
1816 3059 2040 3111 ambitus
2067 3055 2302 3136 mrsu-3
2287 3079 2302 3083 ·⁷

1231 3142 1395 3218 perat:
1431 3153 1458 3185 »
1501 3131 1741 3186 Nonnulli
1784 3148 1850 3185 ex
1888 3131 2126 3184 Patribus
2163 3145 2232 3183 o·
2241 3133 2303 3206 *3⁴¹³

1231 3209 1388 3278 pinati
1429 3215 1590 3268 sunt,
1634 3222 1747 3259 eam
1799 3219 1942 3258 esse
1964 3203 2309 3308 rationem'lss

1230 3281 1574 3335 multitudinis
1602 3280 1866 3334 hominum
1891 3278 1957 3332 ad
1995 3278 2229 3363 Angelo—
2267 3338 2269 3340 α
2303 3297 2311 3348 21

1232 3371 1346 3410 rum
1387 3370 1679 3417 numerum,
1710 3368 1841 3424 quae
1868 3359 1947 3406 est
1975 3353 2126 3406 unius
2150 3344 2228 3406 ad.
2260 3309 2302 3402 f

2223 3430 2231 3439 ⁸
2292 3438 2312 3460 a

2295 3469 2310 3492 t

2270 3509 2310 3537 8

1290 3513 1326 3557 9)
1351 3513 1434 3556 Cap
1460 3511 1515 3552 12,
1539 3510 1595 3547 22.
1735 3509 1810 3598 (10)
1836 3511 1936 3555 Apol.
1962 3510 1996 3547 1.

1291 3558 1350 3648 113
1374 3559 1495 3601 Legat.
1519 3566 1551 3590 c.
1577 3555 1632 3591 10.
1753 3557 1811 3602 12)
1835 3556 1988 3592 Decoel.
1996 3554 2096 3592 Hier.
2108 3561 2142 3591 e.
2156 3552 2212 3593 ΙΙ
2224 3555 2311 3634 ³1³³

1275 3602 1334 3649 (13
1374 3603 1518 3639 catech.
1543 3600 1601 3645 15,
1626 3610 1666 3639 n.
1689 3599 1741 3637 29.
2212 3639 2240 3675 αα
2250 3617 2307 3678 ἦ
2307 3653 2309 3658 α
