2332 3860
175 167 191 190 N

987 197 1139 238 capm-
1173 195 1247 239 ιη’.

102 281 203 334 lino
233 279 278 344 Υ
288 294 381 349 per
409 279 556 332 cuius
583 277 887 332 elect-ionem
914 278 1094 347 lugen-

101 356 222 408 dum
250 354 473 407 schisma
518 352 781 407 sublatum
806 354 921 407 fuit.
951 353 1092 416 Quae

99 430 151 482 in
201 429 296 482 boc
333 427 558 481 Concilio
605 428 654 479 in
703 428 931 480 materiis
973 427 1092 480 fidei

98 509 278 556 contra
328 517 528 555 errores
575 500 779 570 Wicleffi
818 509 869 555 et
914 501 1094 554 Hussii

99 576 310 629 definita
348 582 491 638 sunt,
533 591 564 627 a
590 575 811 628 Martino
843 574 885 628 V
909 592 1091 644 appro-

98 651 239 712 bata,
270 657 321 703 et
347 651 412 703 ab
440 650 678 703 omnibus
705 647 983 701 Catholicis
1011 665 1090 702 re-

11 763 19 766 -
99 731 245 792 cepta
299 725 526 777 fuerunt.
591 723 831 775 Definitio
889 730 1086 782 autem,

98 799 232 868 quod
273 797 559 850 Concilium
585 799 651 850 sit
677 813 834 865 supra
875 797 1085 866 Papam,

99 890 362 942 nunquam
387 889 413 924 a
442 872 572 924 Sede
588 872 817 924 Romana
841 871 1085 934 admissa,

95 947 187 999 scd
216 948 265 999 in
293 944 520 999 Concilio
541 945 839 1002 Florentino
868 954 917 998 et
940 946 1086 998 Late-

96 1022 301 1075 ranensi
330 1020 374 1075 V
402 1021 672 1089 reprobata
700 1020 813 1072 fuit.

169 1095 357 1150 XVlll.
424 1094 579 1147 Conc.
637 1094 907 1146 Bcsiliense
952 1110 1087 1146 anno

30 1220 32 1226 ,
100 1170 230 1222 ,1454
259 1211 271 1230 ,
314 1186 344 1221 a
382 1168 606 1222 Martino
653 1169 694 1222 V
728 1168 998 1231 indictum,
1025 1170 1088 1221 ab

96 1244 316 1312 Ezeqeuio
342 1242 419 1296 IV
447 1243 745 1296 inchoatum
767 1284 779 1305 ,
830 1249 943 1311 post
983 1243 1085 1310 pri-

96 1334 233 1369 mam
249 1318 530 1370 sessionem
559 1318 806 1377 solutum,
836 1317 923 1368 sed
950 1333 1087 1369 anno

97 1392 241 1444 4454
271 1399 617 1444 restauratum
645 1433 657 1452 ‚
690 1398 740 1443 et
767 1407 901 1443 anno
945 1391 1085 1443 4457

95 1464 384 1518 Ferrariam
416 1466 723 1518 translatum
765 1466 901 1536 suit„
923 1465 1087 1517 Huius

97 1539 306 1592 Concilii
335 1541 461 1592 nibil
505 1548 583 1592 est
624 1546 793 1592 ratum
824 1547 875 1591 et
902 1541 1085 1607 proba-

96 1619 239 1674 tum,
297 1614 391 1665 nisi
430 1615 684 1682 quaedam
733 1615 1086 1680 dispositiones

96 1689 230 1739 circa
273 1686 521 1739 beneficia
562 1688 929 1747 ecclesiastiea,
961 1703 1086 1755 quas

94 1761 331 1812 Nicolaus
352 1760 718 1828 Vapprobavit.
746 1761 954 1812 Certum
985 1768 1082 1819 cst,

96 1835 192 1886 hoc
242 1834 525 1886 Concilium
582 1836 632 1886 in
687 1834 1086 1886 conciliabulum

98 1909 440 1976 degenerasse
470 1916 581 1976 post
606 1910 887 1960 sessionem
914 1906 1082 1968 Qum,

98 1983 182 2034 ubi
210 1982 381 2047 Legati
412 1983 558 2035 Rom.
585 1983 843 2035 Pontificis
867 1989 917 2035 et
940 1982 1087 2034 multi

97 2056 183 2109 alii
214 2057 391 2108 Patres
419 2058 678 2109 abierunt.

170 2129 309 2182 XlX.
356 2131 512 2182 Conc.
557 2131 900 2183 Florentinum
952 2146 1087 2182 anno

99 2205 241 2256 4458
282 2205 375 2257 sub
403 2205 626 2272 Euqcnio
655 2206 730 2257 IV
751 2205 813 2257 ad
845 2207 1086 2257 unionem

97 2277 409 2330 Graecorum
475 2295 591 2330 curn
658 2279 886 2331 Ecclesia
929 2279 1087 2330 latina

98 2351 366 2404 Ferrariae
406 2353 728 2415 inchoatum,
772 2354 862 2404 sed
902 2354 965 2405 ob
1009 2369 1090 2419 pe-

99 2434 230 2478 stem
275 2426 590 2479 Florentiam
640 2428 946 2479 translatum
998 2428 1088 2478 ibi-

97 2515 197 2567 que
236 2517 373 2552 anno
402 2501 543 2553 4459
572 2502 865 2553 absolutum
893 2501 1006 2552 fuit.
1033 2499 1088 2552 In

98 2574 196 2626 hoc
222 2572 447 2627 Concilio
476 2575 743 2627 definitum
774 2582 851 2627 est
883 2616 895 2635 ‚
940 2574 1086 2641 spiri-

98 2654 209 2700 tum
229 2647 281 2700 S.
307 2665 336 2700 a
364 2648 514 2700 Patre
541 2648 770 2717 Filioque
790 2649 1085 2716 procedere,

100 2727 152 2773 et
178 2722 465 2774 Romanum
494 2723 794 2775 Pontificem
815 2724 863 2774 in
885 2723 1091 2774 univer-

99 2811 216 2847 sum
238 2796 415 2848 orbem
442 2804 619 2848 tenere
647 2797 933 2849 Primatum
960 2803 1086 2848 etc.:

99 2870 286 2937 quibus
304 2869 686 2922 definitionibus
707 2872 859 2923 etiam
883 2870 1087 2932 Graeci,

100 2950 318 3010 excepto
348 2944 520 2996 Marco
548 2943 814 3011 Ephesino,
870 2944 1092 2996 subscri-

102 3025 338 3085 pserunt.
368 3017 846 3084 EuqeniusIthic
867 3016 1091 3069 Concilio

103 3091 381 3159 praesedit,
414 3091 549 3143 istud
579 3092 905 3159 approbavit,
937 3107 997 3143 ac
1037 3097 1094 3142 ut

101 3165 490 3218 oecumenicum
543 3165 845 3228 declaravit3
874 3165 1009 3233 quod
1040 3170 1094 3216 ut

102 3237 206 3291 tale
226 3255 254 3291 a
269 3245 374 3292 tota
387 3238 619 3292 Ecclesia
635 3238 815 3292 Latina
830 3245 1093 3308 receptum

103 3317 201 3365 est.

130 3430 134 3439 2
177 3384 296 3438 XX.
328 3383 483 3439 Cone.
514 3385 836 3440 Lateranense
886 3387 927 3439 V
957 3402 1095 3439 anno

1992 193 2069 250 ⁹29

1151 280 1450 335 absolutum
1472 280 1661 335 fuit.1n
1681 282 1779 336 hac
1791 285 1987 354 synodo
2010 286 2134 341 Con-

1151 355 1453 408 ciliabulum
1499 356 1739 420 Pisanum
1765 399 1779 418 ,
1818 374 1848 410 a
1878 361 2138 414 nonnullis

1150 428 1508 482 Cardinalibus
1549 430 1802 491 habitum,
1833 432 1930 484 fuit
1969 449 2126 501 repro-

1150 504 1368 575 batum:
1411 504 1639 556 damnati
1667 521 1869 574 quoque
1895 514 2017 558 sunt
2053 523 2137 560 as·
2180 556 2186 559 ,

1149 586 1419 639 serentes,
1486 579 1714 631 animam
1765 579 2136 632 intellectivam

1149 652 1419 704 mortalem
1446 667 1557 704 esse
1584 660 1675 706 aut
1703 653 1908 705 unicam
1936 653 1985 704 in
2015 669 2138 705 cun-

1149 727 1244 778 ctis
1284 726 1608 778 hominibus:
1640 728 1785 779 varia
1812 727 2035 795 denique
2073 729 2137 779 ad

1149 800 1339 852 bonum
1381 800 1640 852 Ecclesiae
1688 801 2092 868 promovendum
2123 843 2134 860 ,

1149 880 1199 925 et
1258 890 1430 926 mores
1486 874 1836 927 reformandos
1903 874 2137 926 ordinata

1148 955 1288 1000 sunt.
1333 947 1440 1000 Hoc
1478 948 1762 1000 Concilium
1790 966 1818 1001 a
1846 947 1983 1015 Papa
2021 963 2137 1000 con-

1148 1022 1430 1082 firmatum,
1463 1029 1513 1074 ct
1539 1023 1604 1075 ab
1630 1023 1862 1075 Ecclesia
1900 1029 1956 1074 ut
1981 1037 2137 1074 oecu-

1150 1098 1410 1148 menicum
1438 1103 1704 1163 receptum
1739 1103 1837 1158 est,
1882 1097 1931 1148 in
1974 1095 2138 1149 Gallia

1149 1176 1352 1222 tantum
1379 1171 1613 1223 nonnulli
1655 1171 1751 1223 hac
1778 1172 1829 1223 in
1858 1186 1914 1222 re
1942 1170 2139 1223 dissen-

1147 1250 1346 1297 serunt.

1219 1317 1362 1370 XXI.
1407 1317 1564 1372 Conc.
1614 1318 1960 1370 Tridenlinum
2002 1334 2137 1370 anno

1150 1392 1290 1444 4545
1335 1393 1668 1454 inchoatum,
1726 1400 1778 1445 et
1816 1408 1951 1444 anno
1994 1392 2136 1444 4565

1150 1468 1483 1519 terminatum
1524 1468 1616 1518 fuit
1656 1466 1721 1519 ad
1760 1466 1984 1527 Lulheri,
2023 1463 2140 1518 Gal-

1147 1540 1251 1593 vz‘ni
1278 1548 1330 1593 et
1356 1541 1574 1593 aliorum
1601 1539 1918 1593 Novatorum
1940 1555 2140 1591 errores

1148 1615 1522 1683 profligandOS,
1580 1622 1631 1667 et
1670 1615 1733 1667 ad
1778 1630 1946 1666 mores
1980 1615 2138 1666 refor-

1145 1690 1379 1740 mandos,
1436 1689 1596 1741 Multa
1650 1689 1700 1740 in
1755 1688 1851 1740 hoc
1910 1686 2137 1739 Concilio

1146 1765 1282 1814 circa
1321 1762 1495 1823 fidem,
1532 1778 1699 1814 mores
1726 1769 1777 1814 et
1816 1761 2136 1828 disciplinam

1148 1842 1386 1896 tractata,
1417 1843 1466 1887 et
1498 1836 1707 1887 definita
1749 1837 1975 1895 fuerunt,
2006 1850 2136 1902 quae

1149 1910 1230 1960 bic
1270 1925 1543 1961 recensere
1603 1925 1813 1961 necesse
1863 1924 1963 1960 non
2018 1915 2133 1967 est,

1147 1999 1265 2035 cum
1305 1984 1416 2035 eius
1462 1982 1665 2035 codices
1704 1983 1934 2036 omnium
1975 1982 2136 2034 mani-

1148 2058 1242 2110 bus
1284 2064 1537 2110 terantur.
1600 2057 1708 2110 Hoc
1760 2057 2066 2117 Concilium,
2109 2071 2139 2106 a

1151 2132 1235 2183 Pio
1253 2131 1328 2184 IV
1342 2131 1550 2199 speciali
1576 2132 1725 2184 Bulla
1752 2131 2133 2185 confirmatum.

1150 2206 1198 2258 in
1232 2213 1335 2258 toto
1364 2207 1486 2258 orbe
1501 2206 1752 2258 catholico
1774 2220 1895 2257 cum
1908 2204 2136 2256 maxima

1150 2281 1484 2332 veneratione
1512 2286 1775 2347 receptum
1805 2286 1913 2331 est:
1940 2284 1992 2330 et
2016 2278 2059 2329 si
2088 2278 2137 2328 in

1148 2354 1403 2423 aliquibus
1433 2355 1728 2422 regionibus
1757 2352 2039 2405 nonnullae
2066 2349 2140 2402 le-

1148 2444 1238 2495 ges
1290 2428 1646 2495 disciplinares
1678 2426 1888 2479 Concilii
1928 2424 2140 2476 Triden-

1151 2502 1239 2553 tini
1284 2509 1521 2569 receptae
1562 2517 1662 2554 non
1705 2506 1847 2561 sunt,
1885 2499 2020 2551 circa
2050 2497 2136 2549 de-

1149 2576 1408 2626 finitiones
1455 2581 1628 2627 tamen
1680 2574 1799 2627 fidei
1844 2580 1896 2624 et
1928 2585 2139 2623 >morum

1150 2665 1327 2701 omnes
1366 2647 1611 2700 Catholici
1641 2647 1989 2706 consentiunt.
2033 2644 2141 2696 lmo

1149 2724 1305 2775 etiam
1328 2721 1503 2774 Graeci
1531 2719 1829 2774 schismatici
1845 2734 1999 2772 suum
2021 2734 2140 2770 cum

1150 2797 1375 2848 Concilio
1401 2796 1681 2848 Tridentino
1702 2808 2012 2848 consensum
2033 2807 2141 2844 ma-

1151 2871 1479 2931 nifestarunt,
1510 2870 1632 2921 dum
1654 2885 1789 2922 anno
1814 2868 1956 2920 1673}
1980 2867 2141 2934 primo

1150 2946 1201 2996 in
1255 2944 1462 3013 Synodo
1503 2942 1718 3003 ΕΡιαηα,
1776 2947 1834 2994 et
1874 2947 2049 3010 postea
2089 2940 2141 2990 in

1151 3018 1606 3085 He'crosolymilana
1624 3017 1854 3083 Lutberi,
1868 3022 1930 3067 ,et
1945 3013 2142 3065 Calvini

1153 3108 1354 3144 errores
1408 3092 1739 3150 damnarunt,
1793 3095 1845 3142 et
1900 3088 2142 3156 pleraque

1154 3166 1414 3233 dogmata,
1441 3171 1622 3217 contra
1643 3162 1959 3217 Novatores·'
1947 3177 2000 3213 in
2014 3159 2143 3212 Con-

1154 3240 1270 3292 cilio
1321 3238 1620 3291 Tridentino
1654 3237 1899 3295 definita,
1937 3233 2142 3303 publice

1155 3313 1369 3382 professi
1398 3319 1542 3364 sunt.
1804 3339 1812 3346 ,.
1836 3333 1838 3343 ν

1216 3385 1378 3438 Νοια.
1435 3383 1677 3455 Synodus
1731 3384 2008 3442 Trullana,
2050 3396 2139 3434 seu

107 3458 263 3511 4512,
296 3460 400 3512 ¹suh
428 3460 558 3512 Iulio
594 3461 650 3512 ΙΙ
701 3461 1021 3519 inchoatum,
1065 3477 1094 3512 a
1156 3459 1490 3522 Quini-sexta,
1527 3459 1622 3512 cui
1637 3473 1775 3511 anno
1825 3457 1933 3509 692
1958 3455 2066 3516 200
2091 3459 2142 3505 et

11 3542 20 3553 ⁴
106 3530 707 3599 laconeXcontinuatum,
729 3534 1091 3588 etannolbw
1157 3533 1293 3586 ultra
1324 3532 1551 3602 Episcopi
1587 3526 1872 3584 orientales
1898 3526 2140 3581 interfue-
