2332 3860
294 155 364 208 96

88 264 130 304 ι
222 252 432 322 plantis,
462 251 795 315 animalibuS,
841 253 1134 305 bominibus
1161 257 1212 304 et

907 173 968 209 DE
1004 172 1098 209 Duo
1138 171 1190 208 m
1227 170 1283 207 SE
1321 170 1583 208 SPECTATO.

1345 251 1400 303 2.
1431 251 1515 303 Εω
1531 248 1620 303 SS.
1646 249 1895 310 PatribuS,
1920 250 2005 319 qui
2028 249 2265 320 frequen·-
2322 232 2330 256 ⁹

220 326 435 394 Angelis
461 327 662 378 secerni
693 332 928 394 possunt,
961 332 1018 377 ut
1042 331 1213 377 osten—
1274 325 1467 376 tissime
1507 324 1746 377 inanibus
1786 323 2068 376 Gentilium
2118 325 2273 378 idolis<¹
2311 330 2332 396 <jz

219 399 366 468 dit-S,
402 398 605 463 Thomas
639 399 674 451 l.
706 415 754 452 c.
789 397 962 469 (l).-—
984 398 1076 451 Ast
1101 413 1213 466 per-

222 474 500 527 fectissima
531 474 635 525 vita
661 472 755 525 soli
794 472 902 524 Deo
941 473 1206 540 competit,

217 547 337 616 quia
365 547 474 604 eius
502 548 723 599 essentia
748 561 948 598 summe
973 552 1205 606 actuosa,

217 628 269 674 et
309 621 649 689 undequaque
702 620 1058 688 independens
1107 626 1219 671 est.=

215 693 363 747 Deus
378 694 621 746 nimirum
644 700 702 745 ut
722 709 815 745 ens
834 709 864 745 a
887 709 961 754 se,
986 694 1207 761 primum

215 776 267 821 et
315 768 545 821 omnium
585 783 758 819 rerum
798 768 1209 833 contingentium

215 858 393 903 causa,
427 841 731 908 principium
754 840 940 907 agendi
971 841 1020 891 in
1043 842 1208 908 seipso

214 914 390 976 habet,
422 915 523 966 imo
553 915 766 981 ipsemet
795 912 873 966 est
909 914 1128 981 primum
1158 920 1208 965 et

213 988 565 1056 independens
625 987 932 1054 prIncipium
978 987 1162 1053 agendi
1193 1028 1202 1048 ‚

212 1069 368 1131 atque
395 1061 508 1113 ideo
536 1061 640 1111 vita
670 1061 799 1129 ipsa,
846 1062 950 1112 vita
972 1061 1205 1112 absoluta

213 1142 266 1188 et
300 1137 462 1203 prima
492 1135 658 1185 omnis
683 1136 818 1186 vitae
845 1149 1001 1186 causa
1028 1135 1207 1186 merito

213 1208 420 1263 dicitur.
452 1238 525 1247 —-
563 1207 729 1259 Deum
769 1208 964 1269 vivere,
1010 1215 1060 1259 et
1101 1208 1206 1259 vita

215 1281 414 1335 infinite
444 1282 667 1350 perfecta
694 1282 794 1333 frui
825 1282 1091 1348 probatur.

291 1355 445 1407 l.Ex
471 1354 529 1408 S.
560 1352 841 1422 Scriptura.
867 1354 951 1406 Sic
973 1356 1022 1406 in
1049 1355 1200 1406 Deut.

212 1427 288 1498 (2)
314 1428 452 1481 Deus
481 1429 586 1496 ipse
616 1434 949 1493 protestatur:
990 1428 1103 1480 Vico
1124 1443 1206 1495 eqo

212 1503 266 1553 in
292 1509 566 1563 aeternum,
589 1499 688 1571 (5):
721 1500 849 1552 Item
887 1501 1023 1553 Deus
1053 1516 1205 1551 verus

211 1581 263 1626 et
283 1575 435 1627 vivus
461 1575 736 1643 opponitur
770 1574 916 1626 idolis
956 1575 1205 1626 inertibus

213 1655 263 1700 et
290 1651 539 1700 emortuis
573 1665 601 1700 a
643 1648 826 1699 lerem.
861 1645 936 1716 (ἐι)
977 1647 1199 1699 dicente:

211 1721 341 1788 Opus
359 1722 609 1791 artificum
623 1722 853 1773 universa
869 1721 983 1772 haec
1005 1718 1203 1790 (idola);

213 1794 451 1847 Dominus
478 1803 641 1846 autem
670 1795 799 1846 Deus
819 1810 961 1845 verus
988 1801 1073 1853 est,
1107 1798 1204 1861 ipse

211 1868 339 1919 Deus
365 1872 542 1920 vivens,
563 1873 632 1919 Ae
647 1869 745 1919 los.
768 1866 865 1936 (5):
888 1867 1055 1918 Soletis
1077 1867 1206 1933 quod

210 1941 450 1993 Dominus
478 1942 610 1992 Deus
625 1942 782 1995 vivens
810 1941 863 1991 in
879 1941 1034 1991 medio
1061 1941 1205 1991 vestri

209 2013 617 2066 est.--Cbristus
633 2030 832 2082 quoque
850 2012 924 2083 (6)
941 2014 1031 2064 ait:
1063 2014 1204 2065 Sicut

209 2087 354 2139 Pater
366 2090 517 2139 vitam
539 2087 673 2139 habel
694 2088 744 2138 in
761 2088 1027 2154 semetipso,
1045 2088 1117 2138 sic
1131 2087 1205 2137 sle-

209 2161 337 2213 ditet
353 2160 483 2212 Furfo
505 2161 654 2212 vitam
677 2161 918 2212 habereiit
939 2161 1199 2228 senzetipsu

209 2233 275 2287 Et
304 2233 380 2304 (7)
399 2251 411 2284 τ
431 2233 565 2286 Sicut
586 2235 718 2286 misit
738 2250 812 2285 me
840 2235 1014 2295 nivem,
1037 2233 1197 2293 Pater,

209 2316 252 2360 et
274 2324 361 2374 eqo
390 2308 489 2361 vivo
514 2317 716 2376 propter
736 2307 947 2360 Patrem.
974 2307 1201 2376 Apostoli

207 2381 551 2434 adhortantur
578 2381 810 2434 Gentiles
837 2378 914 2452 (8)
957 2389 1009 2432 ut
1041 2398 1068 2433 a
1096 2382 1202 2433 Diis

209 2455 357 2507 vanis
377 2462 750 2508 convertantur
770 2456 833 2507 ad
854 2454 1006 2506 Deum
1026 2456 1201 2519 vivum,

207 2529 295 2595 qui
311 2529 423 2595 fecit
445 2528 626 2581 coelum
648 2537 689 2580 et
713 2537 915 2580 terram.
938 2527 1042 2580 lmo
1066 2528 1202 2580 Deus

210 2617 310 2653 non
339 2601 506 2654 solum
546 2603 724 2655 vivere
763 2603 977 2662 dicitur,
1010 2603 1097 2654 sed
1129 2609 1204 2654 et-

211 2675 313 2726 iam
353 2683 408 2727 ut
445 2675 557 2728 fons
585 2682 636 2728 et
662 2682 843 2728 auctor
869 2675 1035 2727 omnis
1067 2677 1200 2727 vitae

210 2747 560 2814 praedicatur.
627 2749 791 2801 David
854 2747 938 2799 Ps.
986 2748 1086 2808 55,
1132 2749 1201 2800 10

210 2820 374 2872 Deum
414 2821 630 2875 laudans
669 2822 820 2873 dicit:
864 2820 1008 2889 Apud
1048 2830 1090 2873 te
1135 2830 1202 2873 est

209 2894 324 2959 sons
341 2894 489 2946 vitae.
533 2895 726 2948 Paulus
769 2895 881 2947 Act.
918 2895 1006 2953 17,
1041 2895 1109 2944 ⁶25
1139 2895 1201 2945 de

210 2966 314 3018 Deo
342 2967 433 3026 ait,
464 2969 597 3035 quod
627 2970 729 3037 ipse
763 2970 843 3019 det
881 2967 1103 3019 omnibus
1132 2969 1200 3020 υἰ-

211 3047 310 3100 tam
335 3047 379 3090 ec
419 3036 791 3107 inspirationem
811 3049 854 3093 et
874 3041 1060 3103 omnia3
1106 3041 1200 3092 etl

211 3111 341 3165 Tim.
382 3113 439 3174 -6,
487 3113 555 3165 15
583 3116 779 3169 scribit:
823 3113 962 3168 Deus
995 3114 1202 3184 vivificat

215 3200 398 3237 omni-a.

270 3284 289 3323 1
331 3287 406 3323 Art.
433 3284 464 3323 3.

271 3333 291 3366 2
333 3334 438 3366 Deut.
463 3341 495 3366 c.
523 3331 577 3371 32,
604 3331 656 3366 4⁰.

271 3377 291 3410 3
327 3376 380 3410 Cf.
406 3378 474 3410 ler.
499 3375 557 3416 22,
579 3375 633 3410 24.
661 3376 788 3410 Ezech.
818 3375 871 3417 18,
897 3376 927 3410 3.

272 3419 292 3454 4
330 3420 413 3457 Can.
426 3419 481 3460 10,
505 3419 526 3452 9
549 3425 614 3453 etc.

273 3464 293 3498 ⁵
327 3464 410 3506 Cap·
430 3463 465 3502 3,
489 3462 544 3496 1⁰.

408 3506 522 3548 526.

257 3509 309 3551 ns)
332 3509 383 3541 ιο.

1224 3431 1247 3539 l

1271 397 1438 450 Deum
1467 411 1650 450 verum
1675 404 1727 450 et
1755 399 1934 450 vivum
1972 404 2259 466 opponunt,

1271 486 1493 539 eumque
1518 471 1682 523 vitam
1708 472 1874 539 ipsam
1900 474 2168 539 omnisque
2191 471 2265 523 vi·

1270 550 1354 596 tae
1393 551 1658 596 auctorem
1700 544 2003 612 praedicant
2054 543 2151 616 (9).
2206 544 2261 596 S.

1271 616 1539 686 Greqorius
1566 617 1714 686 Nyss.
1737 618 1788 669 in
1818 633 1910 670 sua
1931 618 2047 670 fidei
2077 619 2286 685 profes-·

1270 692 1411 743 sione
1453 690 1566 761 (io)
1609 691 1824 743 scribit:
1855 711 1881 740 «
1907 690 2173 743 Credimus
2214 693 2262 743 in

1272 764 1476 817 Patrem
1506 765 1567 816 D.
1600 764 1659 816 N.
1694 764 1734 816 1.
1768 764 1861 816 Ch.
1908 765 1992 832 qui
2021 772 2101 817 est
2128 765 2263 817 vitae

1270 838 1403 899 fonS‚
1437 845 1485 890 et
1515 840 1563 889 in
1595 837 1780 890 Filium
1824 837 1988 890 Patris
2028 839 2265 905 unigeni·

1271 917 1398 971 tum,
1444 913 1526 979 qui
1571 918 1648 963 est
1689 912 1826 963 vitae
1866 918 2073 973 auctor,
2119 917 2171 963 et
2211 913 2260 963 in

1267 984 1514 1052 Spiritum
1540 985 1790 1036 Sanctum
1818 984 1929 1046 Dei,
1957 985 2020 1037 de
2046 987 2148 1053 'quo
2168 985 2264 1037 Do·

1270 1059 1438 1110 minus
1466 1061 1557 1122 ait3
1601 1057 1818 1126 Spiritus
1856 1065 1942 1119 est,
1994 1059 2082 1126 qui
2120 1059 2266 1128 vivifi-

1268 1140 1361 1183 cat.
1411 1151 1436 1179 >›
1480 1133 1538 1183 S.
1583 1131 1887 1199 Anytislinus
1928 1131 1981 1183 L.
2029 1132 2054 1183 l
2114 1131 2258 1184 Cont'.

1269 1203 1382 1274 (11)
1411 1205 1473 1256 ad
1503 1205 1665 1256 Deum
1696 1205 1838 1256 dicit:
1869 1225 1894 1253 «
1920 1204 1992 1257 Tu
2023 1204 2146 1258 facis
2174 1221 2267 1258 nos

1270 1278 1503 1338 Domine,
1535 1279 1615 1329 eui
1647 1294 1759 1330 esse
1782 1285 1834 1330 et
1864 1279 2040 1330 vivere
2070 1295 2169 1330 non
2212 1295 2266 1332 a-

1270 1351 1395 1410 liud,
1427 1358 1581 1419 atque
1610 1351 1748 1403 aliud
1778 1358 1875 1413 est,
1915 1354 2033 1420 quia
2063 1348 2264 1404 summe

1268 1440 1399 1485 esse,
1432 1431 1483 1476 et
1511 1441 1712 1477 summe
1736 1426 1912 1477 vivere
1935 1426 2156 1494 idipsum
2185 1442 2258 1479 es,

1341 1498 1393 1549 5.
1440 1498 1524 1549 Ew
1560 1500 1782 1557 ratione,
1826 1514 1957 1566 quae
2005 1499 2129 1551 dum
2170 1515 2264 1552 ens

1267 1571 1446 1622 vivum
1473 1579 1523 1622 et
1562 1574 1792 1623 activum
1831 1573 1936 1623 enti
1976 1580 2179 1626 mortuo
2207 1580 2260 1625 et

1267 1645 1417 1696 inerti
1449 1644 1600 1712 longe
1634 1646 1924 1713 praeponit,
1971 1647 2262 1699 necessario

1269 1718 1382 1769 Enti
1414 1720 1806 1785 perfectissimo,
1837 1735 1936 1787 quo
1964 1722 2130 1772 maius
2157 1735 2265 1773 me-

1269 1791 1470 1859 liusque
1511 1793 1725 1858 eogitari
1754 1794 1949 1861 nequit,
1995 1794 2260 1860 perfectis·

1266 1865 1448 1916 simam
1474 1881 1675 1933 quoque
1693 1866 1872 1926 vitam,
1899 1882 2259 1936 summamque

1265 1939 1581 1990 activitatem
1613 1939 1810 1991 tribuit.
1845 1940 1983 1992 Haec
2011 1942 2164 1992 etiam
2193 1957 2261 1993 ex

1265 2019 1573 2078 argumento
1614 2012 1991 2081 cosmologico‚
2036 2021 2088 2066 et
2128 2014 2258 2083 pby-

1265 2085 1700 2153 sico-theologico,
1745 2103 1834 2154 pro
1863 2089 2137 2139 existentia
2168 2087 2259 2140 Dei

1266 2157 1443 2219 allato,
1478 2160 1588 2211 iure
1618 2160 1856 2212 infertur:
1888 2162 1929 2213 si
1953 2162 2093 2213 enim
2119 2161 2257 2214 Deus

1264 2233 1397 2283 sicut
1423 2233 1595 2285 omnia
1619 2234 1882 2301 produxit,
1909 2236 1982 2286 sic
2009 2243 2061 2287 et
2087 2237 2258 2288 omnia

1265 2307 1508 2358 continuo
1549 2316 1824 2361 conservat
1876 2315 1927 2360 et
1965 2309 2252 2376 gubernat,

1264 2379 1456 2448 absque
1485 2380 1638 2433 dubio
1667 2382 1817 2442 vivit,
1850 2398 2049 2435 summa
2079 2382 2258 2435 activi·

1266 2459 1369 2504 tate
1399 2453 1682 2506 excellens.
1723 2454 1787 2506 Et
1826 2456 2079 2523 quomodo
2119 2455 2258 2508 Deus

1264 2527 1468 2579 entibus
1503 2544 1531 2578 a
1574 2543 1626 2580 se
1668 2528 1931 2595 productis
1971 2531 2130 2581 vitam
2171 2531 2256 2582 tri·

1266 2600 1421 2651 buere
1450 2608 1640 2667 posset,
1674 2601 1715 2652 si
1747 2601 1841 2653 bac
1880 2603 1989 2670 ipse
2028 2610 2249 2665 careret,

1263 2688 1382 2724 cum
1425 2673 1547 2724 nibil
1591 2674 1749 2741 possit
1788 2690 1900 2727 esse
1940 2676 1991 2727 in
2033 2676 2250 2737 effectu,

1263 2746 1397 2814 quod
1421 2762 1519 2798 non
1545 2748 1609 2798 sit
1632 2747 1683 2798 in
1705 2748 1885 2800 causa?
1907 2747 2109 2802 -Vita
2131 2765 2255 2818 ergo

1263 2819 1539 2872 cuiuslibet
1579 2821 1811 2872 vilissimi
1839 2821 2138 2874 animalculi
2180 2823 2255 2874 vi-

1264 2898 1370 2944 tam
1408 2893 1499 2944 Dei
1542 2894 1823 2958 praedicat,
1865 2896 2001 2947 sieut
2039 2895 2253 2964 quilibet

1266 2972 1432 3018 motus
1474 2968 1692 3033 primam
1731 2983 1941 3020 causam
1982 2970 2252 3021 matricem

1263 3046 1599 3091 contestatur.
1631 3040 2053 3108 -Spiritualem
2076 3041 2254 3094 activi·
2293 3055 2295 3058 ·

1264 3119 1423 3164 tatem
1447 3129 1592 3165 suam
1624 3113 1761 3165 Deus
1789 3115 2100 3177 manifest-at,
2129 3114 2252 3166 dum
2324 3169 2332 3180 ⁴

1263 3201 1464 3253 semper
1491 3193 1542 3238 et
1571 3186 1758 3255 ubique
1791 3195 1848 3240 ut
1875 3186 2078 3242 Veritas
2105 3187 2251 3262 nobis

1306 3329 1358 3416 {3¹3
1384 3330 1611 3408 tefam-14

1306 3417 1358 3504 59)
1382 3419 1433 3452 Gt.
1452 3399 1700 3461 'Thema-{sim
1726 3420 1751 3453 l.
1777 3418 1798 3454 3
1819 3419 1866 3454 de
1888 3421 1973 3463 Deo,
1998 3430 2031 3457 c.
2056 3420 2109 3456 25.
2178 3440 2187 3464 1

1305 3461 1379 3549 (233
1406 3460 1552 3548 {3ng
1575 3504 1621 3540 ai.
1649 3503 1681 3538 e.
