2332 3860
645 179 651 182 ”
708 185 829 224 »Ans
865 187 901 222 1.
945 185 1110 224 SEG'HO
1148 187 1187 224 1.
1229 185 1379 226 CAPUT
1416 188 1471 226 11.

1959 70 1964 79 .
2003 54 2018 78 l

1961 179 2034 245 89

31 270 34 274 ’
72 267 125 321 S.
176 265 395 323 Basilius
443 261 520 336 (l)
580 265 674 320 ait:
719 285 746 315 «
789 264 927 318 Haec
954 281 1056 318 una
1121 273 1321 336 tempus
1372 266 1593 329 excedit,
1636 272 1890 325 removeri
1931 273 2106 339 debet3
2150 302 2158 310 ·

72 341 375 402 recordatio,
404 340 446 393 si
486 338 692 392 assidua
730 344 897 402 esset,
939 354 1058 392 con-
1118 347 1271 409 atque
1308 340 1423 394 ideo
1461 357 1629 410 neque
1656 344 1977 410 preteritum,
2022 363 2110 400 ne-

79 423 155 470 tra
206 415 376 467 omnia
427 412 554 464 vitia
594 410 854 466 sufficiens
892 427 1058 466 reme·
1120 430 1218 482 que
1246 410 1592 477 futurum,in‘
1615 415 1722 468 Deo
1766 419 1963 485 concipi
1997 436 2109 488 pos-

75 490 215 542 dinm
242 502 353 540 esse
381 491 570 554 posset.
599 503 637 536 »,
671 485 716 551 b)
748 486 937 538 Eadem
967 503 1060 539 nos

73 563 136 616 ad
188 562 406 613 virtutes
452 559 769 617 exercendas
819 560 1055 627 impellit,

72 636 273 688 dicente
323 633 455 687 Deo:
509 631 727 685 Ambala
777 648 940 685 coram
988 649 1061 685 me

73 717 119 763 el
138 717 234 761 esto
261 705 614 777 perfectasffl).
640 705 683 775 c)
709 706 899 758 Eadem
927 707 1062 758 inter

72 782 290 836 adversa
331 787 382 832 et
408 779 633 848 pericula
674 779 876 833 firmam
916 780 1062 832 nobis

71 855 269 909 iri-Deo
320 854 561 907 fiduciam
600 854 807 920 ingerit,
848 860 906 905 ut
945 869 1060 905 cum

73 929 318 998 propheta
341 928 589 980 dicamus:
615 927 725 979 Etsi
756 926 1063 979 ambulavero

73 1006 124 1055 in
163 1003 319 1054 medio
365 1002 564 1055 umbrae
611 1003 819 1062 morti3,
861 1017 959 1052 non
1009 1002 1065 1053 n·-

56 1076 206 1132 ,mebo
276 1076 408 1128 mala
466 1076 699 1145 quoniam
766 1082 818 1127 la
878 1090 1063 1127 meatem

72 1147 252 1220 (ες-(3).

477 1271 517 1329 3
555 1270 652 1316 54.

360 1362 412 1396 De
439 1360 657 1396 aeternitate
680 1361 758 1396 Dei.

146 1445 282 1498 Dum
320 1443 427 1497 Deo
481 1443 840 1496 aeternitatem
890 1442 1067 1494 tribui-

74 1536 210 1581 muS‚
256 1517 539 1571 necessario
579 1518 643 1569 ab
706 1518 814 1585 ipso
870 1517 1068 1568 initium

77 1601 129 1646 et
159 1595 304 1663 finem
351 1606 699 1652 removemuS,
762 1605 883 1642 nam
934 1590 1066 1658 qnod

73 1668 279 1719 initium
345 1665 545 1726 habuit,
587 1680 679 1716 seu
725 1664 859 1732 quod
899 1671 1067 1716 ortum

77 1748 176 1802 est,
199 1756 300 1792 non
327 1755 529 1805 semper
555 1738 670 1795 fuit,
714 1753 774 1789 ac
796 1737 985 1789 idcirco
1013 1743 1069 1787 ut

77 1821 346 1867 aeternum
389 1812 587 1878 concipi
630 1811 822 1878 nequit:
856 1818 908 1861 et
934 1810 1067 1878 quod

77 1889 231 1941 finem
253 1886 488 1946 habebit,
514 1900 613 1938 non
644 1899 846 1950 semper
873 1884 990 1943 erit,
1010 1899 1070 1935 ac

77 1962 289 2031 proinde
310 1960 681 2027 sempiternum
702 1958 799 2009 dici
831 1973 929 2007 non
968 1963 1072 2025 pot-

79 2043 176 2088 est.
221 2035 360 2087 Haec
399 2041 572 2086 tamen
596 2048 695 2084 non
719 2029 980 2084 sufficiunt
1008 2030 1068 2081 ad

79 2110 438 2162 aeternitatem
478 2106 570 2158 Dei
615 2113 754 2158 recte
783 2105 1072 2172 concipien-

81 2183 200 2235 dam
225 2224 238 2244 ,
268 2182 357 2235 sed
397 2180 615 2232 ulterius
652 2178 1026 2246 procedendum
1057 2218 1068 2238 ,

45 2264 131 2309 ··et
163 2258 319 2308 etiam
345 2255 509 2308 omnis
535 2256 765 2306 successio
794 2252 1017 2321 temporis
1044 2268 1072 2303 a

81 2330 188 2383 Deo
228 2327 538 2382 removenda
560 2334 657 2389 est,
701 2343 764 2379 ne
803 2327 907 2378 Ens
929 2326 1074 2377 abso-

83 2404 249 2456 lutum
271 2418 387 2455 cum
430 2402 634 2453 entibus
660 2400 1074 2467 contingentibus

85 2478 302 2546 turpiter
365 2475 729 2528 confundatur.
797 2473 1076 2526 Creaturae

85 2552 242 2613 enim,
282 2565 501 2619 quarum
553 2548 824 2600 existentia
866 2550 916 2599 in
958 2563 1077 2598 con-

92 2626 232 2678 tinuo
271 2625 381 2695 fieri
431 2624 696 2684 consistit,
727 2638 785 2674 eo
813 2622 922 2690 ipso
950 2627 1077 2672 tem-

89 2699 196 2768 pori
255 2699 518 2750 subiectae
581 2703 722 2768 sunt3
792 2702 843 2747 et
909 2696 1076 2761 ipsum

88 2780 290 2840 tempus
318 2787 419 2823 non
453 2777 531 2822 est
558 2771 651 2821 nisi
705 2770 961 2821 successio
1000 2783 1078 2819 rc-

38 2895 47 2905 ,
90 2862 202 2898 rum
244 2843 680 2913 contingentium,
731 2859 861 2910 quae
913 2842 1082 2895 oriun-

57 3502 65 3516 ι
146 3487 176 3529 (1

92 2927 193 2980 tur,
219 2918 550 2977 evolvuntur,
577 2923 846 2968 mutantur
871 2922 921 2967 et
942 2923 1079 2967 tran-

90 2999 260 3045 seunt.
303 2991 398 3055 Qui
438 2991 575 3042 entia
597 2989 945 3055 contingentia
968 3004 1080 3056 pro-

92 3066 259 3126 duxit,
317 3065 472 3116 etiam
512 3070 691 3116 auctor
745 3063 991 3130 temporis
1028 3077 1080 3113 e-

92 3141 255 3199 xistit,
281 3139 362 3190 cui
392 3138 602 3206 proinde
641 3136 852 3189 subesse
883 3135 1074 3203 nequit.

93 3213 313 3282 Quiquid
358 3227 480 3280 ergo
529 3211 780 3263 rationem
839 3209 1083 3277 temporis

93 3285 267 3350 habet,
310 3302 340 3339 a
379 3291 631 3354 conceptu
670 3283 783 3347 Dei,
826 3284 912 3352 qui
932 3299 1083 3336 omne

220 3489 262 3523 In
283 3488 372 3530 Reg.
397 3488 478 3524 fuse
493 3488 623 3530 explic.
647 3496 686 3531 q.
710 3486 766 3523 30.
824 3531 832 3539 ,

143 3531 181 3578 (2
220 3533 311 3575 (ἰεῦ,
335 3531 391 3576 17,
415 3533 449 3569 1.
474 3533 526 3572 ct.
551 3533 639 3568 Tob.
666 3532 701 3576 4,
725 3532 747 3568 6
785 3531 896 3569 Mich.
921 3530 954 3574 6,
977 3530 1012 3565 8.

44 3604 63 3632 ὲ

48 3637 72 3646 -ι

48 3653 62 3671 '⁸'

22 3743 28 3746 Δ
41 3699 99 3860 ἔ,

26 3795 38 3805 ⁵
95 3799 101 3806 ⁴.

23 3813 37 3831 Q
90 3811 101 3828 ἰ

23 3835 42 3860 i·
85 3844 110 3860 ⁴.-

1121 494 1261 549 sunt‚
1292 487 1381 540 sed
1410 488 1519 540 sola
1548 490 1837 557 praesentia
1878 491 1971 558 ipsi
2022 493 2111 545 ad—

1121 562 1389 614 scribenda
1428 568 1524 623 est,
1567 577 1700 630 quae
1726 569 1899 616 autem
1941 567 2115 617 nonin

1125 634 1332 688 volubili
1361 641 1642 697 momento,
1674 636 1826 704 quale
1855 636 2004 689 nobis
2031 639 2117 691 ob-

1124 710 1292 769 venit,
1323 708 1412 760 sed
1448 709 1500 761 in
1533 715 1670 762 statu
1726 704 2119 764 immutabili'et

1126 788 1460 848 permanente
1518 783 1774 835 consistit.
1840 783 2120 837 AEternitas

1125 855 1298 908 divina
1338 862 1417 907 est
1443 855 1617 924 itaque
1678 855 1777 927 (ad
1805 857 1966 910 instar
2004 858 2119 910 reli-

1124 944 1342 997 quorum
1400 930 1764 981 attributorum
1805 930 2120 1002 divinorum)

1126 1003 1234 1069 ipsa
1274 1004 1498 1055 essentia
1551 1003 1663 1064 Dei,
1708 1004 1874 1063 initio,
1929 1003 2034 1056 fine
2073 1011 2120 1057 et

1127 1076 1264 1128 omni
1304 1077 1630 1128 successione
1658 1078 1902 1145 temporis
1940 1093 2120 1130 carens

1126 1166 1239 1210 seu,
1272 1156 1329 1201 ut
1369 1150 1441 1201 ait
1486 1149 1689 1202 Boetius
1730 1149 1828 1221 (lt),
1864 1170 1889 1198 «
1933 1157 2011 1203 est
2046 1152 2121 1204 in·

1130 1222 1467 1275 terminabilis
1518 1224 1658 1275 vitae
1706 1231 1813 1276 tota
1853 1224 2025 1286 simul,
2070 1232 2121 1277 et

1131 1298 1353 1364 perfecta
1381 1299 1654 1364 possessio,
1690 1316 1716 1346 »
1742 1297 1882 1350 Deus
1896 1312 2016 1364 ergo
2044 1298 2122 1350 vi-

1130 1372 1202 1422 vit
1230 1372 1279 1422 in
1322 1378 1567 1438 perpetuo
1610 1386 1768 1432 nunc,
1811 1378 1863 1423 et
1900 1371 1994 1439 ipsi
2041 1371 2122 1424 ni-

1132 1444 1198 1495 hil
1226 1446 1578 1512 praeteritum,
1607 1444 1732 1496 nihil
1761 1445 1991 1497 futurum
2019 1452 2116 1506 est,

1129 1518 1219 1569 sed
1247 1519 1417 1570 omnia
1457 1519 1743 1585 praesentia
1785 1524 1925 1570 sunt.
1983 1518 2121 1571 Diffi-

1131 1592 1227 1644 cile
1284 1592 1490 1660 quidem
1532 1592 1811 1644 essentiam
1850 1598 1902 1643 et
1961 1593 2120 1644 vitam

1131 1665 1358 1717 divinam
1398 1672 1547 1717 extra
1574 1681 1723 1717 omne
1763 1672 1963 1733 tempus
2003 1680 2121 1717 con-

1131 1739 1367 1806 cipimuS,
1393 1739 1512 1807 quia
1540 1740 1728 1806 ipsinos
1749 1739 1964 1806 tempori
2003 1738 2122 1791 sub-

1132 1813 1246 1864 iecti
1288 1828 1486 1873 sumuS,
1528 1813 1827 1863 universum
1870 1811 2120 1863 mundum

1132 1886 1181 1936 in
1226 1892 1455 1952 tempore
1496 1885 1634 1936 volvi
1673 1885 1930 1945 videmuS,
1966 1891 2018 1936 et
2056 1885 2120 1936 si·
2187 1894 2193 1906 ·’

1134 1959 1450 2012 multaneam
1489 1958 1632 2009 illam
1659 1958 2040 2028 aeternitatem,
2069 1958 2119 2009 in

1133 2049 1233 2100 qua
1274 2032 1417 2085 nulla
1456 2032 1710 2084 successio
1739 2031 1909 2084 locum
1947 2030 2119 2094 habet,

1137 2114 1310 2174 utpote
1338 2106 1570 2156 divinum
1615 2105 1940 2166 attributum,
1984 2120 2122 2156 com-

1138 2180 1455 2247 prehendere
1499 2195 1596 2231 non
1649 2178 1903 2230 valemus:
1947 2177 2122 2230 simili-

1139 2254 1311 2306 tudine
1355 2260 1523 2305 tamcn
1566 2252 1736 2320 aliquo
1778 2252 1925 2303 modo
1952 2252 2123 2320 captui

1138 2333 1308 2380 nostro
1348 2327 1679 2394 attemperari
1722 2331 1906 2393 potest,
1950 2326 1990 2376 si
2038 2341 2124 2391 po·

1136 2407 1288 2452 natur
1351 2400 1577 2452 circulus
1634 2399 1780 2451 cuius
1838 2397 2123 2465 peripheria

1138 2476 1273 2526 circa
1337 2481 1572 2526 centrum
1641 2471 1885 2532 volvitur,
1954 2472 2124 2522 omnia

1141 2548 1454 2616 peripheriae
1473 2553 1659 2615 puncta
1688 2560 1889 2612 semper
1902 2559 2064 2612 aeque
2095 2559 2125 2595 a

1139 2628 1315 2673 centro
1356 2621 1568 2680 distant,
1594 2625 1674 2671 ast
1701 2625 1849 2670 ext-ra
1889 2622 2125 2669 centrum

1140 2695 1475 2750 existentibus
1518 2708 1678 2744 unum
1729 2697 1977 2759 punctum
2018 2705 2128 2757 pro-

1140 2770 1335 2821 ximum
1376 2768 1491 2828 fuit,
1522 2767 1741 2819 alterum
1780 2771 1877 2825 est,
1918 2764 2129 2817 tertium

1142 2844 1258 2906 erit-3
1313 2843 1382 2894 ita
1432 2856 1615 2908 nempe
1680 2839 1884 2891 entibus
1933 2837 2130 2891 contin-

1141 2917 1380 2984 gentibus
1462 2931 1545 2967 res
1607 2912 1931 2972 succedunt,
1999 2925 2131 2979 quae

1142 3005 1319 3042 omnes
1357 2988 1475 3041 Enti
1507 2987 1740 3040 absoluto
1785 3000 1949 3053 aeque
1990 2999 2131 3052 prae-

1142 3071 1314 3116 sentes
1340 3069 1479 3114 sunt.
1512 3088 1582 3099 ——
1612 3058 1775 3112 Deum
1800 3065 1975 3111 autem
2007 3072 2130 3110 vere

1143 3144 1411 3189 aeternum
1467 3149 1578 3187 esse
1611 3174 1623 3195 ,
1683 3133 1860 3193 initio,
1930 3131 2034 3183 fine
2082 3135 2134 3182 et

1144 3211 1468 3262 successione
1520 3208 1764 3276 temporis
1828 3210 2128 3266 carentem,

1146 3285 1409 3353 probatur:

1209 3483 1243 3528 3)
1269 3485 1327 3519 Ps.
1359 3483 1415 3525 22,
1442 3482 1476 3517 4.
1500 3482 1552 3518 Cf.
1578 3482 1634 3516 ps,
1660 3481 1714 3521 28.
1741 3481 1758 3516 1
1783 3485 1853 3514 etc.

1207 3529 1243 3573 4)
1270 3528 1345 3563 Lib.
1372 3528 1408 3582 5.
1429 3528 1474 3563 ‹le
1496 3527 1633 3562 consol.
1658 3525 1747 3570 phil.
1773 3534 1829 3568 pr.
1854 3523 1887 3558 6.
