2332 3860
307 164 414 218 506

644 183 707 220 nr:
743 184 837 222 ono
873 183 1010 223 ntem
1046 187 1233 221 numm
1269 183 1472 225 camenis
1505 181 1840 245 fluctuarem!-
1880 205 1886 211 «
1953 156 1955 161 ’

2279 115 2332 158 ‘⁴34

2291 172 2305 193 ι,
2325 180 2332 185 .

231 267 387 328 ptura
421 267 475 317 et
510 277 575 316 ex
618 262 896 318 Traditione
945 265 1227 319 certissime
1289 263 1508 318 hominis
1538 265 1632 319 fuit
1670 279 1846 328 causa,
1875 262 2070 317 scilicet
2105 262 2168 317 ad
2199 267 2281 329 r'Q»
2325 282 2332 286 ·

231 341 452 393 constat.

307 410 359 465 Ι.
402 409 510 463 lam
548 411 602 463 in
654 410 707 465 S.
755 410 1009 481 Scriptura
1061 412 1117 467 V.
1165 412 1220 465 Τ.

229 484 489 552 praefatus
527 483 899 539 Incarnationis
924 486 1039 538 finis
1091 487 1222 539 indi

227 559 441 624 gitatur.
491 557 621 612 Nam
661 561 1106 629 protoparentibus
1146 558 1221 631 (l)

226 631 470 694 MessiaS,
513 649 606 686 seu
644 634 803 688 Filius
855 634 944 687 Dei
987 635 1223 686 incarna-

226 713 310 759 tus
366 708 644 776 promissus
697 709 827 770 fuit,
879 709 963 777 qui
1017 717 1221 761 conteret

224 789 371 850 caput
409 783 693 850 serpentiS‚
737 784 898 844 idest,
942 783 1128 835 fastum
1169 791 1220 836 et

226 857 506 922 potentiam
548 856 811 908 daemonis
861 857 1214 919 conculcabit,

224 927 411 981 damna
450 930 514 983 ab
569 931 676 998 ipso
730 931 1019 984 hominibus
1078 931 1216 984 illata

223 1004 502 1071 reparabit,
539 1019 726 1073 eosque
767 1005 817 1056 in
861 1006 996 1056 viam
1036 1006 1217 1058 salutis

222 1079 500 1131 revocabit.
546 1077 739 1131 Idcirco
769 1079 1075 1131 patriarchis
1105 1096 1218 1147 pro-

222 1153 436 1205 missum
474 1152 570 1204 fuit
595 1194 608 1214 ,
657 1154 708 1204 in
749 1154 972 1220 ipsorum
1013 1155 1213 1215 semine,

221 1226 255 1277 i.
298 1241 346 1278 e.
391 1227 442 1278 in
483 1226 666 1279 Messia
707 1242 884 1279 omnes
922 1234 1101 1294 gentes
1130 1229 1214 1281 be-

152 1325 170 1352 a
218 1299 526 1352 nedicendas
554 1316 684 1353 esse.
702 1301 1070 1369 —Prophetae
1091 1319 1212 1371 quo-

219 1389 316 1441 que
356 1373 615 1427 Christum
655 1382 713 1428 ut
752 1374 963 1427 humani
1010 1380 1212 1443 generis

217 1446 612 1517 Redemptorem
655 1451 1111 1518 praenunciarunt.
1168 1451 1211 1503 l-

217 1523 350 1574 saias
377 1523 654 1576 exclamat:
679 1522 1038 1592 Consorta-mini
1058 1533 1101 1577 et
1127 1542 1211 1577 no-

218 1597 299 1648 lite
320 1597 557 1651 timere...
582 1598 712 1650 Deus
742 1600 840 1667 ipse
869 1600 1037 1658 veniet,
1057 1607 1099 1651 et
1119 1601 1211 1651 sal-

216 1671 344 1723 vabit
373 1688 449 1724 vos
479 1670 575 1743 (⁶2).
606 1703 670 1710 —
693 1672 745 1725 S.
771 1672 1028 1741 Scriptura
1050 1673 1119 1725 N.
1150 1674 1203 1726 T.

216 1744 409 1830 docet²
472 1747 536 1798 ad
589 1746 821 1800 homines
886 1748 1208 1801 redimendos

217 1817 445 1872 Verbum
474 1820 796 1873 incarnatum
819 1838 949 1874 esse.
976 1822 1208 1875 Christus

212 1893 320 1960 ipse
361 1894 410 1945 id
451 1903 731 1947 asseverat:
775 1895 854 1948 Sic
883 1896 1012 1948 Deus
1038 1896 1207 1949 dileoeit

213 1968 470 2029 mundum,
514 1977 567 2021 ut
593 1969 780 2021 Filium
803 1986 947 2022 suum
980 1969 1207 2035 Uniqeni-

213 2050 317 2094 tum
356 2042 491 2094 daret
531 2050 630 2096 etc.
677 2043 774 2114 (5);
818 2051 889 2096 et:
932 2044 1205 2112 Noneyent

211 2116 299 2183 qui
327 2118 439 2169 sani
475 2125 588 2169 sunt
619 2119 819 2179 medica,
850 2119 930 2170 sed
968 2120 1052 2187 qui
1079 2122 1205 2172 male

212 2189 399 2243 habent.
440 2191 557 2244 Non
580 2194 685 2246 veni
724 2208 887 2245 vocare
926 2194 1095 2254 iustos,
1124 2195 1204 2246 sed

206 2272 473 2333 peccatores
511 2266 573 2318 ad
594 2267 936 2334 poenitentiam
977 2265 1073 2337 (lt).
1121 2268 1202 2320 Ve-

208 2339 283 2390 nit
320 2338 484 2391 Filius
523 2340 732 2392 hominis
757 2357 989 2409 quaerere
1028 2350 1071 2392 et
1108 2342 1202 2394 sal-

210 2429 326 2464 vum
364 2414 541 2481 facere,
572 2415 699 2482 quod
730 2415 946 2483 perierat
987 2414 1083 2486 (5);
1127 2424 1196 2468 et:

212 2484 439 2540 Christus
471 2487 605 2541 Iesus
643 2491 773 2541 venit
816 2490 868 2541 in
909 2489 1035 2542 hunc
1060 2506 1201 2542 mun-

208 2561 326 2614 dum
339 2570 610 2631 peccatores
647 2563 803 2615 salvos
829 2565 984 2631 facere
1025 2562 1122 2636 (6).

282 2636 335 2687 9.
380 2635 461 2689 Ss.
497 2636 663 2690 Patres
692 2638 921 2689 unanimi
950 2654 1199 2690 consensu

210 2707 413 2770 docent,
446 2710 815 2764 incarnationis
843 2714 1087 2764 motivum
1111 2729 1199 2764 seu

210 2782 363 2836 finem
404 2784 559 2837 fuisse
601 2785 1002 2853 redemptionem
1047 2802 1201 2853 gene-

211 2856 279 2908 ris
320 2858 549 2913 humani.
594 2860 650 2913 S.
678 2860 913 2912 Irenaeas
953 2860 1029 2930 (7)
1057 2860 1198 2911 dicit.

215 2949 242 2977 «
285 2929 336 2984 Si
381 2949 478 2984 non
528 2934 740 2986 liaberet
796 2950 914 2986 caro
970 2934 1198 2995 salvari,

211 3019 536 3075 nequaquam
581 3007 803 3062 Verbum
846 3008 934 3060 Dei
974 3023 1093 3060 caro
1133 3009 1203 3059 fa-

212 3084 351 3130 ctum
392 3088 545 3134 esset.
575 3101 601 3132 »
648 3081 973 3134 Tertullianus
1004 3081 1079 3152 (8)
1109 3082 1200 3133 ait:

215 3152 474 3210 «Eadem
514 3163 590 3208 est
629 3171 750 3224 ergo
789 3172 942 3208 causa
970 3197 982 3218 ‚
1027 3163 1082 3208 ut
1121 3155 1206 3207 ho-

214 3226 404 3279 minem
460 3236 685 3296 gestaret
739 3229 1011 3283 Christus:
1064 3230 1205 3282 salus

258 3370 310 3416 (1)
333 3370 467 3412 Gema,
491 3372 543 3407 15.
811 3375 859 3418 (2)
886 3377 941 3409 15³
981 3375 1036 3415 35
1060 3374 1093 3409 4.

260 3415 305 3458 (3,
337 3417 434 3450 loun.
460 3415 492 3455 3,
518 3416 572 3450 16.
819 3420 870 3461 (4)
898 3421 979 3454 Luc.
1009 3419 1042 3459 5,
1066 3417 1105 3453 31
1126 3422 1193 3452 etc.

275 3459 296 3494 5
341 3454 424 3494 luc.
450 3459 505 3500 19,
529 3459 583 3494 10.
817 3462 866 3504 (6)
892 3465 919 3505 1,
943 3463 1091 3507 'tim.1,
1111 3462 1165 3497 15.

275 3459 314 3547 ⁷3
336 3503 411 3538 nib.
423 3502 457 3544 5,
482 3504 560 3537 adv.
573 3505 671 3538 haer.
695 3511 774 3547 cap.
799 3504 856 3540 14.

259 3546 312 3592 (8)
335 3548 414 3584 tib.
437 3527 485 3582 de
506 3549 622 3584 Came
643 3549 725 3584 Gur
750 3556 827 3591 cap
841 3548 895 3584 14

1287 339 1603 392 stituendum
1646 339 1790 408 quod
1850 339 2167 406 perierat.»
2215 325 2271 393 8
2292 349 2303 399 j

1286 412 1586 466 Athanasius
1624 410 1700 484 (9)
1741 412 1958 466 eandem
2003 412 2272 466 veritatem
2326 416 2332 462 ξ

1289 487 1458 539 tradit:
1506 505 1533 535 «
1561 486 1808 540 Dominus
1830 502 1927 539 non
1948 484 2128 539 habuit
2151 498 2289 538 cau-⁴

1284 576 1394 612 sam
1435 567 1490 613 ut
1528 567 1664 614 esset
1702 560 1949 621 Verbum,
1999 560 2094 613 nisi
2136 559 2269 629 quod

1284 633 1445 686 Patris
1486 641 1620 687 esset
1669 650 1879 702 germen
1933 641 1984 686 et
2021 632 2332 702 sapientia

1285 709 1566 776 unigenita;
1609 724 1728 760 cum
1771 716 1939 761 tamen
1980 708 2129 760 homo
2168 705 2269 759 effi-

1282 783 1433 844 citur,
1480 790 1588 835 tum
1628 797 1781 836 causa
1808 782 2151 846 substituitur,
2177 793 2305 833 cur-

1281 871 1398 908 eum
1437 863 1668 925 oporteat
1693 873 1901 909 carnem
1928 862 2149 922 gestare:
2182 871 2269 907 ne-

1280 932 1489 983 cessitas
1541 931 1726 999 quippe
1777 937 1828 983 et
1866 930 2143 997 indigentia
2184 930 2268 982 ho·
2328 950 2332 951 ff

1281 1005 1474 1056 minum
1514 1007 1737 1057 anterior
1775 1012 1889 1066 est,
1939 1010 2092 1072 quain
2130 1003 2277 1069 illius¹

1281 1080 1535 1146 nativitaS‚
1564 1095 1663 1148 qua
1692 1076 2036 1149 (necessitate)
2064 1077 2264 1130 sublata
2300 1069 2326 1126 ’-

1277 1168 1484 1205 carnem
1526 1170 1623 1205 non
1685 1153 1932 1204 induisset
1989 1159 2091 1203 etc.
2140 1169 2163 1200 υ
2203 1149 2257 1204 8.

1277 1225 1540 1295 Gregorius
1563 1228 1694 1279 Naz.
1730 1226 1900 1296 (10):«
1925 1225 2063 1288 Quae
2086 1225 2263 1277 huma·

1278 1303 1449 1353 nitatis
1488 1318 1517 1353 a
1557 1302 1661 1354 Deo
1701 1307 1905 1368 propter
1957 1315 2045 1351 nos
2094 1314 2263 1352 susce*

1277 1382 1389 1442 ptae
1429 1392 1584 1427 causa
1640 1374 1854 1427 extitit?
1894 1373 2120 1425 Profecto
2146 1414 2158 1434 ‚
2206 1380 2265 1426 ut.
2306 1443 2309 1446 Ι

1273 1449 1411 1501 salus
1453 1451 1594 1502 nobis
1634 1456 1918 1517 pareretur.
1961 1446 2089 1510 Quid
2123 1448 2261 1500 enim
2319 1471 2323 1518 '3

1272 1523 1409 1574 aliud
1450 1539 1635 1575 causae
1686 1523 1826 1575 afferi
1887 1520 2086 1588 possit?
2128 1541 2151 1570 »
2195 1521 2255 1575 S.

1272 1597 1552 1650 Ambrosias
1575 1594 1707 1667 (tl):
1737 1616 1763 1645 «
1794 1596 2048 1648 Didicistis
2087 1596 2256 1664 igitur,
2300 1591 2332 1667 ²³1,-

1271 1674 1388 1739 quia
1426 1673 1730 1724 sacrificium
1766 1670 1827 1722 de
1867 1677 2037 1722 nostro
2075 1670 2259 1722 obtulit
2307 1675 2332 1715 a

1271 1745 1567 1816 (Christus)
1622 1745 1749 1798 Nam
1788 1760 1917 1813 quae
1955 1750 2065 1796 erat
2101 1759 2257 1796 causa

1271 1821 1664 1882 incai·nationiS‚
1709 1819 1805 1872 nisi
1845 1825 1903 1870 ut
1939 1833 2084 1879 caro,
2126 1833 2271 1892 quae¹
2328 1838 2332 1842 ·

1271 1902 1591 1961 peccaverat,
1637 1910 1725 1962 per
1764 1909 1818 1946 se
1858 1887 2254 1950 redimeretur?‚»

1267 1968 1324 2022 S.
1341 1967 1706 2039 Auyastinusfl
1717 1967 1794 2037 8.).
1811 1966 1957 2020 Nulla
1980 1982 2135 2018 causa
2162 1968 2261 2020 fuit
2300 1976 2312 2030 .J

1268 2045 1503 2096 veniendi
1532 2042 1730 2095 Christo
1753 2042 1985 2100 Domino,
2017 2041 2111 2093 nisi
2141 2055 2255 2108 pec-
2292 2044 2303 2050 ”

1266 2126 1464 2171 catores
1503 2117 1674 2170 salvos
1714 2117 1899 2168 facere.
1942 2114 2082 2167 Tolle
2120 2129 2255 2167 mor·
2296 2155 2303 2163 ,

1266 2192 1371 2258 bos,
1411 2199 1462 2244 et
1501 2191 1642 2244 nulla
1670 2198 1747 2243 est
1773 2205 1926 2242 causa
1955 2189 2251 2242 medicinae.
2298 2187 2304 2206 ⁶

1263 2265 1313 2317 Si
1356 2267 1496 2318 venit
1552 2265 1614 2318 de
1663 2265 1804 2317 coelo
1845 2279 2062 2331 magnus
2102 2262 2257 2315 medi·
2296 2325 2298 2331 Α

1263 2357 1374 2400 ου5,
1412 2355 1629 2407 magnus
1669 2355 1759 2408 per
1785 2344 1947 2390 totum
1981 2338 2155 2390 orbem
2182 2337 2253 2388 ia-

1263 2415 1410 2468 cebat
1436 2421 1692 2480 aegrotus,
1714 2432 1741 2462 »
1770 2411 1822 2465 S.
1847 2412 1939 2464 Leo
1971 2409 2105 2480 (15):
2139 2430 2163 2460 α
2198 2409 2252 2462 Si
2289 2435 2294 2439 ,

1265 2489 1413 2541 bomo
1451 2488 1514 2540 ad
1557 2488 1831 2555 imaginem
1871 2497 1923 2538 et
1966 2483 2253 2537 similitudi·
2289 2524 2296 2550 3

1265 2579 1380 2615 nem
1426 2562 1517 2614 Dei
1556 2562 1720 2614 factus
1758 2562 1807 2612 in
1861 2575 1985 2612 suae
2037 2565 2292 2624 naturae.

1264 2637 1455 2688 honore
1494 2637 1794 2695 mansisset,
1857 2649 1951 2685 nec
2000 2632 2252 2685 diabolica
2279 2700 2284 2707 .

1264 2711 1439 2762 fraude
1457 2710 1699 2776 deceptus
1713 2725 1740 2760 a
1758 2708 1868 2775 lege
1884 2706 1975 2759 sibi
1994 2708 2151 2774 posita
2164 2720 2252 2774 per
2287 2756 2291 2762 ,

1263 2784 1728 2852 concupiscentiam
1745 2782 2018 2843 deviasset,
2043 2779 2263 2848 Creator-2
2286 2778 2294 2793 ³

1264 2859 1440 2910 mundi
1462 2864 1697 2909 creatura
1738 2872 1835 2909 non
1878 2855 2043 2922 fieret,
2086 2867 2284 2923 neque

1263 2940 1352 2984 aut
1415 2932 1755 3000 sempiternus
1823 2895 2285 2997 temporalitatem*

1264 3008 1490 3065 subir,et
1551 3011 1642 3057 aut
1693 3003 1919 3072 aequalis
1971 3002 2076 3054 Deo
2116 2999 2283 3062 Patrifj.

1266 3080 1422 3136 Filius
1443 3047 1532 3131 D’ei
1555 3079 1766 3131 formam
1787 3077 1922 3130 servi
1949 3084 2000 3128 et
2019 3073 2261 3128 similitu·

1266 3155 1435 3205 dinem
1449 3154 1616 3204 carnis
1632 3154 1822 3220 peccati
1837 3154 2174 3203 assumeret.»
2190 3174 2278 3210 --ν

1268 3228 1397 3280 Eccl
1383 3228 1475 3279 osia
1498 3228 1546 3278 in
1563 3226 1805 3295 Symbola
1829 3223 2044 3277 Nicaeno
2062 3219 2273 3287 sztmd

1309 3371 1361 3414 (9)
1385 3373 1484 3406 Orat.
1511 3372 1533 3406 2
1554 3376 1641 3406 cont
1680 3371 1830 3407 Arianos
1848 3362 1959 3405 11.ss'2-

1309 3415 1368 3459 (10
1409 3417 1506 3450 Orat.
1534 3414 1590 3455 30,
1617 3425 1654 3449 n.
1679 3413 1712 3449 2.
1774 3410 1787 3431 ⁶

1326 3459 1363 3495 11
1409 3460 1482 3494 Lib.
1494 3461 1539 3495 de
1562 3461 1703 3493 incarn.
1715 3467 1794 3502 cap.
1819 3457 1854 3499 6,
1877 3465 1914 3491 n.
1939 3455 1996 3491 5⁶·

1325 3503 1368 3538 12
1406 3504 1520 3538 serm.
1545 3502 1621 3538 175.

1325 3547 1381 3590 13>
1404 3546 1524 3582 serm.
1548 3545 1569 3582 :t
1588 3546 1636 3582 de
1655 3545 1800 3581 Pentec.
