2332 3860
0 306 292 394 sven-epe

693 150 812 189 PARS
846 150 903 191 u.
942 149 1108 190 SEC'I'IO
1145 153 1182 192 t.
1225 151 1378 191 mem·
1415 150 1484 192 lv,

67 207 390 326 ‘limoterrae
405 230 503 306 (l),
534 232 793 318 inspiravit
818 234 871 285 in
897 233 1070 302 faciem

293 307 538 362 iraculum
593 307 745 369 vitae,
796 308 1070 360 ostendens

92 384 289 446 nonnisi
329 398 419 451 per
456 379 671 433 halitum
700 381 950 443 divinum,
978 397 1067 434 seu

89 474 183 530 per
219 457 617 539 omnipotentem
657 456 863 524 spiritus
913 456 1069 507 divini

93 532 435 603 operationem
475 529 698 582 animam
756 530 1071 597 spiritualem

93 605 298 688 produci
324 619 488 672 posse
518 602 691 672 Neque
719 603 937 657 dubitari
968 610 1071 670 pot-

91 687 189 746 est,
212 679 383 731 etiam
411 678 635 730 animam
658 677 796 729 Evae
822 693 887 728 ex
914 676 1070 728 nihilo

83 760 317 807 ,ενεειῑιιῃ
373 753 547 812 fuisse,
589 751 720 820 quod
762 752 868 819 ipse
907 750 1069 803 Adam

79 829 389 895 :cognovisse
431 826 742 894 perhibetur,
767 825 889 876 dum
916 824 1072 876 solius

82 902 314 970 ¹corporis
354 901 706 952 formationem
728 915 793 951 ex
819 906 953 951 costa
979 915 1069 950 sua

77 975 312 1043 repetiit,
356 975 564 1026 dicens:
606 973 707 1025 Hoc
745 989 872 1025 ’tunc
911 989 964 1024 os
1012 989 1072 1024 ex

67 1049 285 1110 mosibus
322 1049 460 1110 mete,
503 1056 545 1099 et
573 1063 690 1100 coro
717 1048 771 1099 de
799 1063 948 1099 carne
968 1063 1069 1101 mea

74 1121 188 1195 τᾶ).
219 1123 363 1186 Quod
403 1123 443 1174 si
484 1121 621 1174 Deus
661 1122 945 1190 primorum.
983 1121 1089 1172 hos

79 1198 286 1251 'minum
326 1212 535 1264 corpora
563 1199 628 1248 ex'
651 1197 862 1247 materia
884 1196 1069 1248 forma-

69 1273 186 1333 ‚vit,
206 1271 405 1324 animas
432 1286 554 1322 vero
581 1287 644 1322 ex
673 1270 832 1322 nihilo
852 1271 1065 1331 creavit,

70 1345 226 1399 :haud
253 1348 531 1414 incongrue
551 1345 787 1406 infertur,
813 1344 909 1396 hoo
936 1345 1068 1397 idem

87 1421 242 1473 etiam
288 1421 340 1473 in
400 1419 679 1472 eorundem
736 1420 948 1487 posteris
1001 1420 1069 1469 ita

89 1496 407 1562 contingere,
431 1501 488 1546 ut
509 1493 688 1545 horum
709 1509 919 1561 corpora
934 1493 1070 1545 Deus

86 1569 307 1622 mediate
348 1584 437 1637 per
463 1583 638 1622 semen
665 1568 929 1619 materiale
957 1583 1069 1636 pro-

86 1642 259 1705 ducat,
300 1644 499 1695 animas
537 1658 660 1694 vero
685 1641 977 1694 immediate
1005 1657 1068 1693 ex

83 1717 243 1769 nihilo
269 1723 440 1769 creet.
474 1743 540 1755 —-
569 1716 725 1768 Hebr.
755 1715 869 1776 XII,
903 1716 954 1776 9,
987 1732 1070 1783 pa-

83 1798 254 1844 rentes
269 1790 510 1843 dicuntur
529 1798 694 1859 patres
715 1792 877 1842 cornis
888 1808 910 1850 ;
931 1790 1068 1842 Deus

83 1872 255 1918 autem
320 1866 505 1918 dicitur
554 1863 710 1917 Pater
773 1864 1065 1933 spirituum.-

87 1955 259 1992 verum
300 1941 342 1992 si
368 1941 569 1993 animae
596 1955 625 1991 a
653 1939 1065 2007 parentibustra-

82 2013 432 2073 ducerentur,
487 2019 728 2082 parentes
763 2020 934 2065 essent
979 2029 1065 2081 pa-

83 2089 209 2142 riter
246 2095 418 2157 patres
455 2089 726 2157 spirituum
752 2128 764 2149 ‚
827 2093 878 2140 et
927 2086 1065 2139 Deus

85 2177 186 2215 non
229 2169 363 2216 esset
403 2164 564 2230 magis
603 2161 755 2214 Pater
793 2162 1063 2230 spirituum

78 2251 233 2305 quam
273 2238 459 2293 carnis,
505 2267 575 2275 -
615 2235 701 2289 Iob
743 2234 818 2306 (5)
857 2236 1059 2304 inquit:

76 2309 292 2380 Spiritus
322 2311 411 2363 Dei
437 2312 545 2369 fecit
564 2326 661 2372 me,
689 2310 734 2362 'dt
760 2310 1064 2379 spiraculum

78 2383 424 2454 omnipotentis
440 2384 684 2454 vivificavit
708 2400 799 2436 me.
825 2384 964 2436 Eccl.
986 2382 1060 2455 ([ι)

59 2457 265 2528 iegitur
288 2476 321 2511 :-
345 2459 632 2513 Revertatur
662 2458 826 2526 pulvis
877 2459 931 2510 in
971 2465 1061 2509 ter-

74 2548 188 2587 ram
226 2549 374 2587 suam
423 2533 548 2586 unde
585 2539 710 2594 erat,
752 2539 794 2583 et
856 2531 1062 2601 spiritus

73 2609 239 2662 redeat
263 2609 330 2661 od
372 2607 544 2670 Deum,
587 2606 676 2676 qui
714 2606 844 2659 dedit
882 2606 1054 2659 illum:

4 2731 5 2734 ,
73 2680 159 2735 hic
178 2683 340 2744 leone,
362 2681 582 2736 admisso
602 2681 1054 2750 generatianism0‚

73 2756 293 2824 intelligi
332 2771 434 2808 non
474 2761 674 2824 posset3
718 2771 838 2808 nam
877 2756 918 2808 si
958 2756 1059 2823 spi-

71 2830 202 2883 ritus
242 2836 379 2885 esset
417 2845 484 2882 ex
521 2830 737 2891 semine,
778 2828 917 2881 Deus
953 2845 1053 2882 nen

0 2941 14 2951 .-
70 2906 235 2973 magis
262 2903 486 2957 dedisset
509 2903 652 2955 illum
675 2912 829 2972 quam
850 2917 1064 2970 corpus,‚‚

70 2985 135 3032 et
149 2994 335 3048 corpus
355 2994 458 3031 non
484 2984 618 3030 esset
637 2977 801 3045 magis
828 2994 894 3030 ex
921 2984 1056 3030 terra

70 3063 230 3122 quam
256 3053 488 3122 spiritus:
507 3067 824 3119 sensusergo
842 3052 1054 3104 istorum

60 3128 349 3182 ⁴*verborum
388 3133 496 3182 est:
539 3123 678 3178 Deus
716 3126 847 3177 dedit
902 3126 936 3178 i.
1002 3141 1051 3179 e.

69 3201 358 3255 immediate
402 3217 469 3254 ex
507 3199 666 3252 nihilo
704 3200 901 3252 creavit
955 3200 1056 3268 spi-

1926 139 2035 195 299

1129 234 1293 296 ritur,'
1318 233 1611 288 immediate
1647 232 1782 288 redit
1818 235 1883 288 ad
1920 236 2103 294 Deum.

1131 307 1357 378 Denique
1380 306 1457 381 (ὅ)
1485 308 1647 380 Mater
1685 315 1883 377 septem
1908 310 2108 366 Macha-

1132 382 1370 435 baeorum
1410 383 1640 435 omnium
1678 382 1883 452 quidem
1940 400 2110 442 rerum

1134 455 1294 509 Deum
1333 463 1596 509 auctorem
1635 456 1914 525 praedicat,
1944 459 2110 513 sedin

1133 531 1300 598 specie
1340 530 1401 582 de
1440 531 1610 583 anima
1649 530 1714 583 ad
1743 531 2019 584 suos‘filios
2038 534 2110 586 di-

1133 605 1234 655 cit:
1277 602 1446 673 Neque
1481 604 1612 656 enim
1665 619 1751 671 eqo
1801 605 2030 673 spiritum
2067 615 2111 660 et

1131 679 1351 729 animam
1391 678 1564 730 donavi
1602 677 1745 739 vobis,
1788 686 1831 730 et
1870 681 2015 732 eitam
2071 689 2113 733 et

1131 751 1435 819 sinqulorum
1486 752 1701 804 membra
1756 768 1853 805 non
1890 769 1972 822 ⁰90
2010 754 2114 823 ipsa

1131 826 1339 894 compeqi
1363 867 1376 888 ,
1418 826 1500 878 sed
1538 828 1666 878 enim
1703 827 1876 879 mundi
1912 827 2115 880 Creator

1133 905 1257 959 etc.‚
1301 901 1484 968 quibus
1523 901 1694 953 verbis
1750 907 1916 954 mater
1974 909 2113 955 certe

1131 988 1229 1025 non
1275 981 1447 1041 negat,
1490 990 1546 1027 se
1585 988 1792 1029 carnem
1833 981 1884 1028 et
1909 978 2114 1044 sangui·

1115 1063 1249 1112 snem
1290 1048 1407 1099 filiis
1435 1048 1653 1110 dedisse,
1684 1049 1772 1101 sed
1806 1050 2038 1118 spiritum
2066 1058 2117 1104 et

1133 1124 1377 1183 animam,
1421 1138 1519 1191 qua
1572 1123 1799 1175 membra
1854 1125 2117 1181 vivifican-

1134 1204 1235 1257 tur,
1278 1197 1568 1249 immediate
1608 1197 1713 1251 Deo
1750 1197 1977 1252 Creatori
2034 1200 2118 1252 ad-

1132 1271 1325 1323 scribit.
1372 1270 1510 1323 Inter
1532 1271 1708 1323 Patres
1729 1272 1876 1327 multi
1905 1272 2112 1336 dantur,

1132 1345 1216 1413 qui
1255 1345 1670 1397 creatianismum
1708 1346 1845 1398 clare
1873 1347 2115 1414 profiten-

1132 1426 1246 1470 tur:
1290 1418 1508 1471 Clemens
1531 1418 1671 1472 Aleoe.
1702 1418 1777 1490 (6)
1811 1420 1914 1473 ait:
1944 1441 1970 1471 «
1995 1422 2117 1476 Ani-

1134 1509 1236 1555 ma,
1281 1509 1410 1562 quae
1449 1500 1526 1546 est
1566 1510 1682 1562 pars
1723 1495 1959 1563 hominiS,
2014 1513 2115 1550 non

1131 1574 1409 1636 generatur
1449 1580 1538 1636 per
1576 1568 1911 1623 deiectionem
1963 1572 2117 1624 semi-

1134 1643 1230 1702 nis,
1251 1642 1337 1693 sed
1355 1643 1731 1695 intromittitur.
1768 1662 1795 1692 »
1824 1644 2116 1698 Lactantius

1132 1715 1207 1786 (7)
1237 1716 1411 1769 scribit
1440 1734 1452 1768 :
1488 1736 1514 1765 «
1545 1716 1891 1770 Serendarum
1917 1720 2113 1772 anima-

1130 1805 1243 1842 rum
1283 1791 1411 1842 ratio
1449 1792 1538 1842 uni
1578 1807 1639 1843 ac
1670 1790 1764 1843 soli
1803 1788 1910 1844 Deo
1947 1794 2115 1847 subia-

1129 1870 1277 1916 cet...
1346 1863 1475 1919 Nam
1534 1864 1595 1916 de
1654 1865 1954 1919 mortalibus
2014 1883 2112 1921 non

1130 1944 1296 2006 potest
1334 1938 1610 2008 quidquam
1651 1939 1747 1991 nisi
1788 1941 2007 1994 mortale
2025 1957 2114 2010 ge·

1129 2013 1367 2065 nerari...
1412 2012 1490 2065 Ex
1529 2029 1627 2083 quo
1667 2021 1898 2082 apparet,
1943 2031 2043 2068 non
2085 2033 2115 2069 a

1130 2087 1424 2155 parentibus
1463 2087 1571 2139 dari
1611 2089 1836 2152 auimaS‚
1902 2090 1992 2142 sed
2048 2091 2112 2144 ab

1126 2177 1227 2214 uno
1244 2162 1526 2230 eodemque
1550 2163 1780 2214 omnium
1807 2162 1912 2215 Deo
1935 2163 2107 2227 Patre,

1125 2237 1207 2305 qui
1269 2236 1433 2303 legem
1474 2237 1826 2305 rationemque
1866 2240 2111 2291 nascendi

1125 2309 1262 2362 solus
1302 2317 1479 2370 tenet,
1534 2311 1787 2379 siquidem
1825 2311 1964 2364 solus
2004 2312 2111 2365 effi-

1125 2384 1211 2436 cit.
1244 2403 1266 2432 »
1291 2382 1341 2435 S.
1387 2383 1618 2436 Hilarius
1647 2383 1722 2455 (8)
1752 2385 1956 2453 inquit:
1993 2405 2019 2435 «
2051 2386 2111 2440 Ο-

1124 2458 1257 2510 mnis
1295 2458 1466 2510 anima
1506 2473 1632 2526 opus
1671 2458 1763 2513 Dei
1804 2466 1911 2522 est,
1942 2462 2111 2514 carnis

1123 2532 1387 2595 generatio
1426 2546 1629 2600 semper
1668 2548 1734 2585 ex
1772 2548 1928 2586 carne
1967 2534 2042 2587 fit.
2078 2555 2105 2585 η

1121 2603 1179 2659 S.
1223 2606 1560 2673 Hieronymus
1616 2607 1742 2660 satis
1797 2606 1938 2660 clare
1993 2623 2108 2663 sen—

1123 2681 1335 2734 tentiam
1375 2696 1520 2733 suam
1551 2681 1785 2749 proponit
1810 2679 1960 2750 Apol.
1991 2683 2109 2737 adv.

1121 2755 1241 2807 Ruf.
1277 2753 1354 2826 (9)
1383 2754 1584 2807 dicens:
1634 2774 1658 2804 «
1700 2754 1933 2818 Quotidie
1971 2755 2109 2810 Deus

1119 2836 1360 2898 operatur
1415 2829 1614 2881 animas
1635 2867 1652 2893 ,
1712 2835 1765 2881 et
1802 2830 1854 2881 in
1891 2845 2108 2900 corpora

1119 2904 1275 2956 mittit
1315 2904 1656 2957 nascentium.
1709 2922 1736 2952 ι)
1788 2902 1850 2957 S.
1903 2902 2108 2958 Ambro-

1118 2978 1222 3030 sius
1263 2976 1376 3049 (10)
1419 2978 1560 3030 dicit:
1591 2997 1613 3026 «
1647 2975 1726 3029 Ex
1763 2977 1907 3030 nullo
1946 2978 2108 3032 homi—

1119 3067 1185 3103 ne
1203 3057 1520 3119 generantur
1536 3051 1756 3104 animae.
1790 3070 1819 3101 ³>
1850 3052 1917 3106 S..
1933 3053 2107 3106 Petrus

1119 3123 1444 3194 Chrysaloyus
1479 3124 1593 3196 (Η)
1620 3126 1726 3178 ait:
1761 3144 1788 3179 α
1810 3125 1992 3180 ΔΙῐιειιιὶς)
2029 3134 2107 3180 est

1119 3200 1276 3267 patris
1317 3199 1597 3268 matrisque
1659 3198 1838 3263 labor,
1897 3201 1996 3253 nisi
2055 3202 2105 3253 in

69 3274 244 3338 ritum,
286 3276 371 3390 qui
409 3275 543 3338 ideo,
587 3274 710 3326 dum
747 3273 918 3327 homo¹
949 3289 1054 3331 mo·
1114 3273 1347 3342 germine
1386 3273 1588 3326 affuerit
1609 3284 1756 3343 opuS‚
1782 3281 1841 3327 et
1883 3275 2105 3327 auctori-

114 3433 147 3475 (1
187 3433 273 3468 Gen.
305 3434 343 3477 Ξ,
366 3435 399 3471 ’1.
580 3435 631 3480 (2)
656 3436 743 3471 Gen.
769 3435 802 3478 2,
828 3435 883 3470 23.

110 3433 256 3566 (ἔξω
184 3523 266 3566 Cap
233 3478 334 3567 pff}
353 3478 388 3560 ξ.
587 3522 640 3569 (5)
663 3524 697 3560 11
720 3523 836 3561 Mach.
860 3523 894 3568 7,
918 3522 961 3559 22
982 3528 1053 3560 etc.
1078 3478 1172 3556 Ι(

1610 3433 1662 3479 (7)
1685 3435 1734 3470 De
1756 3433 1878 3479 opific.
1899 3433 1979 3471 Del
2001 3440 2032 3466 c.
2046 3430 2098 3467 19.

1821 3478 1896 3566 (ffi)
1917 3475 2030 3556 gergi.
2064 3520 2099 3557 6.

1159 3432 1210 3521 (ἓ)
1236 3434 1273 3512 :22
1285 3433 1321 3513 62
1340 3433 1504 3514 {39:31³
1517 3485 1550 3512 c.
1568 3478 1625 3513 20.

1159 3521 1232 3566 (10)
1257 3523 1298 3562 t..
1320 3522 1366 3558 de
1387 3524 1480 3559 Arca
1501 3527 1536 3558 et
1561 3523 1645 3558 Noe.
