2332 3860
291 143 403 218 226

291 241 348 297 5.
368 240 643 327 Mgndum
685 260 786 303 non
811 261 923 298 esse
943 252 1219 311 aeternum

218 311 391 391 etiam
416 332 481 390 ex
525 317 722 382 ratione
763 320 966 390 probari
1027 325 1212 388 potest.

219 379 433 476 Certum
474 399 553 448 est
593 394 752 454 enim,
798 394 1050 446 mundum
1092 401 1220 463 tem-

217 467 331 534 pori
371 481 483 527 esse
526 467 838 527 subiectum.
882 468 1103 536 Tempus
1131 483 1219 520 au-

217 538 324 592 tem
364 542 601 612 consistit
628 544 677 594 in
709 544 954 595 continua
984 558 1216 595 momen-

215 620 391 669 torum
417 618 745 687 successione
766 635 781 682 3
820 619 1087 686 quaeritur
1112 619 1218 668 iam

218 705 286 742 an
327 691 673 761 haecseries
699 699 1078 744 momentorum
1140 692 1220 742 in-

217 762 365 834 finita
406 767 493 827 sit,
539 781 634 825 nec
671 767 770 824 ne?
812 766 1011 819 infinita
1043 773 1217 818 autem

218 854 333 905 csse
371 841 571 909 nequit,
603 842 722 910 quia
750 841 1009 909 infinitum
1040 840 1217 907 augeri

216 929 323 972 non
364 921 561 983 potest,
598 916 790 985 mundo
830 923 1002 978 autem
1057 914 1219 974 conti-

215 1004 322 1041 nuo
353 1005 483 1041 nova
508 997 767 1042 momenta
785 988 1218 1042 accedunt.Prae-

216 1070 361 1126 terea
401 1073 661 1122 momenta
703 1065 803 1117 iarn
871 1063 1215 1133 praeterlapsa

216 1153 495 1193 numerum
537 1140 899 1204 constituunt3
972 1152 1222 1201 numerus

218 1229 352 1279 vero
383 1214 616 1274 infinitus
670 1223 954 1283 repugnat.
1024 1211 1215 1264 etenim

217 1275 433 1354 quilibet
474 1304 721 1351 numerus
744 1288 903 1341 dividi
932 1294 1132 1357 potest3
1164 1291 1215 1335 et

218 1364 260 1413 si
303 1377 350 1413 e.
395 1375 475 1429 gr
521 1364 570 1415 in
613 1364 743 1415 duas
770 1364 1016 1431 aequales
1046 1367 1217 1429 palus

218 1436 500 1499 dividatur,
542 1440 810 1506 quaeritur
839 1455 904 1491 an
952 1436 1217 1489 dimidium

218 1510 479 1574 infinitum
514 1513 607 1573 sit,
640 1514 864 1566 annon?
892 1512 942 1564 Si
976 1512 1216 1580 primum,

218 1586 450 1653 sequitur
481 1586 582 1639 duo
619 1587 820 1641 infinita
853 1588 1072 1640 invicem
1103 1599 1222 1635 con-

219 1659 396 1728 iungi3
423 1660 464 1711 si
492 1668 668 1715 autem
697 1664 923 1721 dicatur,
956 1659 1222 1713 dimidium

221 1750 324 1785 non
369 1750 484 1787 esse
524 1736 807 1795 infinitum,
834 1737 989 1789 etiam
1014 1750 1078 1785 ex
1109 1748 1225 1784 con-

222 1810 488 1860 iunctione
529 1811 752 1864 duarum
782 1811 1021 1878 vpartium
1061 1807 1227 1860 finita-

220 1898 336 1934 rum
381 1899 481 1935 non
515 1886 723 1951 exurgit
765 1885 1060 1943 infinitum,
1109 1883 1225 1949 quia

222 1964 386 2014 totum
430 1960 663 2027 sequitur
716 1967 890 2028 partes
929 1973 1069 2011 suas,
1124 1956 1226 2008 Ab·

222 2032 392 2084 solute
433 2049 556 2099 ergo
598 2035 914 2103 impossibile
958 2039 1054 2092 est,
1118 2032 1227 2082 dati

220 2114 428 2174 tempus
469 2107 753 2169 infinitum,
798 2125 890 2160 seu
943 2107 1052 2159 dari
1120 2105 1232 2157 infi-

224 2182 390 2234 nitam
447 2183 636 2237 seriem
700 2190 1110 2241 momentorum
1179 2179 1228 2230 Si

226 2262 416 2315 autem·
443 2258 603 2310 series
643 2258 772 2311 haec
814 2259 962 2310 finita
1006 2262 1104 2315 est,
1141 2255 1233 2305 ini-

226 2327 362 2383 tium
398 2332 593 2384 habet:
631 2341 683 2401 et
723 2334 797 2388 sic
858 2332 1018 2384 etiam
1082 2345 1234 2381 mur,-

226 2406 377 2466 dum,
422 2422 541 2461 cum
570 2423 671 2475 quo
699 2424 790 2464 seu
823 2409 872 2459 in
905 2422 1005 2475 quo
1029 2411 1233 2472 tempus

227 2485 398 2533 ortum
439 2486 547 2542 est
592 2482 798 2576 initium
841 2482 1085 2535 habuisse
1114 2494 1233 2538 con-

233 2561 310 2606 sta
355 2552 456 2624 (1).

302 2628 435 2681 Nota
478 2630 530 2681 4.
576 2630 825 2692 Quamvis
866 2627 1114 2694 Tlieologi
1154 2641 1234 2682 ca-

229 2702 403 2753 tholici
446 2706 681 2764 unanimi
702 2720 964 2759 consensu
990 2702 1230 2762 doceant,

227 2776 484 2832 mundum
508 2796 608 2839 non
626 2798 740 2834 esse
755 2788 1055 2840 aeternum3
1083 2792 1235 2844 quac-

234 2850 428 2904 sierunt
469 2860 641 2909 tamen
681 2866 746 2909 an
792 2853 1022 2908 mundus
1048 2852 1112 2903 al)
1140 2866 1232 2904 ae-

241 2930 382 2977 terno
421 2931 643 2993 potuerit
670 2930 879 2983 creari?
911 2927 966 2979 ld
997 2925 1235 2994 possibile

229 2998 440 3065 quidam
483 3003 729 3059 dixerunt
755 3003 927 3072 quoad
972 3003 1233 3067 integrum

229 3073 505 3136 mundum,
547 3078 642 3129 alii·
675 3079 844 3146 quoad
891 3092 974 3130 res
1036 3090 1246 3142 permar

504 3149 590 3201 alii
631 3155 798 3219 quoad
840 3157 1108 3206 creaturas
1161 3149 1245 3209 ln-.

229 3152 461 3210 nenteS,

230 3222 592 3305 corruptibiles
633 3228 815 3292 quales
853 3233 977 3280 sunt
1015 3222 1227 3291 Angeli,

230 3300 283 3348 et
321 3296 525 3361 animae
563 3302 842 3354 rationales
871 3300 970 3371 (2).
999 3299 1126 3353 Sed
1146 3297 1233 3349 vix

230 3369 450 3436 intelligi
513 3379 718 3439 potest,

234 3442 559 3528 adsertiones
601 3447 829 3523 proferre
855 3453 963 3500 aut
1011 3439 1245 3530 probate

275 3540 328 3588 (¹)
351 3542 404 3581 Cf.
427 3518 702 3592 standenmnyr.
772 3563 775 3565 “
861 3546 867 3551 ”

785 3374 1040 3442 quomodo
1105 3371 1245 3432 tales

624 164 686 201 na
723 163 819 201 nno
858 164 909 200 ιΝ
945 147 1218 217 autumi-{n
1245 163 1346 214 iu>
1351 165 1571 213 uenum}
1588 167 1860 217 sermm.

1255 249 1559 316 potuerint.
1603 247 1752 302 Certe
1791 252 1831 303 si
1872 248 2011 324 Deus
2069 229 2297 319 specte
2308 259 2332 281 ¹

1281 328 1383 382 tur,
1430 324 1537 389 ipse
1577 325 1747 376 omnia
1786 323 1874 377 ab
1914 330 2124 377 aeterno
2187 341 2266 378 co·
2290 339 2332 381 ,⁸²

1278 397 1498 461 gnoson,
1555 397 1816 451 decernit
1849 405 1900 451 et
1955 399 2082 466 agit,
2147 401 2266 468 quia

1280 473 1394 536 ipse>
1428 473 1646 538 tempori
1684 473 1947 531 subiectus
1998 489 2099 526 non
2165 480 2264 534 est,

1279 544 1366 595 sed
1408 545 1459 596 in
1501 547 1744 603 continua
1804 547 2095 615 praesentia
2153 559 2268 601 ver-¹

1280 625 1451 671 satur:
1496 619 1608 671 ideo
1647 620 2035 680 etiamnullum
2069 628 2272 690 tempus

1279 693 1490 760 cogitari
1533 700 1718 760 potest,
1763 697 2059 763 priusquam
2125 711 2274 749 mun-

1281 766 1377 829 dus
1417 776 1701 830 crearetur,
1729 771 2046 837 quia-ipsum
2071 776 2274 837 tempus

1282 857 1402 893 cum
1418 844 1674 895 creaturis
1701 845 1886 911 coepit.
1918 843 2018 897 Sed
2058 844 2100 901 si
2128 859 2279 897 mun·

1282 915 1378 979 dus
1397 923 1681 985 spectetur,
1702 918 1936 971 absolute
1954 917 2277 986 ¹impossibile

1283 999 1360 1043 est
1402 991 1545 1043 illum
1589 992 1653 1044 ab
1679 999 1892 1047 aeterno
1918 993 2123 1059 creari3
2158 1008 2278 1045 nam

1283 1065 1331 1121 id
1371 1066 1506 1133 quod
1546 1072 1773 1127 creatur,
1825 1082 2065 1119 causam·
2101 1066 2278 1125 habet,

1283 1155 1415 1210 quae
1456 1142 1748 1193 necessario
1791 1143 1928 1209 prior
1966 1148 2046 1213 est
2073 1157 2169 1194 suo¹
2205 1141 2278 1194 ef-

1248 1263 1250 1265 ,
1285 1218 1441 1276 fectu,
1486 1218 1570 1282 qui
1612 1215 1724 1267 ideo
1755 1232 1940 1269 causae
1972 1222 2283 1269 coaeternus

1278 1305 1390 1346 esse
1430 1305 1531 1340 non
1574 1297 1757 1356 potest.
1806 1291 2005 1344 Dicunt
2044 1289 2281 1358 quidem,

1279 1364 1411 1434 quod
1452 1363 1592 1416 Deus
1635 1381 1724 1431 pro
1766 1381 1859 1416 sua
1906 1365 2282 1432 omnipotentia

1283 1440 1506 1507 potuerit
1521 1440 1772 1490 creaturis
1789 1441 2173 1492 communicare
2196 1453 2284 1490 ae·

1287 1515 1580 1566 ternitatem
1623 1513 1713 1574 ita,
1746 1521 1801 1565 ut
1842 1513 1977 1565 hanc
2026 1528 2132 1565 non
2172 1513 2283 1580 qui-

1286 1589 1400 1639 dem
1442 1602 1532 1653 per
1571 1589 1868 1647 essentiam,
1912 1588 1999 1640 sed
2043 1603 2132 1655 per
2168 1601 2282 1654 par-

1291 1662 1635 1730 ticipationem
1678 1662 1944 1714 haberent.
1974 1661 2068 1715 Ast
2095 1660 2287 1728 duplex

1289 1737 1486 1789 secerni
1527 1736 1657 1788 solet
1714 1738 2034 1799 aeternitas3
2108 1734 2285 1787 simul-

1291 1819 1461 1868 tanea‚
1506 1825 1636 1876 quae
1659 1817 1736 1862 est
1764 1818 2070 1878 perpetuum
2110 1808 2281 1869 Nunc,

1292 1894 1341 1937 et
1381 1884 1693 1945 successiva,
1739 1901 1871 1952 quae
1910 1887 1963 1936 in
2004 1885 2136 1936 serie
2176 1898 2283 1935 mo-

1295 1966 1582 2010 mentorum
1626 1959 1945 2026 concipitur.¹
1978 1957 2170 2011 Omnes
2200 1972 2287 2009 au·

1294 2041 1394 2086 tem
1436 2034 1684 2094 fatentur,
1715 2035 2078 2085 aeternitatem
2106 2031 2283 2084 simul-

1294 2116 1496 2161 taneam
1539 2123 1652 2160 esse
1689 2108 1995 2161 attributum
2054 2107 2287 2158 divinum

1296 2181 1347 2253 (g
1400 2180 1510 2251 511);
1550 2182 1810 2249 quodlibet
1854 2189 2029 2235 autem
2067 2180 2286 2233 attribu·

1299 2265 1403 2309 tum
1446 2256 1682 2308 divinum
1747 2263 1824 2308 est
1890 2259 1999 2325 ipsa
2064 2255 2288 2321 essentia

1297 2331 1468 2384 divina
1499 2329 1551 2400 (S
1591 2328 1704 2400 Mn:
1738 2331 1872 2383 Deus
1913 2346 2036 2397 ergo
2063 2343 2290 2381 commu-

1299 2404 1516 2457 nicando
1557 2412 1825 2457 creaturae
1863 2420 2014 2457 suam
2062 2403 2286 2455 aeterni-

1300 2487 1478 2538 tatem,
1522 2481 1923 2532 communicaret
1952 2478 2119 2530 eidem
2140 2491 2292 2529 suam

1297 2555 1608 2619 essentiam:
1660 2561 1970 2622 quapropter
2033 2551 2287 2620 quaestio,

1297 2646 1362 2681 an
1400 2629 1547 2680 Deus
1614 2629 1834 2695 potuerit
1889 2624 2307 2679 mundum-ae?

1300 2710 1506 2757 ternum
1546 2702 1884 2762 constituere,
1928 2703 2044 2753 vix‘·
2069 2699 2238 2764 differt
2264 2713 2295 2750 a

1297 2779 1599 2844 quaestione
1637 2792 1702 2828 an
1747 2776 1886 2828 Deus
1925 2782 2074 2828 extra
2127 2776 2187 2825 'se
2244 2787 2295 2823 a·

1298 2851 1422 2906 lium
1466 2850 1632 2903 Deum
1672 2867 1866 2903 creare„
1898 2855 2073 2919 queat.
2127 2846 2302 2900 Etiam

1298 2926 1580 2978 aeternitas
1621 2924 1916 2977 successiva
1965 2939 2064 2975 non
2132 2920 2300 2989 potuit

1298 3007 1568 3053 creaturae
1595 2998 1997 3051 communicari.
1984 3015 1997 3027 ·
2022 2996 2110 3049 illa
2135 2994 2294 3059 enim,

1300 3082 1356 3127 ut
1395 3076 1671 3142 probatum
1723 3074 1837 3133 fuit,
1896 3070 2178 3123 31)5ο...,Ιι1135
2225 3081 2301 3118 m-

1299 3148 1549 3215 possibilis
1606 3154 1658 3199 et
1720 3143 2113 3205 contradictoria
2160 3133 2296 3192 cist.

1295 3223 1487 3275 Omnes
1512 3228 1685 3274 autem
1707 3219 1932 3285 theologi
1984 3215 2300 3274 admittunt,
2306 3249 2312 3254 -

1296 3294 1463 3348 Deum
1482 3295 1719 3348 absolute
1742 3292 2094 3362 impossibilia
2091 3296 2166 3342 et
2175 3291 2311 3361 oon-fl

1295 3369 1596 3426 tradictoria
1625 3367 1839 3438 efficere
1842 3382 1975 3450 nqn
1970 3381 2191 3492 ρο5ῗθβ
2174 3363 2313 3444 quin*

1292 3434 1789 3510 ideomnipote'ntiae
1829 3435 2068 3511 ipsius&
2077 3453 2201 3522 iq
2197 3437 2286 3486 aii

1331 3542 1385 3589 (ε)
1408 3544 1464 3579 et
1490 3543 1651 3579 atium
1700 3541 1831 3584 aeon
1848 3539 2001 3577 emor.
2008 3508 2160 3602 ι’)ῑιιι,
2168 3537 2248 3573 'm
2270 3535 2322 3596 op-

1998 3638 2136 3661 ’A
2305 3628 2323 3678 ³.-

2235 3692 2332 3860 &¹AE
