2332 3860
977 175 1129 232 capua·
1166 194 1221 233 v·
1259 200 1261 202 ·

69 279 120 332 in
169 276 611 350 dissertationibus
657 274 778 328 huic
840 276 1060 328 annexis

71 353 231 406 multa
261 357 562 421 pertractat,
595 366 726 419 quae
769 366 857 418 pro
896 349 1059 401 Theo-

69 427 200 494 logia
229 425 516 492 dogmatica
545 430 596 475 et
626 423 873 491 polemica
897 423 1058 476 utilis-

67 501 196 552 sima
216 505 354 552 sunt.
386 498 460 550 Ia.
484 495 646 550 Adam
674 498 890 550 Moehler
918 514 1059 564 prae-

70 580 148 626 ter
171 573 273 626 alia
312 571 511 624 erudita
545 587 700 639 opera
738 571 1058 640 Symbolicam

67 647 247 708 edidit,
279 646 328 697 in
359 661 479 715 qua,
523 654 582 698 ut
620 645 690 697 ait
718 644 795 697 Cl.
843 646 1058 696 Perrone

69 739 96 768 ι(
140 736 329 773 novam
371 719 508 772 viam
547 720 770 787 aperuit,
815 719 1058 771 eandem·

64 810 163 863 que
196 792 458 847 efficacem
508 791 836 846 Acatliolicos
888 792 1057 860 profli-

63 868 239 935 gandi.
276 887 302 917 »
328 897 398 906 —
419 866 479 920 In
521 865 709 934 Anglia
737 867 852 918 Nic.
910 866 1057 918 Wise-

62 957 215 994 mann
256 958 344 1009 pro
395 941 658 1008 Religione
717 947 769 992 et
825 939 1053 992 Ecclesia

61 1016 339 1068 christiana
363 1017 570 1082 egregia
599 1030 752 1082 opera
794 1014 970 1066 edidit.
999 1014 1051 1065 ln

58 1088 304 1158 Hispania
364 1088 580 1142 Olivades
628 1088 948 1155 triumphum
992 1088 1055 1139 E-

60 1163 283 1231 vangelii
305 1164 628 1230 conscripsit,
655 1170 706 1215 et
722 1162 916 1213 Balmes
937 1161 1052 1214 Pro-

58 1239 442 1290 testantismum
469 1237 731 1289 contrivit.
766 1236 819 1288 ln
849 1236 1053 1304 Hzmya-

56 1311 136 1363 ria
181 1327 335 1380 opera
399 1312 688 1379 dogmatica
735 1311 1054 1377 scripserunt

55 1384 234 1437 Manli.
278 1385 456 1446 laios,
524 1384 701 1453 Georq.
746 1383 906 1451 Feje'r,
951 1384 1047 1436 Ios.

54 1456 271 1526 Prunyi,
303 1466 345 1510 et
365 1459 474 1527 19η.
501 1458 697 1511 Penka.
734 1458 788 1510 ln
818 1459 1052 1510 America

57 1531 241 1585 From:⁴
274 1532 422 1585 Patr.
458 1532 648 1585 Kenrilc
666 1533 761 1601 Ep.
794 1531 1052 1583 Philadel-

56 1606 281 1672 pbiensis
339 1606 668 1674 Theologiam
709 1607 1053 1675 dogmaticam

55 1679 362 1733 elaboravit.

464 1802 502 1861 §
530 1806 635 1848 39.

383 1892 580 1928 Doctrinae
614 1901 717 1926 usus.

129 1978 181 2030 1.
251 1975 423 2029 Allata
498 1976 712 2028 historia
785 1975 1046 2035 ostendit,

51 2050 218 2104 Deum
244 2053 427 2120 quovis
457 2058 686 2118 tempore
728 2049 929 2101 dedisse
959 2050 1052 2100 Ec-

50 2127 239 2178 clesiae
267 2141 390 2177 suae
416 2123 493 2196 (l)
527 2142 625 2177 non
667 2124 834 2176 solum
875 2122 1052 2176 Pasto-

50 2215 149 2261 re&
194 2201 278 2268 qui
325 2200 600 2266 invigilent
630 2207 681 2251 et
709 2205 891 2264 regant
918 2240 929 2259 ‚
960 2198 1047 2250 sed

51 2278 207 2325 etiam
254 2274 499 2333 DoctoreS,
549 2274 634 2341 qui
677 2279 909 2340 potentes
947 2273 1050 2323 sint

52 2347 308 2399 eaehorlari
347 2349 399 2398 in
440 2347 667 2399 doctrina
706 2362 847 2406 sana,
891 2355 934 2397 ct
974 2362 1050 2397 eos

53 2424 139 2488 qui
172 2422 531 2482 contradicunt,
575 2436 781 2488 arquere
822 2417 919 2490 (2).
967 2420 1050 2470 Di-

53 2496 228 2547 vinam
270 2511 391 2561 ergo
443 2495 828 2547 Providentiam
887 2493 1050 2545 admi-

50 2570 175 2631 rari,
207 2577 258 2622 et
284 2569 546 2621 Christum
573 2568 868 2620 collaudare
898 2567 1050 2619 debe-

53 2658 187 2706 muS,
220 2643 307 2712 qui
329 2659 535 2711 semper
563 2643 828 2695 nobiscum
859 2647 936 2693 est
966 2657 1050 2694 us-

51 2733 150 2785 que
191 2719 253 2772 ad
295 2718 790 2771 consummationem
830 2716 1043 2768 saeculi.

125 2791 180 2842 2.
212 2790 353 2842 Inter
381 2798 455 2844 tot
494 2791 776 2859 Tlieologos
816 2790 890 2841 illi
931 2790 1050 2841 seli-

47 2865 204 2933 gendi
227 2865 465 2932 sunt,qui
486 2881 606 2932 prae
629 2863 849 2916 caeteris
864 2864 1050 2915 doctri-

51 2954 147 2991 nae
178 2939 427 3006 puritate,
459 2938 824 3006 perspicuitate
853 2944 904 2989 et
929 2937 1049 2988 soli-

50 3012 206 3065 ditate
244 3012 527 3064 excellunt.
553 3010 705 3064 Nefas
736 3018 841 3075 est,
893 3010 1050 3062 Theo-

50 3086 194 3152 logos
214 3092 417 3138 veteres
437 3086 753 3138 floccifacere
765 3103 780 3148 3
804 3100 922 3136 nam
947 3100 1046 3135 non

0 3223 2 3226 y
50 3160 295 3212 solumin
325 3160 415 3214 SS.
461 3160 718 3220 PatribuS‚
763 3159 848 3211 sed
893 3159 1046 3210 etiam

5 3279 9 3284 .
51 3234 100 3286 in
129 3233 399 3302 Theologis
430 3233 750 3286 scholasticis
777 3234 970 3300 egregii
998 3238 1049 3283 et

52 3307 309 3359 utilissimi
368 3315 621 3360 tractatus
684 3307 1042 3359 inveniuntur.

0 3380 5 3385 ’
50 3377 304 3434 Recentes
335 3388 512 3434 autem
561 3380 846 3448 Theologos
886 3378 1049 3448 negli-

0 3493 3 3505 .
51 3466 175 3521 gere
215 3469 313 3506 non
364 3455 482 3508 lieet
507 3495 521 3517 ,
551 3461 664 3508 tum
697 3455 815 3523 quia
865 3454 1046 3521 aptiori

0 3548 11 3607 ξ
91 3551 148 3600 (1)
174 3555 262 3598 Eph.
287 3553 323 3599 4,
341 3554 384 3590 u
397 3560 469 3593 etc.
779 3552 832 3599 (Ξ)
856 3552 927 3589 Tit.
954 3552 987 3597 1,
1012 3549 1045 3588 0.

20 3672 34 3694 ι.

32 3756 40 3779 t
100 3774 102 3777 ,

26 3790 68 3798 ,,

46 3853 50 3860 .

1969 181 2033 236 61

1121 281 1402 345 systemate
1417 274 1991 345 veritates'theologicas
2005 295 2116 348 pro·

1124 357 1341 418 ponunt,
1366 355 1476 402 tum
1517 350 1637 422 quia
1680 353 1839 402 etiam
1866 355 2117 407 recentio-

1123 439 1238 475 rum
1263 431 1554 491 temporum
1607 439 1808 476 errores
1848 425 2107 480 refellunt.

1122 498 1396 550 Caeterum
1452 497 1575 549 dum
1614 497 1858 565 Theologi
1923 499 2115 553 dissen-

1123 572 1276 633 tiunt,
1310 572 1578 640 utriusque
1639 572 1927 624 sententiae
1966 589 2115 642 argu·

1122 652 1296 698 menta
1337 645 1687 714 ponderanda,
1730 652 1782 698 et
1804 646 1962 698 verba
1986 645 2114 715 Apo·

1119 720 1235 772 stoli
1265 719 1588 771 observanda
1619 726 1762 772 sunt:
1795 718 1981 773 Omnia
2000 736 2114 790 pro-

1120 793 1386 860 bate,q·uod
1413 793 1587 846 bonum
1627 801 1693 845 esc
1722 801 1869 846 tenete
1910 793 2007 865 (3).
2152 794 2155 795 ’

1528 930 1566 990 ς
1589 931 1699 977 ao.

1430 1019 1528 1055 Ordo
1552 1020 1789 1055 dicendorum

1138 1086 1205 1113 seu
1230 1078 1342 1113 totius
1365 1079 1583 1122 Tlieologiae
1607 1078 1826 1115 theoreticae
1857 1083 2085 1123 prospectus.

1192 1162 1243 1214 1.
1288 1161 1338 1214 Si
1381 1162 1444 1214 de
1484 1163 1661 1215 ordine
1689 1163 1979 1231 quaeritur,
2010 1180 2110 1233 quo

1119 1238 1364 1288 veritates
1417 1237 1481 1288 ad
1533 1236 1868 1304 Theologiam
1908 1237 2111 1290 theore-

1118 1310 1273 1362 ticam
1336 1316 1632 1377 spectantes
1711 1312 2110 1378 pertractandae

1116 1391 1257 1445 sunt,
1304 1383 1536 1452 plerique
1587 1385 1902 1437 recentiores
1944 1383 2109 1438 Theo·

1118 1457 1217 1525 logi
1247 1459 1297 1510 in
1328 1458 1422 1510 hoc
1443 1459 1760 1525 conspirant,
1788 1458 1921 1527 quod
1950 1457 2110 1511 Theo·

1118 1531 1305 1598 logiam
1332 1532 1505 1584 dicant
1544 1533 1594 1583 in
1637 1532 1742 1584 Deo
1782 1538 2030 1601 tanquam
2058 1532 2109 1584 in

1115 1606 1373 1657 communi
1426 1613 1604 1658 centro
1657 1613 1820 1658 totam
1870 1608 2106 1664 versari,

1115 1681 1435 1748 moverique,
1480 1686 1536 1731 ut
1575 1680 1647 1731 ita
1690 1686 1794 1732 tota
1833 1679 1958 1731 illud
1982 1694 2106 1731 vere

1114 1753 1218 1814 sit,
1274 1754 1407 1822 quod
1463 1753 1668 1805 nomine
1719 1769 1811 1804 suo
1863 1753 2104 1814 indicat,

1113 1842 1271 1877 sermo
1311 1828 1366 1878 de
1402 1827 1519 1878 Deo,
1553 1827 1661 1888 Quo
1709 1827 1871 1894 posito
1897 1867 1909 1887 ,
1960 1842 2109 1878 sacra

1114 1899 1241 1961 haec
1283 1900 1550 1966 disciplina
1590 1900 1642 1950 in
1678 1900 1805 1951 duas
1845 1906 2017 1967 partes
2055 1916 2108 1952 a·

1116 1974 1205 2034 bit,
1252 1975 1368 2040 quia
1404 1974 1542 2026 Deus
1584 1981 1693 2025 tum
1735 1981 1785 2024 ul
1812 1981 1879 2025 est
1920 1975 1971 2025 in
2010 1989 2060 2024 se
2090 2014 2104 2034 ,

1117 2054 1224 2098 tum
1265 2056 1317 2098 uc
1345 2055 1412 2099 esc
1451 2055 1592 2099 emcra
1619 2063 1667 2098 se
1693 2063 1837 2115 aqens
1879 2047 2108 2100 conside·

1114 2123 1214 2172 rari
1246 2128 1411 2189 potest
1454 2152 1529 2159 —-
1555 2121 1714 2172 Probe
1744 2127 1922 2172 autem
1942 2127 2111 2173 atten-

1114 2196 1338 2247 dendum
1382 2202 1479 2256 est,
1513 2197 1562 2246 in
1593 2194 1869 2263 Tlieologia
1898 2195 2107 2261 dogma-

1115 2270 1212 2322 tica
1269 2269 1686 2337 pertractandam
1737 2284 1848 2320 esse
1886 2268 2107 2335 Religio-

1116 2360 1232 2395 nem
1260 2361 1287 2395 a
1317 2343 1517 2395 Christo
1547 2343 1853 2404 revelatam,
1896 2358 1986 2394 seu
2016 2358 2107 2394 ex·

1115 2418 1411 2484 ponendum
1470 2433 1581 2469 esse
1639 2415 1931 2485 symbolum
1971 2416 2107 2468 chri-

1112 2493 1359 2551 stianum,
1410 2492 1557 2542 cuius
1598 2491 1873 2541 veritatem
1915 2489 2104 2556 princi-

1112 2566 1300 2634 palem,
1333 2571 1384 2616 et
1417 2571 1592 2616 nolam
1632 2563 2107 2615 characteristieam

1111 2640 1383 2692 constituit
1454 2638 1757 2707 mysterium
1816 2635 2100 2688 Trinitatis.

1114 2714 1249 2766 Deus
1292 2729 1494 2780 nempe,
1527 2714 1578 2763 in
1617 2728 1671 2763 se
1712 2717 1995 2778 spectatuS‚
2027 2715 2106 2761 est

1115 2805 1246 2839 unus
1275 2788 1326 2839 in
1353 2787 1577 2839 essentia
1617 2792 1668 2837 et
1709 2785 1878 2836 trinus
1912 2784 1963 2835 in
1985 2783 2106 2836 Per„

1111 2863 1291 2914 sonis:
1365 2860 1498 2929 quod
1571 2859 1757 2925 dogma
1821 2856 2104 2925 principale

1113 2938 1275 3003 primo
1336 2935 1446 2987 loco
1508 2932 1932 3000 pertractandum
1983 2932 2099 2983 erit.

1111 3010 1204 3062 Ast
1244 3010 1401 3061 etiam
1441 3007 1563 3058 dum
1603 3006 1741 3058 Deus
1781 3011 1930 3058 extra
1971 3021 2026 3057 se
2054 3020 2106 3056 a·

1110 3099 1239 3148 gens
1279 3081 1654 3141 consideratur,
1680 3078 1947 3150 Trinitatis
1974 3079 2104 3130 ratio

1113 3157 1345 3209 habenda
1401 3162 1516 3216 est,
1560 3154 1804 3222 quoniam
1842 3152 1980 3205 Patri
2021 3168 2107 3220 ap-

1113 3232 1403 3298 propriatur
1441 3231 1660 3289 ereati0‚
1705 3227 2026 3279 conservatio
2054 3233 2105 3278 et

1109 3305 1415 3371 gubernatio
1442 3300 1708 3362 Universi,
1752 3299 1881 3352 Filio
1909 3299 2104 3352 redem-

1112 3378 1212 3445 ptio
1253 3377 1548 3434 hominum,
1585 3383 1636 3428 et
1663 3373 1875 3442 Spiritui
1914 3372 2103 3426 Sancto

1109 3451 1450 3504 sanctificatio
1488 3447 1773 3502 eorundem
1795 3466 1811 3512 3
1855 3446 2103 3500 convenit

1156 3550 1209 3597 (a)
1233 3550 1249 3586 1
1271 3551 1396 3586 Thess.
1413 3549 1448 3595 r»,
1471 3547 1528 3587 aa.
