2332 3860
283 153 354 209 94
883 169 950 210 nn
986 169 1087 209 nno
1126 169 1178 208 m
1216 169 1275 209 sn
1313 167 1591 210 spaeram.

215 249 537 306 aeternitatis
604 250 808 306 divinae
877 252 1124 318 notione,
1180 251 1226 304 vi
1335 250 1449 308 Obi.
1493 252 1552 306 1²
1588 251 1724 307 Deus
1763 250 1955 307 dicitur
1989 250 2267 323 Sapientia·

215 321 364 376 cuius
387 320 522 376 Deus
550 321 662 376 sine
688 323 794 376 ulla
821 321 1083 394 temporis
1112 332 1225 376 suc'·
1263 329 1507 386 aeterum·
1551 321 1617 376 de
1668 321 1767 376 hac
1818 331 1990 376 autem
2045 322 2260 391 legitur:

216 391 453 446 cessione
499 391 554 445 in
602 391 850 446 continua
898 391 1220 464 praesentia,
1265 391 1526 446 Omnibus
1575 391 1858 446 mobilibus
1908 391 2154 446 mobilior
2196 399 2269 446 est

215 478 311 517 seu
358 461 412 516 in
461 478 568 516 uno
625 462 919 532 eodemque
970 478 1064 532 per
1103 469 1224 515 etuo
1262 461 1542 532 Sapientia
1579 461 1684 530 (2):
1719 479 1846 532 ergo
1880 460 2020 516 Deus
2060 461 2267 517 mobilis

214 531 438 602 simplici
477 541 747 585 momento
782 540 1031 586 versatur.
1102 530 1225 585 icuti
1264 549 1354 586 seu
1394 531 1655 592 mutabilis
1692 532 2042 602 praedicatur.

216 601 357 656 enim
394 601 447 656 in
474 618 580 656 uno
619 602 913 674 eodemque
954 611 1222 656 momento
1333 601 1482 672 Resp.
1534 601 1797 671 Sapientia
1835 601 2040 656 mobilis
2078 601 2268 656 dicitur

215 671 358 726 nulla
382 688 467 726 res
494 688 608 726 esse
634 680 684 726 et
711 690 815 725 non
845 689 974 735 esse,
1009 681 1097 725 aut
1126 670 1226 726 hoc
1264 689 1369 726 non
1419 671 1619 742 passive
1671 679 1722 725 et
1769 671 2076 737 intrinsece,
2121 672 2267 742 quasi

216 750 268 796 et
286 741 441 795 simul
468 742 567 796 alio
597 743 755 796 modo
784 741 1004 796 existere
1031 750 1219 813 potest,
1265 742 1376 812 ipsa
1414 751 1616 795 motum
1665 741 1715 794 in
1754 758 1808 795 se
1847 741 2133 812 reciperet,
2176 742 2264 795 sed

215 811 288 866 ita
313 811 546 883 profecto
573 812 729 866 etiam
757 813 894 867 Deus
919 812 971 866 in
998 828 1103 866 uno
1135 810 1465 916 illo'tantuin
1494 812 1657 866 active
1685 819 1734 864 et
1761 812 2063 876 extrinsece,
2091 821 2270 882 quate-

215 881 543 954 simplicique
580 892 867 943 momento,
913 899 1019 936 non
1057 891 1228 954 potest
1266 899 1362 934 nus
1399 881 1510 952 ipsa
1550 889 1751 935 motum
1790 880 2042 935 creaturis
2069 881 2263 947 tribuit,

216 968 331 1006 esse
369 960 420 1006 et
455 969 560 1005 non
600 969 729 1018 esse,
761 953 832 1006 ita
860 960 911 1006 et
938 953 1087 1006 aliter
1124 951 1225 1006 exi-
1266 952 1384 1006 ideo
1412 951 1624 1005 inferius
1651 951 1747 1004 loc.
1777 969 1818 1005 c.
1845 951 1921 1019 (3)
1947 950 2269 1020 adiungitur:

217 1031 372 1088 stere,
414 1022 566 1093 plura
604 1031 654 1076 et
691 1022 941 1093 pauciora
978 1022 1129 1088 scire,
1163 1022 1227 1075 de
1269 1021 1402 1076 Cum
1439 1022 1505 1075 sit
1542 1038 1673 1084 uno,
1705 1021 1886 1075 onmia
1919 1027 2101 1092 potest,
2130 1029 2174 1074 et
2213 1022 2270 1075 in

217 1107 323 1146 una
374 1091 618 1146 volitione
671 1092 735 1145 ad
794 1092 948 1145 aliam
1006 1091 1228 1145 transire
1265 1109 1316 1146 se
1390 1107 1670 1146 ermannus
1708 1092 1891 1145 onmia
1925 1091 2271 1159 innovat(4).

220 1170 318 1215 etc.
342 1178 355 1226 ;
387 1178 493 1216 uno
520 1162 708 1215 verbo:
744 1162 879 1216 Deus
908 1162 1096 1215 mutari
1123 1178 1225 1214 non
1386 1162 1450 1216 bi.
1479 1161 1536 1214 02³
1562 1161 1697 1215 Deus
1725 1161 1776 1214 in
1803 1161 2068 1217 creatione
2089 1162 2269 1215 mundi

221 1240 404 1299 potest,
433 1231 554 1303 quia
577 1232 803 1302 tempori
828 1242 1033 1286 nonest
1058 1232 1227 1285 subie·
1268 1241 1495 1285 mutatus
1533 1231 1654 1295 fuit;
1699 1231 1842 1300 prius
1882 1231 2019 1284 enim
2069 1231 2264 1296 noluit,

220 1309 350 1367 ctuS,
382 1300 494 1355 sine
521 1318 626 1372 quo
654 1301 872 1356 mutatio
902 1302 1105 1372 concipi
1140 1318 1227 1355 ne·
1267 1311 1317 1356 et
1353 1310 1534 1372 postea
1573 1301 1731 1354 voluit
1769 1301 2023 1354 mundum
2057 1317 2262 1355 creare:

219 1370 348 1441 quit.
393 1370 445 1437 b)
484 1370 535 1425 Si
585 1371 719 1426 Deus
774 1372 967 1426 mutari
1019 1380 1220 1442 posset,
1267 1389 1429 1443 quare
1468 1389 1492 1422 a
1564 1369 1758 1425 otentia
1797 1372 1861 1424 ad
1899 1379 2090 1431 actum,
2123 1388 2213 1425 seu
2242 1388 2271 1424 a

221 1440 441 1494 mutatio
491 1441 568 1495 vel
629 1442 803 1513 quoad
868 1442 1222 1507 existentiam,
1268 1442 1441 1512 quiete
1479 1459 1506 1494 a
1582 1440 1944 1511 operationem
1971 1441 2188 1507 transiit,
2221 1449 2271 1494 et

220 1511 299 1565 vel
337 1511 508 1582 quoad
548 1511 772 1565 formam
811 1512 1225 1576 substantialem,
1268 1529 1387 1566 cum
1439 1520 1589 1566 antea
1641 1527 1746 1564 non
1796 1511 1974 1564 suisset
2021 1509 2265 1574 Creator,

221 1581 298 1634 vel
337 1581 510 1658 quoad
572 1582 797 1635 sormam
854 1581 1226 1635 accidentalem
1269 1590 1447 1651 postea
1481 1585 1691 1636 Creator
1718 1589 1768 1634 et
1804 1580 2053 1639 Dominus
2093 1580 2274 1634 mundi

222 1658 567 1720 contingeret.
626 1651 761 1706 Deus
824 1660 999 1706 autem
1057 1651 1228 1722 quoad
1269 1654 1431 1706 sactus
1471 1660 1562 1705 est.
1608 1651 1811 1705 Similes
1860 1649 2173 1705 mutationes
2220 1651 2274 1704 in

223 1719 550 1774 existentiam
588 1720 930 1775 immutabilis
972 1728 1065 1787 est,
1110 1721 1230 1791 quia
1269 1723 1374 1776 Deo
1414 1739 1474 1775 ex
1511 1721 1622 1774 aliis
1660 1720 1908 1792 operibus
1934 1720 2118 1775 divinis
2143 1720 2272 1775 infe-

224 1789 386 1844 finem
422 1790 620 1845 habere
662 1792 858 1861 nequit.
902 1791 1084 1854 Quoad
1127 1792 1233 1845 sor·
1270 1791 1463 1845 rendae
1506 1799 1640 1844 sunt.

225 1876 365 1913 mam
405 1859 800 1914 substantialem
840 1861 975 1915 Deus
1009 1877 1115 1914 non
1139 1878 1229 1932 po·
1264 1903 1267 1905 -
1338 1860 1488 1931 Resp.
1521 1860 1855 1914 Difficultates
1887 1860 2016 1914 istae
2050 1878 2111 1915 ex
2146 1860 2272 1914 falso

223 1938 324 1984 test
353 1931 576 1986 transire
613 1930 665 1984 in
704 1939 895 1988 statum
935 1930 1225 1996 meliorem,
1269 1930 1540 2002 supposito
1573 1930 1831 1995 oriuntur,
1863 1946 1967 2001 quo
1994 1931 2127 1985 Deus
2154 1948 2272 1985 curn

224 1999 347 2071 quia
383 1999 633 2066 infinimS,
665 2015 772 2056 non
808 2001 860 2054 in
890 2000 1226 2067 deteriorem,
1268 2002 1482 2055 homine
1538 2000 1889 2066 confunditur,
1933 2009 1994 2054 et
2050 2002 2273 2072 tempori

226 2069 350 2140 quia
386 2086 478 2125 ens
515 2071 868 2125 necessarium
909 2080 960 2125 et
985 2070 1229 2143 indepen-
1269 2071 1555 2126 subiicitur.
1619 2070 1791 2124 Posita
1845 2078 1988 2125 recta
2047 2071 2274 2125 aeterni·-

224 2141 353 2195 dens
391 2149 491 2205 est,
534 2157 641 2195 non
680 2140 733 2195 in
771 2142 1069 2213 aequalem,
1110 2142 1229 2212 quia
1270 2141 1387 2196 tatis
1427 2141 1628 2196 divinae
1666 2140 1896 2206 notione,
1928 2140 1981 2194 in
2022 2140 2129 2195 Deo
2167 2157 2271 2195 non

224 2209 1041 2283 talisnondatur.DeniqueDeus
1057 2213 1228 2283 quoad
1268 2213 1420 2266 datur
1459 2219 1783 2266 momentum
1808 2254 1820 2276 ,
1866 2228 1971 2282 quo
2008 2211 2272 2277 jmundum

223 2279 448 2334 sormam
488 2281 861 2336 accidentalem
915 2283 1105 2336 mutari
1144 2299 1228 2336 ne·
1269 2299 1446 2336 creare
1473 2281 1654 2347 noluit,
1679 2298 1783 2352 quo
1805 2279 1875 2334 nil
1902 2289 2146 2352 operatus
2174 2290 2267 2346 est,

224 2349 357 2422 quit,
402 2349 523 2421 quia
561 2351 613 2405 in
664 2351 793 2407 Ente
846 2351 1228 2424 simplicissimo
1269 2369 1372 2423 quo
1411 2351 1623 2406 Creator
1648 2360 1699 2404 et
1734 2350 1985 2405 Dominus
2026 2351 2267 2405 non-fuit.

225 2428 275 2474 et
310 2419 514 2475 infinito
553 2421 841 2477 accidentia
878 2440 984 2477 non
1023 2423 1228 2476 dantur.
1269 2423 1402 2476 Deus
1430 2438 1618 2492 nempe
1644 2421 1902 2474 mundum
1929 2437 2152 2493 semper,
2180 2437 2273 2475 seu

293 2480 437 2544 Nota
484 2490 533 2546 1.
571 2491 718 2546 Circa
768 2492 870 2547 hoc
922 2493 1228 2547 attributum
1269 2493 1334 2546 ab
1373 2501 1586 2547 aeterno
1626 2507 1806 2545 creare
1843 2490 2019 2557 voluit,
2062 2491 2154 2544 sed
2192 2506 2273 2553 ae,-

222 2558 454 2613 divinum
504 2561 818 2616 aberrarunt
867 2562 1057 2630 Stoici,
1108 2563 1224 2635 qui,
1270 2572 1417 2617 terno
1458 2571 1507 2616 et
1544 2559 1855 2614 immutabili
1882 2559 2158 2614 voluntatis
2185 2560 2271 2614 de-

222 2638 354 2684 teste
380 2630 603 2700 Origene
631 2632 725 2701 (1),
758 2632 920 2686 Deum
958 2634 1230 2687 mutationi
1269 2641 1412 2686 creto
1438 2631 1509 2684 ita
1526 2630 1699 2695 voluit,
1735 2639 1787 2683 ut
1813 2629 1865 2683 in
1892 2638 2147 2700 tempore,
2181 2646 2274 2684 seu

225 2708 276 2752 et
324 2700 615 2754 alterationi
665 2701 947 2756 obnoxium
994 2714 1229 2774 pronun·
1269 2702 1439 2774 potius
1467 2717 1585 2755 cum
1610 2709 1846 2770 tempore
1867 2699 2081 2755 oriatur.
2101 2699 2272 2754 Nulla-

224 2767 447 2834 tiarunt3
477 2770 1087 2843 Anthropomorphitae‚
1125 2774 1230 2827 Deo
1268 2783 1417 2826 tenus
1456 2787 1583 2839 ergo
1610 2769 1780 2823 divina
1811 2769 2047 2824 voluntas
2076 2778 2274 2823 mutata

224 2855 344 2892 cum
383 2856 605 2907 corpore
642 2841 874 2895 humano
914 2842 1069 2896 etiarn
1113 2843 1230 2896 affe·
1268 2850 1370 2906 est,
1416 2840 1562 2895 cuius
1602 2840 1810 2894 decreta
1847 2839 2024 2894 omnia
2061 2848 2274 2893 aeterna

224 2907 422 2961 ctiones
460 2909 715 2966 humanas
755 2912 1135 2976 adscribentes3
1181 2922 1231 2966 et
1267 2920 1317 2965 et
1354 2909 1700 2964 immutabilia
1737 2917 1874 2974 sunt,
1919 2910 2010 2964 sed
2054 2907 2273 2966 mutatio

223 2976 518 3043 Sociniani,
549 2981 636 3050 qui
672 2981 874 3036 ratione
904 2982 1151 3037 scientiae
1182 2991 1231 3036 et
1267 2981 1436 3035 solum
1487 2997 1548 3034 ex
1596 2988 1745 3050 parte
1797 2979 2008 3043 mundi,
2052 2978 2140 3050 qui
2190 2978 2271 3031 in-

225 3047 559 3101 decretorum
593 3050 644 3102 in
670 3051 777 3105 Deo
804 3052 1118 3106 mutationes
1145 3053 1232 3106 ad·
1267 3051 1432 3121 cepit,
1484 3049 1759 3120 reperitur.
1815 3048 2092 3102 Praeterea
2146 3044 2266 3111 Dei,

226 3116 453 3170 mittunt.
496 3118 926 3176 Adversariorum
976 3122 1229 3178 obiectio-
1268 3120 1408 3174 Entis
1429 3117 1797 3190 simplicissimi
1821 3126 1872 3172 et
1894 3116 2272 3189 perfectissimi,

225 3202 318 3242 nes
353 3185 501 3242 facile
539 3187 823 3246 diluuntur.
1268 3190 1503 3245 voluntas
1539 3204 1645 3243 non
1689 3188 1740 3242 in
1778 3188 2037 3259 potent-ia,
2082 3186 2174 3241 sed
2221 3185 2272 3240 in

232 3409 240 3416 '
271 3403 323 3449 (t)
344 3405 413 3438 Lu».
435 3405 467 3446 3,
492 3415 519 3438 c.
545 3406 628 3439 cels.
1310 3405 1359 3450 (3)
1384 3408 1455 3439 Loc.
1479 3415 1508 3438 e.
1533 3415 1563 3438 v.
1586 3404 1641 3438 27.

269 3463 322 3500 ‹2›
344 3462 421 3503 sup.
447 3462 481 3506 7,
505 3461 560 3495 24.
1309 3460 1365 3490 ω
1384 3462 1431 3495 α’.
1454 3464 1489 3495 S.
1520 3462 1631 3495 Thon.
1655 3463 1684 3501 t,
1706 3469 1737 3501 q.
1762 3459 1794 3501 9,
1819 3460 1881 3492 nrt.
1906 3457 1924 3492 1
1944 3458 1998 3492 ad.
2022 3458 2060 3492 8.
