2332 3860
972 158 1124 200 CAPUT
1160 160 1234 199 IV.
1280 162 1311 196 .’

1983 156 2054 210 39

69 237 624 308 logiamdogmaticnm
659 244 908 308 tanquam
946 243 1057 292 stu·
1120 241 1246 295 fides
1283 249 1490 301 mortua
1527 259 1740 303 manere
1788 246 1936 303 solet.
1993 251 2110 306 ldeo

68 318 208 375 dium
234 314 377 368 mere
402 311 781 381 speculativum
803 319 857 366 et
883 313 1058 366 sterile
1121 316 1295 369 divina
1328 317 1596 372 Revelatio
1636 335 1736 372 non
1778 321 1945 376 solum
1971 333 2110 380 recte

68 394 429 460 aspernantur,
461 399 679 455 eamque
708 387 774 438 ad
801 388 1059 453 corrigen-
1122 391 1329 443 vivendi
1358 392 1566 459 regulas
1606 394 1782 456 tradit,
1827 397 1912 448 sed
1955 399 2110 452 etiam

69 466 159 519 dos
186 471 240 522 et
267 460 605 531 perficiendos
644 475 814 514 mores
855 462 1061 529 penitus

16 590 19 597 ,
69 537 384 594 inefficacem
425 541 687 603 reputant.
733 533 1058 588 Contrarium

38 623 41 627 ⁴
69 614 216 670 facile
268 611 532 679 probatur.
593 607 880 677 Tlieologia
925 611 1060 662 enim

70 686 356 758 dogmatica
411 684 691 736 maximam
758 685 808 736 in
861 699 1063 753 promo-

68 762 237 818 venda
260 758 551 812 moralitate
577 754 856 810 efficaciam
887 758 1060 818 babet,

76 846 187 892 tum
251 834 369 903 quia
437 832 722 885 officiorum
791 833 1062 885 moralium

70 911 387 981 fundamenta
424 906 625 966 statuit,
666 913 771 958 tum
813 908 933 975 quia
965 923 1067 960 mo-

70 984 291 1040 ralitatis
316 981 497 1034 motiva
527 981 781 1048 proponit.
868 1041 871 1045 ¹

144 1060 195 1112 l.
222 1056 397 1111 Officia
427 1055 651 1122 practica
673 1070 741 1107 ex
761 1054 1066 1107 veritatibus

71 1132 367 1187 theoreticis
395 1129 697 1181 deducenda
725 1144 856 1190 esse,
902 1132 1067 1182 omnis

69 1215 208 1261 recta
239 1204 562 1271 Philosophia
604 1204 770 1255 docet.
816 1203 1064 1271 Dogmata

70 1298 193 1347 ergo
211 1279 489 1333 theoretica
515 1279 661 1346 quasi
686 1278 855 1336 bases,
882 1286 931 1330 et
956 1280 1068 1330 fun-

74 1357 316 1409 damenta
337 1359 459 1405 sunt
487 1359 881 1419 praeceptorum
902 1369 1069 1405 mora-

78 1431 227 1490 lium,
259 1429 328 1480 ita
357 1433 413 1478 ut
441 1426 542 1478 illis
572 1426 910 1488 labefactatiS,
941 1427 1069 1479 haec

71 1519 274 1574 quoque
314 1508 559 1553 corruant
600 1518 811 1553 necesse
851 1503 955 1554 sit:
999 1503 1065 1553 ita

74 1595 158 1631 ex.
185 1594 263 1644 gr.
287 1577 377 1628 Dei
403 1591 503 1628 non
524 1575 694 1627 solum
716 1577 1063 1633 existentiam,

75 1653 162 1706 scd
193 1658 242 1703 et
273 1651 498 1701 infinitas
542 1651 880 1716 perfectiones
921 1667 1068 1702 nosse

76 1732 295 1794 oportet,
325 1730 382 1775 ut
400 1723 566 1775 officia
589 1724 640 1774 in
664 1740 783 1775 eum
803 1725 1066 1785 credendi,

78 1798 360 1868 sperandi,
408 1798 576 1864 ipsum
624 1814 778 1864 super
819 1801 988 1850 omnia
1023 1817 1073 1849 a·

82 1873 255 1927 mandi
285 1878 386 1923 etc.
414 1912 426 1933 ‚
471 1869 690 1935 intelligi
743 1880 955 1940 queant.
991 1874 1071 1925 Of-

80 1949 195 2001 ficia
226 1946 552 2004 humilitatis,
584 1947 995 1999 mortificationis
1024 1956 1072 1999 et

81 2022 326 2076 orationis
349 2037 415 2072 ex
436 2019 762 2084 dogmatibus
777 2021 839 2073 de
866 2029 1072 2088 peccato

77 2095 335 2162 originali,
353 2095 414 2145 de
432 2097 736 2146 necessitate
758 2103 809 2148 ct
845 2097 1071 2148 efficacia

78 2172 274 2239 gratiae
298 2168 596 2220 deducenda
625 2177 766 2222 sunt:
798 2172 880 2239 qui
905 2187 1074 2223 sacra-

6 2260 14 2270 ‘
79 2252 375 2299 mentorum
396 2244 746 2303 existentiam,
774 2247 879 2297 vim
900 2253 950 2297 et
975 2247 1076 2296 vir-

81 2327 249 2373 tutem
277 2317 412 2370 haud
437 2320 721 2383 cognoscit,
754 2328 954 2371 rectum
994 2336 1076 2372 eo-

83 2409 200 2447 rum
227 2408 380 2444 usum
403 2392 748 2444 determinare
773 2395 949 2463 nequit
971 2400 1070 2446 etc.

81 2468 267 2522 Intime
289 2482 409 2532 ergo
432 2466 705 2533 Theologia
729 2469 938 2519 moralis
961 2484 1077 2520 cum

82 2542 374 2608 dogmatica
400 2541 750 2606 coniungitur,
777 2544 877 2594 imo
906 2542 992 2594 illa
1014 2544 1078 2595 ab

84 2617 184 2670 hac
224 2623 328 2668 tota
378 2614 634 2682 dependet
658 2634 674 2679 3
736 2623 787 2669 et
844 2617 975 2685 quod
1026 2619 1075 2667 in

88 2689 434 2758 promovenda
462 2690 756 2742 moralitate
792 2691 877 2742 illa
906 2693 1079 2743 imme-

88 2765 226 2816 diate
250 2779 337 2830 per
361 2763 584 2828 regulas,
604 2780 731 2832 quas
752 2767 1074 2832 praescribit,

62 2856 69 2861 ·
87 2838 139 2891 id
169 2837 295 2890 baec
315 2837 536 2889 mediate
559 2853 649 2906 per
670 2839 930 2905 dogmata,
949 2857 1078 2909 quae

92 2912 266 2970 tradit,
293 2917 539 2979 praestat.

163 2986 217 3039 ἓ.
249 2985 315 3040 Ut
342 2985 576 3037 homines
602 2985 886 3053 perfectam
917 3003 1082 3040 mora-

92 3060 292 3114 litatem
317 3066 600 3118 sectentur,
646 3076 745 3112 non
775 3059 981 3122 sufficit,
1029 3071 1081 3114 ut

91 3149 271 3188 eorum
297 3134 589 3186 intellectus
618 3143 888 3203 praecepta
915 3151 1081 3189 mora-

92 3208 160 3261 lia
188 3216 491 3274 cognoscat3
522 3208 611 3260 sed
637 3225 846 3262 necesse
885 3218 982 3270 est,
1027 3219 1082 3262 ut.

0 3308 2 3316 ν
65 3283 251 3353 ,etiam
295 3298 475 3335 corum
525 3283 763 3335 voluntas
809 3285 1077 3351 pervalida

6 3378 12 3385 ·
95 3357 283 3415 motiva
312 3372 339 3408 a
375 3356 511 3408 malo
538 3357 907 3420 absterreatur‚
941 3366 991 3411 et
1018 3360 1079 3411 ad

95 3428 289 3482 bonum
344 3430 657 3499 impellatur.
714 3431 1082 3485 Deficientibus

96 3501 176 3557 his
213 3505 447 3569 motiviS‚
483 3506 720 3576 ,cognitio
765 3507 987 3569 steriliS,
1031 3515 1082 3562 et

1125 465 1436 516 validissima
1453 459 1504 518 et
1537 467 1888 522 efficacissima
1909 472 2111 525 morali-

1127 540 1245 590 tatis
1287 540 1483 592 motiva
1530 543 1788 608 proponit.
1832 543 1973 596 Talia
2006 561 2112 599 mo-

1126 613 1229 664 tiva
1259 620 1409 665 sunt:
1433 643 1508 653 --
1534 615 1672 667 Deus
1698 618 1750 668 in
1774 632 1828 668 se
1855 618 2113 686 perfectis-

1126 688 1307 746 simuS,
1327 694 1378 739 et
1403 690 1541 741 omni
1565 705 1739 746 amore
1758 690 2111 757 diguissimuS,

1130 760 1264 813 Deus
1311 777 1435 827 erga
1479 779 1572 815 nos
1618 765 2117 819 beneficentissimus

1130 842 1184 887 ut
1224 843 1448 898 creator,
1473 846 1807 891 conservator
1845 847 1898 892 et
1936 841 2120 904 guber-

1131 916 1297 970 nator,
1329 926 1391 962 ac
1420 913 1723 978 praesertim
1744 920 1800 966 ut
1829 914 2122 982 redemptor

1130 991 1179 1035 et
1206 985 1584 1048 sanctificator,
1630 993 1680 1039 et
1719 988 1941 1057 denique
1983 989 2121 1041 Deus

1129 1059 1442 1110 iustissimus
1470 1061 1646 1120 iudex,
1680 1063 1765 1130 qui
1796 1069 2007 1131 peccata
2036 1078 2123 1130 pu-

1132 1134 1245 1194 nit,
1300 1133 1521 1186 virtutes
1571 1142 1747 1189 autem
1800 1144 2119 1188 remunerat.

1131 1206 1446 1259 Gravissima
1503 1208 1629 1260 haec
1675 1218 1727 1262 et
1767 1211 2125 1262 efficacissima

1130 1281 1438 1333 moralitatis
1496 1284 1688 1336 motiva
1749 1285 1798 1335 in
1851 1284 2126 1352 Theologia

1132 1356 1420 1407 docimatica
1463 1364 1875 1423 pertractantur3
1908 1360 2009 1410 imo
2049 1374 2127 1410 re·

1132 1437 1179 1481 ct
1241 1430 1337 1481 dici
1370 1437 1553 1498 potest,
1598 1431 1732 1483 lianc
1761 1433 2032 1485 scientiam
2078 1432 2127 1483 in

1135 1505 1312 1555 iisdem
1355 1506 1561 1558 motivis
1601 1507 1943 1574 explicandiS‚
1988 1521 2126 1558 com-

1137 1578 1426 1644 probandis,
1479 1587 1530 1631 et
1576 1580 1843 1632 hominum
1889 1581 2131 1633 cordibus

1135 1654 1488 1719 imprimendis
1519 1660 1678 1706 totam
1718 1657 1977 1722 occupari.
2006 1655 2130 1718 Quis

1135 1743 1255 1791 ergo
1285 1733 1456 1795 neget,
1489 1728 1600 1778 eius
1628 1727 1908 1781 efficaciam
1936 1730 1986 1780 in
2018 1745 2122 1796 pro·
2166 1741 2171 1748 ·

1134 1802 1388 1852 movenda
1472 1803 1765 1854 moralitate
1848 1804 2129 1854 maximam

1135 1874 2126 1946 esse?—-ipsumApostotidictum(l):

1137 1949 1300 2000 Iustus
1326 1965 1388 2000 ex
1413 1949 1503 2016 fide
1539 1952 1668 2010 vivit,
1712 1951 1836 2002 satis
1876 1950 2014 2002 clare
2055 1951 2129 2002 in-

1139 2024 1268 2083 nuit,
1303 2024 1550 2074 veritates
1590 2025 1847 2076 revelatas
1888 2024 2131 2078 theoreti-

1137 2114 1224 2149 cas
1252 2098 1636 2163 cognoscendas
1664 2105 1713 2149 et
1742 2098 2026 2150 credendas
2052 2113 2130 2150 es-

1138 2188 1212 2231 se,
1246 2179 1302 2223 ut
1330 2173 1522 2223 iustitia
1563 2172 1805 2234 obtineri,
1836 2180 1887 2225 et
1914 2173 2019 2225 vita
2049 2188 2129 2224 re·

1139 2253 1220 2297 cte
1261 2247 1459 2298 institui
1506 2247 1681 2313 possit.
1729 2246 1969 2299 Graviter
2011 2262 2131 2314 ergo

1140 2328 1348 2378 errant,
1399 2320 1484 2388 qui
1530 2321 1840 2373 moralitatis
1894 2327 2132 2388 respectu

1139 2394 1471 2461 Theologiam
1548 2396 1830 2463 practicam
1905 2396 2132 2446 maxime

1141 2469 1524 2528 commendant,
1555 2475 1607 2520 et
1635 2468 1980 2536 dogmaticam
2021 2467 2133 2519 vili-

1143 2544 1393 2610 pendunt,
1430 2558 1548 2594 cum
1574 2559 1602 2595 e
1628 2551 1807 2595 contra
1849 2542 2134 2594 rectissime

1142 2618 1311 2676 dicatu
1321 2635 1363 2676 r,
1378 2617 1612 2684 neglecta
1629 2617 1904 2684 Tlieologia
1931 2616 2135 2684 dogma-

1142 2693 1271 2754 tica,
1328 2692 1392 2744 de
1442 2693 1580 2744 omni
1628 2691 1922 2745 moralitate-
1961 2696 2133 2744 actum

1142 2782 1273 2819 esse.

1551 2882 1589 2941 ς
1619 2883 1710 2928 ze.

1613 2986 1673 3042 V.

1282 3076 1481 3111 Necessitas
1505 3074 1584 3109 eius
1611 3074 1734 3110 studio
1759 3073 1998 3111 incumbenti!

1461 3139 1516 3169 est
1540 3134 1818 3178 urgentissima.

1216 3211 1539 3271 Sacerdote&
1571 3212 1656 3280 qui
1685 3212 1747 3264 ad
1772 3209 2138 3264 instruendum

1148 3286 1390 3352 populum
1419 3293 1693 3346 vocantur,
1737 3285 1951 3344 claram,
2003 3298 2139 3335 com-

1148 3359 1337 3426 pletam
1374 3375 1435 3412 ac
1489 3360 1706 3412 solidam
1745 3357 2022 3425 Religionis
2062 3372 2139 3408 re-

1147 3433 1345 3484 velatae
1399 3434 1747 3502 cognitionem
1794 3433 1890 3486 sibi
1935 3445 2138 3500 compa-

1190 3534 1242 3579 (ι)
1266 3535 1341 3572 Gai.
1370 3534 1406 3580 3,
1431 3536 1487 3574 11.
