2332 3860
106 19 111 21 ,
136 5 161 13 Α-
190 11 195 16 ⁷
254 4 257 5 V
279 0 282 3 ⁷

0 44 19 56 ν’»
124 40 140 49 -“
219 55 221 57 .

98 73 118 94 s<
217 70 228 83 θ

11 95 14 98 .
105 93 112 102 1
135 108 138 113 Ι
200 103 203 106 ⁴

14 112 38 122 ,v
139 112 142 114 ,
198 113 202 115 .

21 132 134 222 g!

61 175 80 190 ο,
135 176 142 184 .

31 219 35 224 ⁷
68 202 80 210 -

30 277 280 365 'seffis
320 287 539 360 MoysiS,
582 290 853 346 historiam
895 292 1081 360 primo-

45 366 234 422 ruffi
246 361 510 418 hominum
551 365 664 417 rudi
706 362 892 450 populo
930 367 1085 420 israe-

33 439 232 517 litieo
262 439 594 502 enarrantis3
639 455 739 508 qua
780 441 829 492 in
872 455 927 492 re
965 440 1085 493 sim-

33 494 212 590 plioi
252 511 389 575 stilo,
434 518 487 565 et
547 512 659 564 sine
721 513 1083 581 allegoriarum

42 584 358 641 involucro
397 586 777 655 procedendum
801 593 930 647 erat,
951 588 1083 655 quod

93 667 143 715 et
181 668 354 728 aperte
395 661 647 729 praestitit
687 661 911 729 MoyseS‚
936 668 1086 745 prout

93 733 183 804 ipsi
224 748 322 787 non
365 734 529 787 solum
571 740 628 786 ut
675 736 898 801 ingenuo
962 737 1086 788 scri-

28 975 49 1012 :
94 970 215 1011 suae
280 922 664 1009 convenerat?

37 806 222 879 ptori
263 807 522 868 historice,
566 808 653 860 sed
696 809 856 861 multo
898 811 1078 876 magis,

91 889 147 936 ut
209 881 399 934 doctori
467 888 518 934 et
584 881 860 951 legizslitori
916 885 1086 950 gentis

708 958 864 1024 ipsius
930 958 1087 1025 igitur

47 1072 65 1099 ἱ,
94 1031 318 1084 narratio
358 1030 657 1099 simpliciter
696 1047 786 1083 seu
856 1031 1087 1083 litterali-

42 1100 189 1171 ]ter,
236 1114 285 1157 et
320 1120 420 1156 non
463 1102 737 1172 allegorice
778 1112 855 1157 est
905 1107 1088 1157 intelli·

43 1198 57 1202 ⁴⁷
91 1178 279 1247 genda.
326 1178 573 1246 Equidem
615 1179 655 1229 si
679 1185 778 1230 tam
802 1181 1082 1247 simplicem

24 1279 41 1304 .·
91 1259 141 1305 et
201 1254 522 1320 perspicuam
583 1254 930 1306 narrationem
997 1270 1086 1322 pro

90 1326 233 1379 libitu
274 1325 547 1392 allegorice
587 1342 846 1394 exponere
878 1328 1081 1388 liceret„

49 1423 51 1428 ·
93 1400 260 1455 omnia
302 1399 356 1451 S.
399 1401 695 1468 Scripturae
738 1401 846 1453 loca
890 1403 937 1453 in
966 1418 1086 1453 sen·

92 1711 126 1749 a
163 1694 353 1763 Spiritu
395 1695 583 1748 Sancto
635 1699 929 1758 intentum,

91 1490 151 1528 su
187 1475 466 1559 improprio
507 1475 668 1534 sumi,
713 1482 763 1526 et
817 1491 904 1543 pei
962 1477 1083 1527 alle—

89 1549 259 1617 gorias
281 1549 489 1616 exponi,
510 1564 599 1599 seu
632 1550 797 1633 potius
826 1552 1080 1617 corrumpi

91 1628 317 1692 possent,
361 1629 411 1673 et
451 1629 575 1678 tunc
617 1639 720 1674 non
744 1625 843 1675 iam
878 1641 1083 1676 sensum

998 1701 1083 1750 sed

96 1771 267 1822 inania
293 1770 739 1822 effervescentium
765 1773 1086 1839 ingeniorum

95 1850 382 1898 commenta
428 1844 750 1896 haberemus.

166 1917 315 1971 Nota.
362 1916 454 1979 Qui
500 1921 844 1973 narrationem
905 1922 1086 1972 mosai-

38 1999 58 2061 f
94 2007 207 2046 cam
248 1993 311 2044 de
353 1999 771 2060 protoparentum
818 1996 958 2062 lapsu
1009 1996 1087 2047 lit-

98 2066 329 2120 teraliter
369 2067 660 2135 intelligere
703 2077 964 2130 recusant,
1000 2085 1087 2137 pro

97 2141 412 2208 expositione
477 2142 752 2221 allegorica
816 2151 1087 2213 sequentes

43 2270 45 2272 ,
92 2217 318 2268 rationes
362 2206 640 2282 prosernn't.

123 2289 284 2342 ‘obal
328 2289 376 2340 l.
385 2296 409 2321 ὃ
437 2291 598 2340 Cum
589 2306 637 2341 in
671 2291 844 2343 mundi
878 2292 1088 2359 primor-

101 2361 194 2415 diis
237 2364 436 2415 litterae
479 2364 700 2415 nondum
747 2368 982 2417 inventae
1012 2383 1088 2417 es·

23 2492 65 2507 7-
103 2444 236 2496 sent,
282 2439 412 2489 taeta
454 2446 738 2490 memoratu
781 2441 933 2505 digna
984 2440 1090 2491 hie-

32 2564 39 2567 ,
103 2510 401 2579 r'oglypbico
467 2514 615 2563 modo
679 2515 1084 2581 repraesentari,

102 2589 152 2636 et
189 2586 577 2637 admemoriam
606 2596 920 2654 posterorum
954 2597 1089 2640 tran-

101 2659 257 2711 smitti
299 2668 697 2713 consueverunt.
741 2662 903 2714 Simili
944 2664 1090 2715 modo

57 2773 63 2780 .
101 2734 381 2801 primorum
413 2733 675 2786 hominum
706 2745 971 2804 peceatum
1005 2755 1090 2806 per

45 2827 52 2830 ·
101 2805 296 2872 figuras
335 2807 694 2861 adumbratum
758 2811 869 2870 fuit,
914 2814 978 2862 ita
1036 2820 1089 2863 ut

30 2875 60 2939 ζ
106 2895 197 2948 per
226 2880 470 2933 arborem
515 2882 615 2941 lex,
662 2898 751 2950 per
800 2892 1088 2952 serpentem

0 2955 68 3011 32¹·
106 2955 342 3013 tentati0,
388 2971 477 3022 per
529 2959 892 3009 comestionem
947 2963 1089 3011 vetiti

102 3025 298 3079 fruetus
327 3036 592 3096 peceatum
622 3031 938 3097 indigitetur,
970 3036 1088 3102 quin

56 3098 274 3153 tamen
317 3102 413 3156 dici
457 3105 631 3171 possit,
678 3121 766 3172 per
806 3106 932 3159 haee
959 3125 1016 3178 sy
1025 3125 1093 3159 m-

48 3171 218 3226 bola
260 3175 420 3243 ipsam
460 3178 757 3246 qualitatem
789 3183 982 3247 peccati
1011 3184 1093 3235 (le-

53 3238 428 3319 terminatam
472 3251 644 3303 fuisse
690 3252 890 3323 Moyses
917 3264 1090 3309 autem

60 3314 185 3379 vi‹l‚'
219 3322 350 3390 ‘quod
402 3324 452 3376 in
510 3325 688 3391 figuris
738 3338 1092 3397 repraesenta-

63 3390 281 3457 batur,
312 3395 450 3471 iuxta
479 3402 688 3466 genium
721 3403 887 3470 populi
912 3404 1088 3457 inculti

45 3462 291 3526 litteris
327 3454 608 3534 mandavit,
640 3482 697 3527 ut
717 3477 901 3530 saltem
921 3478 1090 3535 aliuua

708 135 828 175 ems
866 136 919 176 n.
961 135 1127 176 sacrm
1165 137 1204 179 1.
1248 136 1405 176 mrum·
1441 137 1511 177 iv.

129 213 220 286 2
235 215 472 285 teipsum
501 215 774 278 confirmat
808 216 1007 271 indoles
1033 224 1084 271 et
1145 217 1209 271 de
1266 217 1421 274 fatis
1449 220 1868 288 protoparentum
1920 220 2144 326 cognitio

1953 98 2066 178 aas

1146 292 1441 346 haberetur.

1220 364 1359 436 Hesp.
1403 364 1513 421 Non
1541 359 1666 418 satis
1690 371 1896 419 constat
1927 367 1990 420 de
2017 375 2142 423 tem-

1148 456 1268 509 pore
1311 446 1363 493 et
1414 439 1545 500 loeo,
1599 455 1700 509 quo
1756 440 2142 513 hieroglyphiea

1148 520 1327 566 exorta
1367 519 1525 577 sunt3
1568 520 1619 565 et
1666 514 1707 566 si
1760 529 1846 566 ars
1893 516 2143 584 pingendi

1147 594 1199 640 et
1237 587 1504 656 sculpendi
1546 588 1710 656 magis
1767 588 1980 657 antiqua
2039 598 2143 642 sta-

1150 662 1332 722 tuitur,
1375 677 1530 730 quam
1572 677 1657 713 ars
1716 662 1994 723 scribendi,
2058 679 2144 732 po-

1149 741 1320 788 terant
1384 751 1476 803 per
1528 734 1666 787 illam
1721 736 1857 789 faeta
1909 737 2143 790 exhiberi

1149 810 1315 877 prouti
1357 810 1704 876 contigerunt,
1748 826 1866 865 eum
1913 811 2142 864 eiusdem

1148 884 1347 936 indoles
1386 901 1446 936 eo
1500 884 1697 945 tendat,
1756 890 1832 947 ut,
1889 893 2142 954 quantum

1147 958 1255 1009 fieri
1317 964 1502 1025 potest,
1562 959 1868 1012 naturaliter
1926 975 2007 1012 res
2065 977 2143 1012 re·

1151 1039 1561 1098 praesententur.
1585 1032 1760 1100 ltaque
1782 1034 1821 1085 si
1853 1034 2144 1101 praedictae

1149 1106 1342 1158 formae
1405 1106 1854 1175 hieroglyphicum
1925 1109 2093 1161 extitit
2129 1148 2141 1168 ‚

1148 1180 1282 1247 quod
1324 1188 1495 1232 tamen
1539 1197 1689 1232 nemo
1731 1182 1984 1249 probavit,
2042 1198 2143 1234 non

1151 1255 1266 1306 inde
1307 1256 1540 1322 sequitur
1578 1255 1877 1323 allegoriam
1925 1256 1996 1307 illi
2026 1257 2144 1308 sub-

1149 1344 1280 1389 esse,
1325 1330 1412 1379 sed
1459 1329 1627 1396 potius
1667 1330 1992 1381 inserendum
2039 1336 2138 1390 est,

1150 1410 1535 1470 protoparentes
1576 1419 1697 1454 vere
1740 1420 1829 1471 per
1875 1405 2144 1458 comestio-

1150 1493 1263 1528 nem
1307 1479 1446 1528 vetiti
1509 1477 1703 1529 fruetus
1771 1494 2028 1546 peccasse.
2073 1508 2145 1518 --

1152 1551 1305 1602 Porro
1346 1560 1542 1604 eertum
1586 1555 1792 1604 omnino
1834 1560 1930 1612 est,
1964 1554 2013 1605 in
2045 1555 2144 1622 pri-

1151 1626 1245 1676 mis
1288 1627 1460 1677 mundi
1506 1627 1839 1694 temporibuS,
1884 1628 2144 1680 sieutido-

1150 1707 1387 1752 cumenta
1423 1700 1536 1752 fidei
1569 1709 1617 1752 et
1640 1716 1861 1762 morum,
1896 1703 1963 1754 ita
1986 1703 2141 1757 etiam

1151 1777 1321 1839 magni
1365 1767 1607 1828 mdmenti
1651 1776 1782 1827 facta
1840 1791 1929 1843 per
1989 1777 2145 1828 tradi-

1152 1850 1374 1907 tionem,
1420 1849 1482 1899 ad
1552 1856 1778 1916 posteros
1843 1852 2141 1903 transmissa

1150 1922 1478 1991 fuiss(².s]uae
1501 1923 1564 1974 ob
1607 1923 1876 1989 longevam
1922 1923 2144 1976 Patriar-

1150 1997 1362 2047 eharum
1434 1998 1588 2049 vitam
1659 2014 1755 2051 non
1826 2005 1932 2050 tam
1995 1999 2143 2052 facile

1151 2073 1409 2139 eorrumpi
1458 2079 1672 2138 poterat.
1719 2071 1780 2123 Et
1820 2074 1861 2124 si
1902 2080 2142 2142 corrupta

1154 2147 1353 2207 fuisset,
1413 2146 1621 2214 Moyses
1662 2152 1870 2208 tamen,
1926 2150 2143 2215 scriptor

1153 2220 1551 2287 hagiographos,
1600 2220 1740 2271 nullo
1784 2222 1931 2273 modo
1979 2223 2142 2289 potuit

1151 2296 1374 2361 spuriam
1419 2295 1741 2346 traditionem
1769 2312 1856 2360 pro
1880 2311 1996 2346 vera
2031 2312 2142 2363 pro-

1154 2385 1361 2436 ponere,
1408 2370 1493 2419 sed
1536 2368 1754 2436 Spiritus
1794 2369 2014 2421 Sanetus
2053 2377 2143 2423 aut

1152 2459 1207 2493 ea
1252 2459 1382 2510 quae
1423 2443 1471 2493 in
1506 2443 1791 2509 primordiis
1823 2444 1996 2495 mundi
2022 2459 2145 2496 con-

1152 2519 1398 2585 tigerunt,
1434 2518 1522 2584 ipsi
1554 2517 1845 2569 immediate
1870 2518 2143 2584 revelavit,

1152 2599 1239 2642 aut
1280 2597 1421 2642 certe
1460 2593 1529 2642 ita
1558 2607 1676 2642 eum
1699 2592 1907 2654 direxit,
1934 2600 1990 2645 ut
2019 2609 2143 2650 non·

1153 2667 1246 2716 nisi
1291 2682 1409 2717 vera
1456 2672 1706 2717 narraret.

1227 2739 1332 2791 Obi.
1391 2740 1470 2791 ΞΒ
1499 2740 1667 2806 lpsum
1711 2755 1894 2792 nomen
1948 2741 2143 2794 arboris

1153 2816 1396 2866 scientiae
1420 2815 1533 2866 honi
1558 2823 1606 2866 et
1632 2814 1748 2866 mali
1775 2814 2009 2883 mythum
2034 2832 2144 2885 pro-

1154 2889 1254 2951 dit3
1302 2905 1398 2939 non
1452 2896 1615 2956 potest
1650 2891 1786 2940 enim
1829 2890 2024 2956 lignum
2056 2891 2144 2944 ho-

1156 2964 1275 3014 mini
1320 2964 1586 3014 seientiam
1632 2963 1876 3016 tribuere.
1916 2965 1955 3018 A
1986 2981 2142 3017 sensu

1158 3037 1361 3089 litterali
1388 3038 1729 3090 recedendum
1760 3054 1892 3100 esse,
1924 3040 2143 3092 suadent

1154 3114 1306 3161 etiam
1350 3128 1428 3169 ea,
1461 3127 1590 3180 quae
1631 3110 1760 3163 Gen.
1814 3112 1900 3169 ΙΙΙ,
1959 3113 2013 3172 8,
2070 3114 2139 3166 le-

1154 3191 1346 3246 guntur
1386 3185 1447 3236 de
1489 3201 1612 3236 voce
1639 3185 1835 3239 Domini
1860 3182 1954 3239 Dei
1972 3188 2142 3240 deam·-

1154 3258 1364 3309 balcmtis
1405 3260 1454 3310 in
1490 3259 1722 3328 paradiso
1748 3262 1812 3313 ad
1838 3278 2012 3313 auram
2034 3269 2140 3328 posi

1151 3333 1432 3384 meridiem.-
1474 3332 1600 3386 haec
1640 3338 1776 3387 enim
1805 3342 2019 3387 naturae
2048 3335 2138 3386 Dei

1152 3407 1366 3472 simplici
1408 3405 1456 3459 et
1495 3408 1776 3461 immensae
1834 3416 2008 3477 aperte
2062 3423 2139 3460 re-

1150 3487 1403 3545 pugnant,
1446 3483 1486 3535 si
1527 3483 1577 3534 in
1618 3499 1772 3536 sensu
1814 3481 2019 3535 littorali
2054 3497 2133 3534 su·
