2332 3860
715 151 854 195 “PARS
887 155 944 195 11.

978 155 1150 194 SEG'rlo
1181 156 1224 193 1.
1266 152 1375 192 cAt’.
1416 150 1490 190 111

1957 147 2054 200 257

87 240 216 301 vari
230 203 440 305 debona
484 252 650 308 neque
677 239 854 307 negari
885 243 1069 322 potest,
1135 236 1296 307 olor-ia
1333 241 1386 288 et
1405 230 1700 287 beatitudine
1725 236 2004 286 eorundem
2033 232 2130 337 dis·

85 315 501 389 omnipotentiam
529 280 775 366 divinam⁰
785 313 898 366 illos
919 312 1073 364 etiam

81 391 366 465 annihilare
390 404 554 457 posse
585 386 637 440 Si
667 403 789 454 ergo
810 403 1072 457 nunquam

82 462 195 520 esse
217 465 476 530 desinunt,
517 462 775 514 liberrimo
803 461 852 513 id
897 462 1075 514 volun-

83 541 200 597 tatis
246 538 449 590 divinae
488 537 732 599 decret0‚
795 551 886 589 seu
933 536 1073 588 boni·

39 651 43 657 -
83 614 170 668 tati
198 612 287 665 Dei
315 611 709 664 adscribendum
750 616 845 662 est.
891 609 948 662 In
977 610 1073 662 hoc

80 696 232 742 sensu
261 685 437 740 Patres
465 685 706 738 hincinde
735 685 931 737 dicunt.
965 686 1074 735 An-

40 823 42 826 ·
81 763 220 831 gelos
259 776 359 813 non
403 766 607 821 natura,
652 758 741 811 sed
781 761 946 823 gratia
982 757 1071 811 Dei

82 833 398 889 immortales
434 849 564 887 esse.
624 833 726 886 Sic.
773 833 829 886 S.
871 832 1071 885 Ambro-

81 905 181 962 sius
210 907 282 978 (l)
313 911 422 961 ait:
471 929 496 958 «
529 908 700 977 Neque
728 906 957 974 Angelus
985 910 1074 958 im-

83 983 313 1036 mortalis
346 991 423 1036 est
451 984 774 1042 naturaliter,
811 983 956 1034 cuius
984 983 1074 1033 im-

82 1056 364 1110 mortalitas
406 1058 454 1109 in
500 1060 763 1109 voluntate
805 1064 880 1108 est
920 1056 1071 1108 Crea-

80 1131 218 1185 toriS.
238 1151 263 1179 »
307 1131 356 1184 S.
387 1131 458 1184 Io,
489 1132 819 1184 Damascenus
847 1129 923 1201 (ΕΞ)
954 1133 1074 1183 scri-

63 1206 171 1260 tiit:
208 1224 233 1254 «
266 1205 576 1259 Immortalis
608 1214 685 1258 est
711 1205 942 1273 Angelus
971 1223 1069 1258 non

44 1337 46 1341 μ
81 1285 284 1341 natura,
329 1281 415 1332 sed
445 1282 629 1345 gratia:
671 1297 789 1332 nam
830 1281 1070 1349 quidquid

83 1354 283 1407 initium
315 1354 513 1417 habuit,
545 1363 596 1407 et
624 1355 857 1407 desinere
890 1363 1072 1423 suapte

36 1459 41 1482 ,-
80 1434 260 1481 natura
306 1437 487 1495 potest.
524 1449 550 1478 »
594 1428 673 1482 Ss.
709 1430 883 1481 Patres
915 1431 960 1481 in
997 1431 1072 1482 his

82 1510 130 1556 et
170 1503 419 1556 similibus
462 1503 583 1556 locis
637 1504 1070 1556 immortalitatem

33 1599 38 1608 ¹
84 1577 392 1643 Angelorum
422 1594 520 1630 non
552 1585 763 1644 negant,
794 1578 882 1630 sed
909 1581 1072 1645 potius

35 1662 42 1670 ’
82 1659 427 1721 propugnant,
459 1669 517 1704 ac
547 1661 741 1704 tantum
767 1670 794 1704 a
823 1653 932 1705 Deo
954 1670 1072 1706 con-

83 1741 276 1778 cessam
306 1733 357 1779 et
386 1735 741 1780 conservatam
774 1730 1066 1781 adstruunt.

41 1842 44 1847 .
82 1796 236 1853 Recte
269 1816 391 1869 ergo
431 1801 562 1853 inter
603 1801 744 1853 dotes
787 1802 1067 1864 naturaleS,

81 1871 289 1941 Angelis
335 1891 364 1927 a
411 1875 773 1943 benignissimo
832 1874 1071 1930 Creatore

25 2007 27 2010 Α
80 1963 385 2011 concessaS‚
448 1951 599 2004 etiam
659 1950 936 2003 eorundem
980 1954 1071 2003 im·

82 2023 363 2076 mortalitas
439 2040 529 2077 seu
620 2026 1072 2093 incorruptibilitas

82 2105 503 2162 connumeratur,
550 2100 598 2151 vi
642 2101 784 2152 cuius
828 2102 1071 2154 naturali·

81 2178 160 2226 ter
199 2173 421 2225 existere
461 2190 559 2226 non
603 2174 842 2228 desinunt
883 2174 980 2247 (5).

471 2289 509 2347 ς
548 2289 681 2335 us.

86 2432 88 2434 v
147 2378 201 2413 De
222 2377 371 2413 dotibus
395 2379 622 2422 Angelorum
647 2381 1003 2425 supernaturalibus.

155 2466 363 2522 Certum
404 2477 519 2532 est,-
539 2477 730 2526 statum
759 2472 1074 2542 Angelorum

84 2544 527 2612 supernaturalem
597 2562 695 2599 non
755 2563 819 2600 ex
865 2550 1074 2601 rationis

26 2647 47 2661 Ἰ-
85 2618 342 2686 principiis
381 2619 660 2683 enucleari,
703 2622 790 2674 sed
820 2623 986 2675 solum
1008 2640 1072 2676 ex

84 2692 396 2745 revelatione
423 2695 596 2748 divina
636 2698 874 2764 cognosci
905 2714 1069 2766 posse3

33 2792 45 2821 ς
85 2780 215 2836 quae
267 2767 403 2820 circa
460 2769 607 2822 illum
646 2771 759 2823 ideo
804 2774 1075 2841 praecipue

88 2840 339 2894 nonnulla
391 2843 664 2911 patefecit,

14 2939 50 3030 :1-

723 2853 780 2898 ut
828 2847 1070 2910 sciamuS,

17 2915 348 2979 &undenam
421 2916 693 2970 discrimen
759 2919 1075 2987 Angelorum

85 2986 336 3045 'honorum
379 2998 431 3044 et
460 2984 710 3045 malorum
742 2996 1075 3062 repetendum

34 3062 173 3117 eit.
211 3064 323 3133 lpsa
350 3081 473 3135 ergo
500 3067 810 3121 revelatione
838 3070 988 3132 duce,
1023 3073 1079 3123 1⁰

25 3110 159 3207 ⁷110*
199 3140 362 3208 qratia
412 3141 646 3194 omnibus
703 3142 912 3211 Angelis
964 3161 1080 3198 con-

87 3220 255 3275 cessa,
287 3211 347 3265 2⁰
371 3215 428 3268 de
453 3218 625 3268 merito
652 3215 1079 3285 Angelorum2bo-

20 3289 42 3298 ”
46 3298 313 3356 norum,
352 3295 404 3342 et
441 3286 498 3341 5⁰
541 3290 597 3344 de
633 3293 854 3360 praemio
896 3310 987 3347 seu
1025 3295 1082 3348 de

13 3422 45 3513 3

9 3543 55 3720 ᾗ

0 3707 226 3860 t

143 3442 602 3530 ἱέξίῐξιθτᾱε-,Ηῆᾱεοὲ
782 3451 1074 3495 (2)1.2‚..c5

328 3493 480 3536 ournely
501 3495 546 3529 de
570 3496 658 3538 Ang.
683 3505 718 3540 q.
745 3495 779 3532 2.
816 3499 892 3532 Art.
928 3479 961 3534 2’.
1000 3499 1085 3534 Die-

101 3531 231 3576 ringer
253 3532 278 3578 5
301 3534 356 3576 35,
381 3545 417 3571 n
442 3538 476 3580 3,
500 3547 583 3582 pag.
610 3539 687 3582 210,
710 3545 778 3576 ete.

242 3618 388 3674 Knoll,
423 3621 567 3668 Theoi.
602 3625 764 3682 Doam
809 3648 853 3658 -
892 3623 988 3674 Vet..
1027 3628 1046 3671 t

1137 310 1414 366 serendum
1454 315 1552 362 est.

1530 462 1570 519 3:
1600 461 1740 508 ue.

1391 566 1459 611 {De
1483 566 1599 611 gratia
1622 567 1859 610 Angelorum.

1209 681 1436 751 Angelos
1480 696 1660 735 omnes
1699 681 1764 734 ab
1804 681 1946 734 initio
1987 686 2039 736 et
2078 682 2127 735 in

1135 757 1347 808 instanti
1404 771 1528 808 suae
1587 757 1860 809 creationis
1910 758 2131 825 gratiam

1135 831 1564 892 sanctificantem,
1615 838 1769 899 atque
1823 829 1933 890 ideo
1991 832 2133 883 iusti-

1136 908 1260 958 tiam
1301 913 1350 958 et
1390 906 1716 958 sanctitatem
1745 906 2027 974 accepisse,
2053 909 2138 957 sat

1134 980 1294 1032 solida
1318 988 1623 1048 argumenta
1648 981 1911 1034 evincunt.
1941 979 1993 1050 a)
2017 979 2136 1047 Ipsa

1135 1053 1187 1108 S.
1233 1054 1496 1123 Scriptura
1524 1056 1574 1107 id
1613 1055 1750 1107 haud
1790 1056 2008 1108 obscure
2045 1054 2136 1107 do-

1135 1136 1234 1181 cet.
1279 1131 1407 1183 Nam
1450 1129 1578 1183 Gen.
1630 1129 1668 1196 1,
1720 1130 1784 1182 51
1815 1170 1828 1190 ‚
1893 1129 2132 1197 legitur:

1144 1204 1272 1255 Vidit
1312 1205 1440 1256 Deus
1481 1213 1651 1257 cuncta
1691 1220 1813 1271 quae
1850 1204 2055 1271 fecerat,
2090 1213 2135 1257 et

1134 1287 1272 1330 erant
1311 1279 1440 1331 valde
1481 1278 1640 1330 bona:
1687 1294 1807 1346 ergo
1847 1281 2000 1331 etiarn
2031 1316 2046 1331 .
2082 1296 2135 1331 n-

1135 1353 1255 1418 geli,
1300 1370 1425 1422 quos
1467 1370 1642 1406 omnes
1684 1353 1819 1406 Deus
1859 1370 1925 1405 ex
1967 1354 2128 1406 nihilo

1137 1428 1397 1495 produxit,
1430 1435 1576 1480 erant
1617 1428 1768 1480 valde
1810 1429 1962 1480 bonit.
1995 1428 2128 1481 tales

1139 1517 1258 1554 vero
1299 1503 1397 1561 dici
1441 1520 1537 1556 non
1566 1504 1861 1570 potuissent,
1892 1504 1933 1554 si
1962 1505 2128 1569 gratia

1135 1577 1490 1630 sanctificante
1514 1578 1693 1645 privati
1711 1578 1774 1629 ad
1802 1579 1955 1629 finem
1976 1594 2129 1631 suum

1135 1653 1577 1719 supernaturalem
1600 1652 1934 1705 obtinendum
1957 1653 2126 1706 idonei

1136 1726 1272 1778 haud
1311 1728 1616 1779 extitissent.
1663 1727 1806 1779 Sicut
1834 1743 1978 1795 „ergo
2017 1743 2129 1780 cae-

1138 1808 1274 1852 terae
1315 1809 1583 1854 creaturae
1611 1801 1761 1853 valde
1787 1802 1952 1854 honae
1982 1818 2126 1870 prae-

1135 1875 1400 1938 dicantur,
1445 1878 1563 1945 quia
1613 1875 1739 1927 ideis
1772 1875 1959 1928 divinis
2012 1892 2128 1928 con-

1136 1949 1320 2002 formes
1352 1990 1364 2011 ,
1408 1957 1458 2002 et
1509 1950 1572 2001 ad
1631 1949 1757 2003 fines
1796 1966 1825 2002 a
1866 1952 2128 2018 sapientis·
2202 1989 2206 1991 μ

1134 2025 1261 2076 simo
1301 2023 1574 2077 Conditore
1613 2025 1706 2077 sibi
1758 2025 2012 2093 praefixos
2041 2027 2127 2079 ob-

1136 2100 1371 2151 tinendos
1410 2102 1599 2168 optime
1638 2099 1902 2152 ordinatae
1954 2108 2122 2163 erant,

1135 2174 1204 2226 ita
1261 2175 1416 2226 etiam
1457 2174 1519 2226 de
1576 2174 1787 2241 Angelis
1852 2175 2125 2228 dicendum

1135 2256 1233 2310 est,
1263 2250 1397 2316 ipsos
1426 2249 1574 2301 valde
1616 2250 1772 2301 bonos
1800 2248 1975 2311 fuisse,
2006 2251 2127 2319 quia

1135 2325 1299 2390 gratia
1347 2323 1517 2375 divina
1565 2326 1634 2375 ita
1675 2323 1840 2375 ornati
1895 2324 2121 2386 fuerunt,

1138 2405 1192 2449 ut
1230 2398 1384 2449 finem
1407 2414 1558 2449 suum
1579 2398 2023 2464 supernaturalem
2046 2414 2126 2451 as-

1135 2474 1275 2541 sequi
1308 2473 1606 2540 potuissent.
1641 2471 1862 2539 idipsum
1893 2473 2126 2525 Christus

1136 2548 1324 2608 innuit,
1349 2547 1472 2599 dum
1500 2547 1563 2599 de
1585 2546 1784 2599 diabolo
1811 2547 1952 2599 dicit:
1985 2548 2037 2599 in
2058 2562 2128 2601 oe-

1135 2622 1278 2674 ritoee
1317 2638 1414 2673 non
1440 2623 1568 2674 stelit
1597 2620 1695 2692 (ll):
1729 2637 1818 2690 per
1853 2622 2126 2675 veritatem

1137 2696 1436 2765 intelligitur
1474 2712 1597 2749 vera
1654 2697 1783 2748 ratio
1841 2694 2004 2748 Deum
2043 2711 2126 2749 co-

1138 2770 1293 2832 lendi,
1337 2787 1428 2824 seu
1468 2770 1720 2824 rectitudo
1754 2769 2049 2823 intellectus
2075 2778 2127 2823 et

1138 2846 1439 2907 voluntatiS‚
1484 2847 1533 2898 vi
1573 2846 1720 2898 cuius
1773 2846 1981 2913 spiritus
2022 2845 2135 2898 Deo

1141 2923 1336 2983 unitur,
1380 2921 1632 2990 huiusque
1674 2920 1842 2987 imago
1882 2919 2015 2973 effici
2048 2932 2130 2970 ur.

1138 2995 1254 3048 Fuit
1297 3011 1419 3062 ergo
1456 2993 1730 3064 aliquando
1765 2995 1921 3048 etiam
1958 2994 2136 3062 Ange-

1140 3069 1220 3122 lus
1260 3069 1424 3123 malus
1464 3071 1515 3121 in
1553 3070 1771 3130 veritato,
1818 3084 1912 3123 seu
1954 3069 1988 3122 h
2027 3067 2138 3138 brit

1140 3146 1358 3212 gratiam
1434 3143 1890 3197 sanctificantem..
1939 3143 2139 3196 Idcirco

1142 3219 1292 3271 ludas
1313 3219 1434 3270 dicit
1462 3218 1535 3270 de¹
1560 3218 1773 3288 Angelis
1810 3217 1981 3272 malis:
2024 3215 2142 3269 Nm

1142 3300 1455 3346 servaverunt
1481 3296 1623 3346 suum
1645 3295 1984 3363 principatum
2008 3309 2031 3354 ‚-
2058 3290 2143 3342 sec?

1144 3368 1506 3435 dereliquerunt
1533 3385 1680 3421 suum
1709 3367 2015 3421 domicilium
2037 3372 2090 3422 (5
2105 3377 2143 3419 i‘.

1145 3443 1328 3511 quibus
1369 3443 1537 3496 verbis
1575 3442 1852 3510 Apostolus
1899 3454 2151 3507 maguam
2230 3461 2231 3464 ¹

1189 3542 1242 3587 (4)
1266 3543 1318 3579 lo.
1345 3541 1377 3578 8.
1403 3543 1443 3579 46
1459 3567 1475 3575 μ
1737 3543 1791 3586 (t)
1814 3543 1879 3587 Bp.
1900 3541 1985 3578 Can.
2038 3555 2073 3580 o„
2096 3541 2132 3575 5-

1958 3618 2016 3669 17
