2332 3860
735 192 854 229 mus
891 193 927 230 1.
968 191 1133 230 sacrm
1172 192 1208 229 1.
1254 191 1408 231 CAPUT
1446 193 1501 231 ΙΙ.

85 275 488 335 actu-consistit,
517 279 572 326 et
596 273 907 326 successioni
950 279 1077 325 tem·

87 350 224 418 poris
251 347 393 403 nullo
420 345 571 400 modo
598 347 829 400 subiecta
869 353 968 408 est,
998 353 1078 398 at-

0 431 2 437 ’
84 438 183 492 que
234 421 347 478 ideo
385 437 488 481 non
530 427 699 488 potest
738 419 984 487 distingui
1023 421 1075 471 in

87 511 186 548 uno
213 494 425 547 instanti
447 493 739 562 quiescens,
766 501 818 545 et
839 494 890 544 in
914 493 1077 546 altero

84 584 263 640 agenS,
289 567 376 620 sed
401 568 451 619 in
476 567 583 618 Deo
605 566 846 619 voluntas
868 574 946 619 est
968 567 1074 634 ipsa

87 641 282 702 volitio‚
312 656 404 692 seu
435 641 543 708 ipse
569 647 718 692 actus
746 647 988 692 aeternus
1025 646 1078 690 et

83 713 444 774 immutabilis,
486 713 551 765 ab
590 714 701 766 eius
739 712 946 772 effectu,
990 713 1074 779 qui

83 788 392 854 intempore
432 786 717 854 contingit,
761 788 966 853 penitus
1006 786 1078 835 di-

0 873 2 882 *
83 861 318 912 stinctuS.
363 860 596 927 Denique
654 860 787 911 sicut
846 859 983 911 Deus
1023 859 1072 909 in

83 935 326 986 continua
355 933 647 1001 praesentia
675 934 873 994 existit,
918 932 986 983 ita
1028 948 1078 983 o-

30 1039 36 1045 ·
84 1008 221 1058 mnia
249 1009 418 1059 inuna
440 1007 918 1076 simplicissimaque
935 1021 1076 1072 prae-

72 1082 249 1132 sentia
277 1088 541 1148 operaturg
586 1096 649 1131 ex
679 1096 777 1148 quo
807 1080 881 1137 fit,
929 1085 983 1129 ut
1024 1094 1076 1130 o·

86 1155 219 1206 mnis
241 1155 478 1215 mutati0,
502 1169 591 1205 seu
607 1153 842 1205 transitio
858 1152 920 1202 de
937 1157 1075 1203 statu

83 1228 132 1278 in
162 1235 377 1286 statum,
402 1227 611 1280 omnino
632 1225 960 1294 impossibilis
988 1226 1071 1275 sit:

85 1299 181 1370 (l).
211 1330 276 1340 --
306 1301 492 1352 lisdem
523 1301 781 1367 principiis
805 1297 1074 1349 difficulta-

86 1383 160 1425 tes
193 1375 468 1426 solvuntur
508 1390 574 1424 ex
614 1374 729 1426 aliis
768 1372 1089 1440 operationi--

87 1448 179 1498 bus
207 1448 395 1498 divinis
426 1448 631 1513 petitae.

155 1519 263 1572 Obi.
299 1523 356 1572 5⁸
394 1521 529 1571 Deus
551 1535 641 1587 per
669 1535 847 1587 preces
875 1524 1077 1569 nostras

86 1601 335 1657 mutatur3
370 1608 487 1644 nam
517 1593 652 1660 quod
681 1594 819 1660 prius
846 1592 969 1642 dare
1000 1606 1076 1640 re-

85 1673 262 1727 cusat,
331 1667 598 1718 orantibus
661 1665 918 1717 concedit:
965 1664 1077 1714 ideo

87 1740 224 1791 Deus
253 1755 341 1806 per
369 1739 653 1805 condignas
688 1748 863 1805 preces
891 1737 951 1788 ad
990 1738 1079 1787 mi-

85 1812 418 1864 sericordiam
442 1813 657 1872 moveri,
683 1812 898 1877 illasque
919 1825 1081 1860 exau·

88 1887 196 1938 dire
218 1886 404 1937 dicitur
426 1883 524 1955 (02):
551 1900 673 1950 ergo
695 1882 956 1934 mutabilis
978 1890 1073 1933 est.

163 1958 300 2027 Resp.
346 1959 483 2010 Deus
542 1964 753 2010 aeterno
794 1963 845 2007 et
896 1956 1079 2006 immu-

89 2032 229 2084 tabili
258 2033 463 2084 decreto
492 2032 694 2091 statuit,
722 2030 891 2081 debito
934 2029 1080 2080 modo

87 2106 355 2158 orantibus
375 2111 543 2156 certas
565 2106 757 2170 gratias
779 2102 1080 2167 concedere,

90 2186 141 2231 et
182 2180 276 2231 has
318 2195 417 2230 non
472 2180 738 2229 orantibus
777 2176 1083 2227 subtrahere

88 2258 182 2303 aut
210 2268 420 2320 negare.
454 2251 591 2303 Deus
619 2267 741 2318 ergo
764 2250 906 2301 nullo
934 2249 1082 2299 modo

93 2333 357 2386 mutatur,
402 2325 522 2376 dum
564 2325 675 2376 eius
722 2330 994 2375 aeternum
1032 2329 1082 2372 et

93 2398 415 2451 immutabile
455 2399 722 2450 decretum
764 2398 815 2447 in
853 2402 1084 2462 tempore

92 2473 304 2524 sortitur
331 2472 569 2530 effectus,
610 2487 738 2539 quos
771 2470 834 2522 ab
875 2475 1085 2520 aeterno

96 2545 348 2612 praevidit
375 2552 427 2596 et
468 2545 648 2596 voluit.
694 2543 939 2594 Homines
975 2549 1086 2592 tan-

94 2625 207 2670 tum
234 2625 520 2679 mutantur,
565 2618 686 2670 dum
727 2617 898 2667 debito
940 2615 1087 2666 modo

95 2699 300 2743 orantes
329 2692 521 2744 decreti
544 2691 706 2742 divini
748 2690 881 2741 bona
909 2704 1090 2740 conce-

99 2764 286 2825 dentiS‚
312 2766 594 2816 orationem
623 2771 794 2815 autem
825 2762 1089 2829 negligen-

45 2896 50 2897 ⁷
99 2844 177 2888 tes
192 2837 380 2889 decreti
410 2838 566 2888 divini
590 2838 720 2888 bona
742 2837 980 2902 negantis
1006 2851 1090 2886 su-

55 2974 58 2975 ⁷
101 2911 264 2974 biecta
297 2910 447 2961 fiunt.
482 2911 745 2961 Absonum
772 2915 851 2960 est
873 2924 994 2973 ergo
1018 2908 1094 2958 di-

51 3014 54 3020 ·
100 2998 235 3049 cere,
257 2984 489 3034 ordinem
514 2998 543 3034 a
572 2982 745 3033 divina
767 2981 1092 3032 Providentia

101 3056 385 3108 stabilitum
402 3072 489 3124 per
502 3071 679 3122 preces
695 3061 897 3106 nostras
911 3054 1093 3107 immu-

102 3130 201 3180 tari
230 3146 394 3196 posse3
427 3130 559 3197 quod
591 3143 854 3196 nunquam
897 3125 973 3185 fit,
1003 3142 1095 3177 nec

106 3201 215 3255 fieri
259 3210 425 3270 potest
445 3203 615 3270 ‚quia
666 3202 872 3253 decreta
922 3199 1094 3262 divina

107 3275 448 3328 immutabilia
476 3282 617 3338 sunt;
642 3274 730 3326 sed
757 3273 892 3325 Deus
919 3288 1097 3340 preces

166 3389 202 3433 1)
226 3391 279 3424 Cf.
301 3391 341 3425 S.
367 3391 569 3433 augustin.
599 3391 623 3424 l.
648 3390 680 3432 1,
706 3390 752 3424 de
776 3389 871 3426 Gen.
897 3397 928 3423 c.
953 3389 985 3422 2.

167 3433 203 3476 2)
221 3435 282 3468 Ps.
308 3435 341 3474 4,
367 3435 397 3468 1.

170 3477 206 3518 a)
229 3479 285 3512 vs.
310 3478 367 3517 15,
391 3477 426 3510 2.

169 3518 206 3563 ὅ)
231 3520 286 3554 Ps.
310 3520 364 3559 72,
390 3521 443 3554 28»

2001 181 2071 244 95

1139 279 1341 326 nostras
1369 271 1677 342 praevidens
1713 275 1779 326 ab
1805 282 2015 330 aeterno
2042 279 2152 331 dea
2218 308 2260 354 ρ

1138 354 1279 399 creta
1307 346 1501 407 condit,
1531 361 1663 424 quae
1702 362 1904 415 semper
1942 351 2126 405 immu-

1140 421 1313 472 tabilia
1334 427 1567 480 manent,
1592 421 1829 488 quamvis
1849 425 2127 479 eorundem

1138 494 1350 545 effectus
1375 495 1425 546 in
1459 501 1684 559 tempore
1711 495 2030 561 contingant.

1210 566 1342 618 Nota
1368 568 1421 618 2.
1454 565 1505 632 a)
1546 565 1643 618 Per
1682 565 1963 634 Religionis
1988 584 2128 621 exer-

1138 640 1257 691 citia
1299 647 1527 692 nostram
1585 639 1807 692 salutem
1861 636 2127 707 promove-

1139 729 1272 774 muS‚
1307 729 1406 765 non
1449 718 1627 764 autem
1664 712 1759 764 Dei
1797 714 2131 766 immutabilis

1139 787 1504 853 perfectionem
1545 793 1596 838 et
1630 785 1927 838 felicitatem
1967 803 2127 855 auge-

1137 875 1271 923 mus3
1300 859 1434 910 unde
1462 859 1624 911 David
1639 859 1728 910 ait:
1757 859 1877 911 Dixi
1895 860 2125 912 Domino:

1138 933 1270 983 Deus
1296 949 1431 984 meus
1453 949 1501 983 es
1530 940 1602 992 lu*
1633 934 1864 999 quoniam
1893 933 2130 984 bonorum

1136 1022 1360 1057 meorum
1390 1022 1485 1056 non
1514 1022 1615 1072 eyes
1647 1004 1745 1074 (5).
1778 1005 1823 1075 b)
1850 1005 2006 1058 Nobis
2027 1022 2132 1058 ma-

1138 1081 1276 1130 xime
1319 1080 1556 1146 prodest,
1602 1079 1770 1131 colere
1819 1085 1871 1130 et
1919 1078 2131 1146 diligere

1141 1153 1327 1213 Deum,
1360 1160 1415 1203 ut
1442 1154 1581 1203 omni
1612 1153 1722 1203 iure
1762 1167 1879 1203 cum
1921 1151 2131 1204 Psalmi‘

1138 1233 1214 1276 sta
1238 1226 1490 1276 dicamus:
1520 1225 1652 1276 Mihi
1672 1232 1838 1276 aulem
1863 1224 2130 1277 adhaerere

1140 1298 1236 1349 Deo
1278 1298 1451 1349 bonum
1491 1307 1559 1348 est
1602 1297 1697 1367 (lt).
1755 1298 1807 1348 ln
1850 1298 1954 1349 Deo
1993 1299 2130 1350 enim

1138 1371 1245 1423 solo
1286 1371 1706 1423 incommutabile
1757 1371 1950 1423 bonum
1987 1372 2131 1423 inve-

1141 1445 1329 1496 nimus:
1362 1453 1566 1496 caetera
1608 1451 1779 1495 autem
1821 1444 1989 1496 omnia
2029 1444 2131 1496 heu

1139 1535 1290 1585 quam
1340 1518 1605 1569 mutabilia
1650 1519 1789 1569 sunt!
1843 1519 1943 1569 cito
1981 1532 2131 1586 prae-

1140 1592 1251 1641 terit
1278 1592 1439 1660 fiqztra
1467 1591 1614 1642 huius
1641 1590 1815 1642 mundi
1840 1588 1938 1660 (ὅ).
1971 1589 2036 1659 c).
2069 1589 2128 1641 ln

1141 1665 1285 1715 bonis
1327 1665 1596 1730 propositis
1637 1663 1799 1714 Deum
1841 1663 2134 1714 immutabi-

1143 1737 1241 1788 lem
1283 1738 1579 1796 imitemur,
1624 1743 1674 1787 et
1714 1736 1911 1787 solicite
1950 1741 2141 1787 cavea:

1144 1825 1275 1869 unffi,
1310 1825 1371 1860 ne
1398 1811 1552 1860 simus
1588 1810 1781 1876 parvuli
1818 1809 2129 1876 fluctuantes,

1140 1890 1181 1932 et
1202 1884 1615 1948 circumferamur
1642 1882 1775 1932 omni
1802 1891 1932 1933 vento
1959 1881 2135 1933 doctri·

1141 1971 1230 2006 nae
1271 1954 1368 2024 (6).

1549 2077 1587 2134 ς,
1618 2076 1725 2121 se.

1507 2165 1557 2198 De
1581 2164 1666 2198 Vita
1691 2164 1767 2197 Dei.

1218 2247 1313 2299 Per
1353 2247 1512 2297 vitam
1562 2245 1851 2311 generatim
1896 2243 2138 2310 intelligi-

1147 2328 1231 2372 tur
1272 2320 1578 2387 principium
1607 2317 1790 2385 agendi
1833 2318 2132 2374 internum,

1149 2410 1237 2461 per
1277 2394 1410 2460 quod
1454 2399 1642 2452 motuS‚
1686 2407 1776 2442 seu
1817 2389 2138 2458 operationes

1149 2467 1521 2534 producuntur⁴
1567 2464 1752 2516 Vivere
1779 2479 1901 2528 ergo
1929 2462 2134 2522 dicitur,

1151 2548 1205 2591 ut
1233 2541 1304 2592 ait
1330 2539 1382 2590 S.
1419 2538 1626 2588 Thomas
1657 2537 1731 2606 (7)
1765 2556 1790 2584 ι(
1815 2535 2135 2593 Substantia,

1150 2615 1230 2664 cui
1272 2613 1513 2663 convenit
1564 2609 1848 2661 secundum
1897 2614 2138 2659 naturam

1150 2702 1295 2738 suam
1328 2701 1534 2737 movere
1574 2685 1814 2750 seipsam,
1859 2680 1941 2732 vel
1983 2696 2139 2747 agere

1150 2777 1203 2811 se
1244 2774 1549 2827 quocunque
1590 2757 1738 2807 modo
1778 2755 1840 2806 ad
1888 2754 2142 2821 operatio-

1154 2850 1291 2884 nem.
1338 2832 1451 2886 vita
1481 2847 1539 2882 eo
1581 2829 1850 2898 perfectior
1889 2834 1939 2879 et
1967 2826 2142 2878 excel-

1156 2907 1338 2958 lentior
1366 2913 1442 2956 est
1470 2903 1705 2963 dicenda,
1737 2917 1834 2970 quo
1871 2900 2143 2970 perfectius

1155 2987 1204 3031 et
1244 2977 1673 3045 independentius
1727 2990 1820 3025 ens
1858 2973 2144 3024 secundum

1155 3069 1300 3104 suam
1331 3058 1568 3103 naturam
1590 3048 1923 3115 semetipsum
1954 3051 2143 3110 movet,

1157 3142 1245 3177 seu
1276 3125 1337 3176 ad
1363 3123 1678 3192 operandum
1706 3119 2031 3172 determinat.
2048 3117 2146 3171 Va·

1159 3199 1216 3249 rii
1248 3199 1401 3264 igitur
1431 3198 1564 3248 vitae
1592 3193 1784 3262 gradus
1822 3194 1872 3244 in
1914 3191 2140 3250 entibuS‚

1158 3287 1287 3339 quae
1329 3272 1503 3322 vivere
1543 3269 1819 3327 dicuntur,
1870 3279 2055 3333 nempe
2094 3264 2146 3314 in
