2332 3860
91 224 193 286 qua
206 241 217 270 .·
229 217 478 275 cenante,
530 211 725 267 onmia·
740 214 798 267 ia
838 251 843 254 -
858 213 1073 273 nibilum

27 304 50 340 3-
93 288 409 346 relabuntur.
433 285 602 346 :Ratio
639 287 748 356 ipsa
787 287 906 342 huic
930 303 1071 343 ¹isten-

92 362 289 419 tentiae,
315 359 663 428 suffragatum
710 377 830 414 nam
870 362 1074 419 ‚stares

31 441 296 498 creatae
333 434 578 490 virtutem
618 436 668 487 in
710 451 803 491 sua
849 437 1074 491 existen·

56 510 62 514 ’
92 509 171 568 tia,
201 507 533 576 permanendi
571 507 783 571 habent,
819 509 960 565 illam
980 511 1075 562 uti-

91 597 188 653 que
225 597 256 635 a
294 581 400 635 Deo
439 581 652 643 habent,
695 584 780 652 qui
819 599 932 638 eam
991 599 1075 636 co·

91 655 288 724 gnoscit
327 661 379 707 et
417 655 548 715 vult,
591 672 652 710 ac
696 658 1068 725 cognoscend0‚

90 736 142 785 et
180 729 406 782 volendo<
436 727 619 795 efficit3
662 738 817 800 atque
864 732 912 783 in
979 731 1073 784 boe

89 804 198 873 ipsa
260 804 583 857 conservatio
647 805 894 871 consistit,
943 821 1073 873 quae

91 878 301 930 nonita
359 878 715 946 conspicienda
773 886 869 939 est,
930 880 1071 947 quasi

38 949 43 954 “
89 950 226 1005 Deus
246 952 407 1008 instar
430 952 695 1006 hominum
722 953 935 1021 tempori
956 954 1074 1006 sub·

90 1026 335 1079 iectorum
386 1033 531 1079 actus
570 1027 784 1094 singulis
850 1042 1073 1080 momen-

91 1099 155 1152 tis
193 1100 362 1161 iteret,
405 1116 523 1152 cum
543 1105 713 1154 omnia
737 1106 857 1164 uno,
881 1108 934 1154 et
959 1103 1077 1155 sim·

89 1172 361 1243 plicissimo
395 1180 526 1238 actu,
547 1174 791 1242 perficiat.

162 1247 384 1309 Nota—52.
422 1248 466 1302 A
525 1249 776 1317 theologis
831 1249 1074 1318 distingui

90 1320 221 1385 salet
255 1324 579 1385 ,conservatio
619 1324 992 1380 individuorum
1026 1331 1077 1378 et

91 1398 411 1448 conservatio
479 1399 761 1466 specierum.
819 1398 1076 1452 Nonnulla

90 1470 227 1522 enim
267 1470 527 1524 individua
568 1488 595 1523 a
620 1472 906 1540 primordiis
928 1490 1075 1526 mun·

91 1543 139 1595 di
180 1545 243 1596 ad
284 1544 439 1603 finem
475 1562 635 1614 usque
672 1548 855 1599 saitem
912 1547 1075 1616 quoad

91 1619 431 1677 substantiam
470 1619 519 1671 in
545 1621 721 1673 eodem
750 1637 951 1690 semper
978 1628 1078 1674 sta·

94 1699 150 1744 tu
191 1701 493 1761 permanent
549 1700 606 1746 ut
663 1695 886 1761 Angeli‚
954 1696 1073 1757 sol,

93 1765 238 1829 luna,
281 1774 438 1828 astra,
482 1774 582 1820 etc.
604 1767 716 1821 Alia
756 1771 893 1823 entia
933 1770 999 1822 ita
1027 1771 1076 1821 in

93 1839 188 1892 hoc
229 1841 418 1893 mundo
456 1850 748 1904 versantur,
794 1850 849 1895 ut
888 1847 937 1896 in
987 1860 1077 1896 suo

0 1943 1 1962 2
49 1973 57 1981 ⁸
92 1920 229 1967 statu
269 1915 331 1967 ad
368 1915 533 1968 fixum
574 1917 824 1970 duntaxat
847 1925 897 1971 et
923 1919 1078 1971 breve

94 1995 296 2057 tempus
361 1999 710 2058 perseverent,
768 2008 867 2060 quo
906 1993 1078 2060 elapso

98 2063 378 2123 intereunt,
422 2072 478 2117 ut
517 2065 629 2117 aliis
667 2066 839 2119 locum
868 2067 1075 2128 cedant,

66 2175 67 2178 ,
94 2137 313 2206 qualiter
351 2137 410 2193 fit-
433 2139 486 2191 in
513 2139 724 2207 plantis,
750 2142 1075 2203 animalibus,

98 2211 408 2270 hominibus,
438 2220 536 2267 ete.
563 2213 708 2267 Actio
734 2230 855 2283 ergo
882 2216 1075 2276 divina,

99 2301 194 2354 qua
238 2285 294 2339 fit
321 2285 688 2340 uthuiusmodi
717 2291 874 2351 entia,
906 2306 1081 2359 quam-

101 2359 179 2412 vis
217 2359 481 2413 individua
519 2364 807 2416 successive
870 2370 1081 2432 pereant

100 2439 152 2485 et
189 2442 520 2498 evanescant,
565 2443 736 2490 tamen
778 2454 979 2506 semper
1030 2439 1079 2490 in

100 2507 289 2571 mundo
355 2508 683 2572 inveniantur
714 2551 727 2573 ,
783 2514 1081 2565 conservatio

98 2583 360 2650 specierum
406 2586 715 2643 nominatur.
757 2585 901 2637 Hanc
946 2587 1082 2639 Deus

101 2653 299 2724 perficit
337 2672 428 2725 per
465 2674 648 2717 causas
705 2660 1034 2714 secundarias
1066 2702 1077 2723 ‚

66 2731 192 2789 'seu
234 2745 323 2797 per
386 2732 523 2784 vires
575 2739 799 2791 naturae
864 2735 1078 2797 inditas,

64 2827 75 2849 ς
100 2804 372 2871 praecipue
413 2820 504 2873 per
542 2807 843 2860 seminalem
903 2825 1084 2877 propa·

101 2877 380 2944 gationem,
425 2895 555 2948 quae
593 2880 645 2932 in
686 2880 874 2948 plantis
900 2890 952 2935 ct
977 2883 1084 2936 ani·

100 2950 322 3011 malibus
363 2952 533 3006 locum
571 2953 742 3008 babet.
782 2953 922 3017 Quod
965 2972 1085 3013 vero

72 3020 364 3087 “hominum
406 3029 846 3082 conservationem
884 3032 1085 3094 attinet,

104 3099 384 3163 notandum
449 3107 565 3163 est„
610 3117 820 3170 corpora
882 3105 1086 3173 quidem

80 3168 337 3242 v{tulliana
366 3189 434 3237 ex
471 3175 603 3228 virili
632 3177 827 3238 semine,
855 3178 1082 3244 produci,

99 3245 302 3311 animas
315 3254 492 3314 autem.
518 3249 771 3311 humanas
797 3252 1087 3312 immediate

107 3333 139 3392 ἓ
179 3317 282 3385 Deo
318 3324 482 3405 §mari
511 3322 607 3395 (1)-

82 3485 106 3511 ¹*
149 3491 204 3537 (1)
227 3492 254 3538 ὃ
277 3492 352 3530 1⁶15.
368 3482 846 3543 -δῐ.ϋζοτλαεε,ι·.ῡοεω.
873 3501 970 3535 cath·
997 3495 1086 3544 560.
1104 3530 1113 3543 -.

714 100 838 172 PARSv
870 133 924 172 u.
963 133 1235 175 §aerioma
1258 131 1415 173 cum·
1440 133 1489 173 -10
1574 151 1612 181 ..a
1655 142 1661 173 ζ
1691 150 1712 173 ,ι

1940 115 2053 177 599

1194 319 1198 331 .
1511 260 1550 320 s
1589 242 1743 325 ²682
1836 255 1855 267 ·⁴
1988 318 1992 322 .
2083 310 2104 323 .,

1192 353 1245 388 De
1259 319 1615 396 ‘divim'creataruin
1638 358 1762 385 rerum
1783 330 2062 392 gubernatione.
2087 332 2113 395 ⁰.

1207 428 1522 491 Gubernatio
1548 440 1624 486 est
1645 432 1781 491 actio
1793 431 1998 504 divina,
2022 447 2122 500 qua

1134 506 1272 565 Deus
1311 509 1449 563 entia
1499 512 1712 569 creata,
1773 507 2125 574 contingentia

1134 589 1186 639 et
1217 599 1245 636 a
1273 599 1366 637 sua
1394 582 1614 637 essentia
1641 595 1851 649 prorsus
1881 579 2126 635 distincta

1134 656 1279 709 iuxta
1306 710 1310 715 ,
1336 657 1596 709 liberrima
1647 662 1710 707 et¹
1749 653 2127 723 sapientissima

1133 745 1226 782 sua
1266 730 1475 785 consilia
1516 730 1580 782 ad
1630 729 2029 783 determinatum
2069 726 2128 780 fi,

1137 819 1253 856 nem
1293 804 1515 872 disponit
1539 819 1599 856 ac
1632 803 1822 870 dirigit.
1866 801 2006 856 Finis
2032 802 2128 858 iste

1134 894 1405 946 supremus
1426 886 1503 932 est
1528 877 1872 931 manifestatio
1899 875 2127 946 infinitae

1137 952 1227 1005 Dei
1271 953 1594 1021 perfectionis
1638 968 1726 1011 seu
1764 951 1960 1019 gloriae
1999 949 2124 1010 Dei,

1135 1027 1199 1078 ad
1264 1044 1418 1096 quam
1489 1025 1884 1096 promovendam
1950 1039 2129 1077 omnes

1137 1107 1425 1162 creaturae,
1456 1117 1634 1154 earum
1663 1099 2045 1159 vicissitudines
2068 1113 2131 1152 ac

1137 1183 1355 1229 eventus
1380 1176 1487 1229 Deo
1506 1175 1826 1242 gubernante
1847 1173 2128 1227 collimant.

1138 1249 1386 1311 Quoniam
1439 1255 1612 1304 autem
1664 1249 1804 1304 Deus,
1858 1248 2131 1322 praecipue

1137 1325 1201 1377 ab
1258 1325 1461 1378 entibus
1518 1323 1896 1384 rationalibus,
1953 1322 2132 1391 quales

1138 1405 1257 1451 sunt
1288 1401 1337 1451 in
1361 1399 1456 1453 hoc
1478 1398 1666 1451 mundo
1696 1398 1947 1459 bomineS‚
1976 1412 2140 1464 agno-r

1138 1473 1230 1534 sci,
1274 1473 1370 1526 coli
1411 1481 1462 1526 et
1500 1473 1660 1527 amari
1688 1471 1821 1533 vult,
1851 1470 2038 1525 idcirco
2065 1470 2132 1527 ad

1140 1547 1272 1600 banc
1314 1547 1656 1600 moralitatem
1698 1545 2129 1616 promovendam,

1140 1622 1311 1674 divina
1344 1622 1602 1690 Sapientia
1632 1637 1692 1674 ea
1738 1636 1870 1689 quae
1908 1626 2030 1674 sunt
2081 1625 2135 1675 et

1140 1695 1270 1748 fiunt
1310 1697 1359 1748 in
1403 1696 1613 1757 munde,
1639 1694 1840 1749 ordinat
1880 1693 2134 1761 etdirigit

1140 1768 1193 1840 (g
1235 1769 1380 1840 tali).
1425 1769 1574 1823 Hunc
1612 1770 1662 1821 in
1714 1768 1867 1821 finem
1913 1767 2005 1821 Dei
2045 1784 2135 1836 gu·

1140 1844 1370 1896 bernatio
1410 1846 1564 1896 etiam
1604 1840 1778 1901 efficit,
1821 1850 1879 1895 ut
1906 1842 2134 1911 reliquae

1141 1925 1406 1971 creaturae
1464 1918 1593 1970 fines
1646 1916 2134 1986 particulareS.s‚ibi

1143 1993 1395 2058 praefixos
1415 1994 1692 2061 attingant,
1718 1990 1799 2043 vel
1828 1991 2135 2060 quandoque

1142 2069 1295 2120 etiam
1337 2084 1435 2125 non
1477 2069 1762 2134 attingant,
1794 2066 1837 2117 si
1877 2065 1925 2120 id
1951 2059 2016 2118 ad
2046 2081 2134 2118 no·

1143 2142 1373 2195 biliorem
1413 2141 1571 2195 finem
1610 2139 1882 2193 conducat.
1999 2154 2001 2156 ·

1215 2217 1268 2268 1.
1313 2215 1645 2283 Argu-mentis
1696 2213 2023 2281 generalibus
2065 2213 2131 2288 ad

1142 2290 1370 2344 divinam
1411 2290 1783 2358 providentiam
1819 2287 2134 2356 probandam

1142 2364 1329 2425 allatiS‚
1372 2364 1580 2430 adiungi
1612 2369 1823 2430 possunt
1847 2363 2133 2430 sequentia,

1143 2455 1271 2507 quae
1299 2438 1570 2506 specialius
1590 2435 1816 2490 divinam
1843 2435 2144 2493 creatarum'

1144 2529 1317 2569 rerum
1355 2512 1779 2578 gubernationem
1820 2509 2130 2575 ostendunt}

1143 2617 1215 2625 -
1241 2586 1297 2639 ln
1327 2587 1453 2641 libro
1472 2586 1762 2655 Sapientiae
1800 2585 2135 2651 omnipotens,

1143 2661 1508 2727 benignissima
1549 2667 1601 2712 et
1638 2659 2021 2727 sapientissima,
2047 2657 2136 2719 Dei

1143 2736 1446 2803 gubernatio
1502 2734 1740 2789 laudatur
1765 2751 1778 2786 ε
1843 2733 2032 2793 etenim
2055 2733 2136 2795 ⁴de

1145 2811 1316 2866 divina
1356 2808 1616 2877 Sapientia
1668 2809 1886 2874 legitur:
1929 2805 2138 2876 Attmyit

1144 2899 1175 2940 a
1199 2885 1292 2951 fine
1331 2899 1480 2951 usque
1520 2883 1582 2934 ad
1632 2883 1778 2951 finem
1827 2881 2020 2949 fortiter
2039 2921 2061 2943 ,1
2095 2889 2138 2938 a}

1144 2958 1354 3025 disponit
1393 2957 1557 3016 omnia
1595 2956 1827 3010 suaviter.
1859 2953 1967 3026 (2)23
2003 2955 2039 3008 i.
2085 2971 2131 3008 e.

1147 3047 1265 3083 cum
1304 3033 1650 3098 omnipotente
1690 3030 1902 3096 virtute,
1939 3037 2137 3091 etma-

1147 3107 1286 3156 xima
1321 3105 1550 3161 ¹bonitate
1591 3104 1763 3162 omnia
1793 3102 2133 3164 moderatur,

1150 3179 1279 3246 regit
1305 3185 1387 3231 -.et
1425 3178 1490 3230 ad
1543 3176 1671 3233 fines
1710 3193 1847 3242 suos.
1883 3178 2133 3246 perdurat.

1152 3252 1344 3310 ibidem
1368 3251 1622 3328 fiiciturs..
1641 3250 1699 3313 Q,
1723 3249 1871 3320 quam
1894 3251 2138 3315 bomisstss

1148 3326 1309 3378 suavis
1346 3332 1432 3387 est,
1466 3324 1711 3387 Domine„
1766 3325 1972 3394 spiritus
2025 3334 2137 3399 tuus

1149 3399 1202 3455 in
1220 3398 1439 3452 omnibus
1457 3393 1479 3436 V
1568 3398 1639 3452 Tu
1663 3387 1824 3461 au'tem'
1844 3388 2137 3452 -Homiiiaior

1152 3495 1155 3499 ’
1191 3498 1243 3542 (2)
1266 3499 1347 3543 sap.
1370 3507 1404 3535 c.
1430 3497 1466 3543 8,
1487 3504 1523 3534 v.
1548 3497 1578 3535 ι.
1815 3498 1819 3501 ·
