2332 3860
306 197 413 250 [ιὸἱι

232 309 300 346 ex
350 295 472 364 ipsis
525 312 830 366 personam3
890 306 1044 369 atque
1107 299 1220 352 ideo

231 366 460 424 Verbum
498 378 773 426 aeternum
824 374 956 444 quod
1021 373 1219 426 Christo

229 441 501 507 inhabitat,
532 462 641 498 esse
670 463 939 515 personam
968 446 1215 509 divinam,

230 515 490 571 Christum
531 526 703 573 autem
749 521 1011 574 hominem
1066 536 1218 590 quem

231 590 485 646 inhabitat
531 593 760 648 Verbum
799 611 909 647 esse
951 611 1220 663 personam

230 663 530 721 humanam.
574 666 630 721 2⁰
669 669 728 721 B.
792 669 1055 737 Virginem
1121 669 1222 722 Ma-

231 741 360 792 riam
400 757 499 794 non
555 757 700 810 posse
759 744 856 795 dici
913 743 1215 812 Bosporum,

230 814 320 866 sed
361 815 528 867 solum
568 817 930 885 Christiparam
957 859 970 878 ,
1023 817 1218 886 eoquod

230 903 333 940 non
373 889 558 952 Deum,
603 907 702 943 non
744 891 970 946 Verbum
1032 908 1222 960 genue-

230 965 316 1022 rit,
359 963 447 1015 sed
514 980 700 1032 purum
755 965 1040 1027 hominem,
1103 982 1220 1019 eum

229 1052 329 1105 quo
351 1040 672 1105 postmodum
701 1039 928 1093 Verbum
960 1040 1219 1092 moraliter

228 1112 432 1164 unitum
471 1113 641 1166 fuerit.
683 1114 740 1166 5⁰
769 1115 894 1166 duos
936 1131 1046 1166 esse
1091 1114 1221 1167 filios

228 1184 342 1246 Dei,
389 1202 549 1239 unum
592 1188 877 1241 naturalem
919 1189 983 1242 ab
1010 1195 1220 1241 aeterno

230 1275 296 1312 ex
336 1260 485 1313 Patre
527 1269 724 1323 natum,
769 1262 928 1315 alium
986 1264 1036 1315 in
1098 1270 1222 1315 tem-

231 1350 350 1402 pore
390 1335 588 1387 factum·
639 1336 803 1388 filium
866 1337 1056 1390 Mariae
1119 1354 1218 1389 non

231 1415 403 1460 autem
447 1417 652 1470 natura,
699 1411 786 1463 sed
810 1412 1080 1479 adoptione
1110 1419 1220 1463 tan-

230 1487 339 1534 tum
397 1483 557 1536 filium
617 1485 728 1537 Dei.
789 1485 936 1537 Hunc
994 1501 1218 1538 errorem

229 1557 435 1610 saeculo
493 1557 606 1611 Vlll
669 1567 976 1612 reeoxerunt
1035 1561 1085 1612 in
1139 1560 1219 1611 Hi-

228 1632 405 1698 spania
445 1631 588 1684 Felz'x
626 1631 977 1700 Urgellitanus
1030 1642 1081 1687 et
1118 1634 1223 1685 Eti-

222 1706 418 1773 pandus
456 1705 732 1759 Toletanus
780 1708 1075 1776 EpiscopuS‚
1135 1709 1219 1776 qui

229 1779 515 1832 docuerunt
551 1826 561 1841 ,
630 1781 888 1834 Christum
962 1783 1219 1834 hominem

231 1870 330 1907 non
372 1871 483 1906 esse
524 1855 616 1907 nisi
663 1855 846 1908 Filium
888 1857 978 1909 Dei
1026 1858 1220 1924 adopti-

231 1944 372 1980 vum.
417 1927 604 1980 Contra
646 1930 767 1982 istos
818 1931 1033 1983 Nestorii
1093 1934 1221 1982 eius-

228 2018 326 2071 que
365 2003 652 2070 gregalium
705 2020 904 2057 errores
962 2005 1216 2072 probanda

226 2083 301 2128 est
341 2077 569 2129 doctrina
612 2078 883 2139 catholiea,
915 2096 1046 2147 quae
1076 2080 1215 2130 dicit:

226 2147 283 2202 1⁰
319 2149 592 2203 Personam
632 2150 820 2204 Christi
850 2155 1068 2213 unicam,
1092 2170 1219 2204 eani-

224 2241 315 2292 que
354 2225 574 2278 divinam
614 2243 751 2288 esse‚·
792 2228 855 2277 *2⁰
895 2227 955 2279 Β.
1011 2227 1064 2279 V.
1115 2230 1222 2280 Ma-

224 2299 356 2350 riam
396 2309 520 2351 recte
561 2300 795 2368 appellari
846 2310 887 2352 et
954 2318 1057 2355 vere
1122 2319 1221 2352 esse

222 2372 510 2441 Deiparam,
554 2391 637 2426 seu
675 2374 766 2426 Dei
807 2372 1134 2436 Genitri'cem3
1163 2376 1220 2425 5⁰

231 2444 485 2500 Christum
526 2449 662 2500 nulla
700 2465 762 2501 ew
794 2457 933 2517 parte
972 2449 1071 2501 dici
1085 2466 1220 2517 posse

229 2520 417 2592 Filium
462 2522 550 2574 Dei
587 2523 897 2588 adoptivum3
933 2526 988 2574 [⁸⁰
1011 2523 1217 2575 demum

225 2596 492 2647 nonnullae
532 2598 835 2664 quaestiones
864 2597 964 2649 huo
984 2605 1220 2666 spectan-

225 2674 301 2721 tes
341 2670 694 2723 discutiendae
732 2678 873 2723 sunt.

501 2852 511 2886 2
603 2830 641 2890 g
684 2830 831 2877 eze.

248 2928 276 2963 Ι.
300 2926 410 2962 unica
433 2931 488 2962 est
507 2927 546 2963 in
570 2928 714 2964 Christo
735 2936 852 2972 eaque
875 2927 1001 2963 divina
1026 2927 1196 2963 Persona.

303 3041 414 3108 lpse
463 3042 727 3096 Nestorius
766 3043 931 3096 fassus
990 3051 1087 3102 est,
1155 3059 1217 3095 ex

228 3116 585 3168 coniunctione
627 3118 826 3177 morali,
870 3134 970 3186 qua
1012 3117 1111 3169 duo
1168 3134 1220 3168 a·

229 3189 346 3242 miei
389 3190 655 3250 uniuntur,
698 3198 788 3244 aut
827 3190 963 3244 Deus
992 3209 1082 3260 per
1106 3206 1220 3258 gra—

232 3264 357 3316 tiam
396 3261 647 3316 inhabitat
685 3266 908 3318 animam
938 3266 1077 3327 iusti,
1111 3264 1220 3316 nul-

232 3337 437 3402 latenus
465 3337 713 3390 resultare
743 3355 899 3392 unam
929 3354 1218 3409 personam,

232 3407 319 3464 eu'i-
354 3411 526 3465 omnia
563 3413 952 3466 coniunctorum
975 3414 1221 3466 attributa

232 3491 286 3537 et
350 3483 671 3553 operationes
726 3486 942 3539 adscribi
986 3492 1216 3554 possunt.

235 3555 368 3612 Hine
408 3555 635 3614 Verbum
674 3564 941 3610 aeternum
983 3567 1031 3612 et
1079 3559 1222 3612 Chri-

2121 185 2151 193 ‹—

1624 5 1629 10 ,
1775 23 1778 26 η
1869 22 1882 31 1.
1940 15 1948 23 ⁴
1987 0 2007 18 Ἰ
2060 1 2099 20 εχ·
2124 0 2143 25 (ἔγ
2196 11 2218 22 .ae
2235 0 2262 27 J?

1560 58 1570 70 ⁷
1597 66 1603 83 ι
1766 67 1769 70 ⁴
2027 56 2034 75 ἓ
2071 75 2081 81 ‚
2111 76 2117 81 ,
2150 63 2153 71 '
2209 69 2213 76 ·
2257 74 2269 83 .,
2330 63 2332 66 ·

1710 89 1732 103 *-
1831 94 1838 107 2
1956 94 1958 96 -
2275 96 2282 103 .

2064 135 2067 138 .
2200 151 2202 153 ,
2282 131 2332 167 ⁸⁸?-

2240 168 2255 179 ⁴
2303 171 2323 192 Ἰ

2267 203 2271 211 ¹
2307 214 2309 218 ⁴

644 216 707 252 DE
743 217 836 254 DEO
874 217 1004 254 LAPSI
1044 217 1232 257 amiam
1268 217 1475 257 GENERIS
1510 219 1849 259 nssuemr’ronss.

1279 306 1419 353 stum
1454 299 1507 354 in
1546 308 1775 371 tempore
1813 301 2024 366 factum,
2079 299 2294 358 Filium

1279 373 1371 426 Dei
1411 381 1464 427 et
1512 373 1700 428 Filium
1755 376 1946 434 Mariae
2006 377 2311 447 distinxit,-
2287 433 2323 447 ,

1281 456 1332 501 et
1359 447 1487 501 duos
1513 446 1741 503 Christos
1772 466 1863 503 seu
1890 450 2097 505 duasin
2122 449 2267 504 Ghri-
2287 433 2324 523 ’ἶ

1281 527 1358 574 sto
1399 537 1643 590 personas
1688 524 1947 578 admittit:
1997 537 2268 594 personam
2315 547 2322 555 ·

1281 595 1466 649 Christi
1495 597 1722 650 divinam
1748 604 1794 652 et
1828 614 2096 667 personam
2120 598 2266 653 Chi-iz
2307 665 2313 669 .

1282 672 1346 722 sti
1385 670 1686 724 humanam.
1710 672 1890 726 -Isti
1932 668 2327 742 erroriediafl‘j'.

1284 750 1444 797 metro
1483 746 1754 813 opponitur
1793 747 2023 800 doctrina
2061 746 2269 800 catholi·
2301 758 2316 802 ἲ·

1282 834 1362 880 ea,
1405 835 1534 887 quae
1576 836 1675 872 non
1718 821 1984 883 moralem,
2026 821 2116 874 sed
2174 820 2307 891 luy-T

1285 894 1581 960 postatieam
1623 910 1713 947 seu
1755 895 2074 963 personalem
2126 896 2268 948 unio·
2307 924 2310 926 ψ

1284 983 1398 1019 nem
1416 969 1549 1020 inter
1578 975 1815 1021 naturam
1836 968 2020 1022 Christi
2043 969 2268 1023 divinam

1283 1049 1333 1093 et
1373 1042 1650 1095 humanam
1692 1043 1891 1102 statuit,
1935 1044 2005 1095 ita
2034 1051 2091 1096 ut
2118 1044 2270 1097 unica

1284 1117 1332 1167 in
1374 1117 1575 1169 Christo
1603 1133 1817 1185 persona
1845 1118 1909 1169 sit
1930 1117 2265 1172 admittenda.

1285 1189 1483 1243 Veritas
1525 1192 1675 1243 huius
1703 1191 1964 1244 doctrinae
1984 1209 2046 1244 eae
2062 1191 2115 1245 S.
2138 1192 2267 1245 Scri·
2303 1247 2306 1250 ,

1277 1272 1450 1331 ptura,
1481 1281 1543 1318 ex
1573 1265 1855 1338 Traditione
1893 1274 1944 1318 et
1981 1282 2044 1319 ex
2069 1266 2266 1321 rationi·

1283 1337 1367 1390 bus
1409 1339 1678 1408 theologicis
1719 1341 1980 1407 probatur.
2311 1348 2322 1362 '¹

1357 1413 1408 1465 1.
1477 1413 1674 1475 Dogma
1729 1414 2036 1466 catholicum
2093 1421 2270 1482 aperte

1285 1487 1501 1538 traditur
1538 1486 1615 1539 Io.
1651 1488 1702 1547 l,
1749 1488 1856 1539 lli:
1909 1486 2113 1541 Verbum
2157 1503 2270 1540 caro

1282 1562 1464 1627 factum
1503 1569 1589 1622 est,
1632 1568 1674 1613 et
1714 1560 1944 1613 habitavit
2000 1563 2054 1614 in
2108 1562 2268 1624 nobis:

1283 1651 1412 1703 quae
1453 1636 1611 1687 verba
1653 1651 1751 1687 non
1797 1641 2007 1701 possunt
2056 1636 2268 1703 intelligi
2304 1703 2310 1707 ι

1284 1710 1345 1761 de
1385 1710 1720 1762 conversione
1760 1709 1911 1763 Verbi
1953 1711 2002 1762 in
2044 1725 2270 1775 earnem,
2297 1710 2332 1770 J

1284 1784 1399 1850 quia
1442 1783 1579 1835 Deus
1618 1791 1696 1837 est
1724 1784 2067 1837 ‚immutabilis
2106 1791 2156 1836 et
2179 1800 2270 1836 ens
2295 1833 2314 1853 ι,

1285 1859 1539 1909 infinitum
1568 1875 1667 1910 non
1711 1865 1875 1925 potest
1908 1858 2016 1910 fieri
2046 1858 2265 1912 finitum.
2295 1871 2317 1931 ξ,

1282 1931 1476 1984 Sensus
1517 1949 1637 2000 ergo
1680 1933 1952 1985 verborum
1994 1939 2091 1991 est,
2134 1931 2268 2002 quod
2302 1936 2314 1976 τ’

1285 2007 1367 2057 ille
1410 2007 1564 2067 idem,
1608 2008 1691 2076 qui
1716 2014 1792 2058 est
1814 2006 2039 2060 Verbum
2064 2014 2115 2058 et
2136 2006 2269 2058 Deus
2297 2003 2322 2073 J·

1282 2082 1346 2132 ab
1373 2088 1603 2140 aeterno,
1636 2084 1684 2133 in
1729 2089 1956 2149 tempore
1995 2081 2270 2148 assumpsit
2307 2088 2326 2150 J

1284 2171 1511 2216 earnem,
1555 2172 1647 2207 seu
1691 2163 1927 2207 naturam
1967 2155 2265 2215 humanam,
2319 2215 2324 2227 ἶ

1282 2235 1332 2279 et
1375 2230 1522 2281 homo
1563 2230 1726 2282 factus
1767 2236 1862 2286 est,
1911 2237 1965 2282 ut
2007 2230 2269 2282 nobiseum

1283 2311 1695 2356 conversaretur.
1742 2303 1813 2356 lta
1857 2303 2037 2355 horum
2084 2305 2319 2355 verbo-

1285 2393 1395 2428 rum
1458 2394 1666 2429 sensum
1707 2377 1924 2445 explicit
1960 2375 2013 2430 S.
2060 2376 2208 2444 Leo(
2191 2363 2318 2446 (131)

1283 2453 1492 2503 dicens.
1548 2473 1570 2500 «
1610 2452 1750 2515 Quod
1802 2451 2003 2503 Verbum
2042 2465 2154 2502 caro
2188 2453 2242 2515 fa

1282 2533 1407 2577 ctam
1434 2534 1519 2586 est,
1556 2542 1652 2577 non
1696 2526 1790 2578 hoe
1828 2525 2103 2591 significat,
2133 2459 2332 2614 quod}

1284 2601 1331 2650 in
1374 2616 1580 2651 carnem
1621 2600 1684 2652 sit
1726 2599 1812 2650 Dei
1844 2605 2024 2650 natura
2055 2604 2327 2662 mutata,
2294 2579 2323 2614 ⁸

1283 2673 1369 2725 sed
1410 2674 1544 2740 quod
1591 2689 1621 2725 a
1679 2672 1846 2726 Verbo
1904 2673 1952 2723 in
2020 2667 2326 2741 unitatemjf¹

1286 2763 1530 2813 personae
1570 2748 1635 2798 sit
1673 2762 1791 2798 caro
1819 2751 2078 2813 suscepta,
2121 2750 2269 2797 euius
2287 2742 2332 2806 133·

1286 2822 1458 2889 utique
1499 2824 1702 2872 nou'iine
1743 2825 1877 2872 totus
1929 2820 2079 2872 homo
2137 2824 2328 2882 {mot-:5⁴33

1285 2898 1437 2962 pitur.
1477 2915 1498 2943 »
1554 2893 1727 2962 Neque
1782 2894 2062 2946 adversarii
2118 2892 2308 2953 huius,

1282 2970 1570 3035 argumenti
1613 2970 1716 3021 vim
1755 2965 2326 3038 eflugiuiit›dieendo,=

1282 3044 1415 3111 quod
1457 3042 1678 3095 Verbum
1722 3042 1898 3094 morali
1952 3041 2119 3098 inodo,
2177 3038 2277 3091 se'

1286 3133 1372 3183 pei·
1422 3118 1644 3183 gratiam
1708 3117 1850 3169 carni
1915 3131 2006 3168 scu
2069 3113 2266 3166 Cin-ist·

1285 3190 1474 3242 homini
1515 3191 1716 3242 unitum
1779 3191 1884 3243 sit:
1952 3186 2068 3241 talis
2131 3187 2278 3238 eiiii&

1285 3265 1637 3331 interpretatio
1675 3265 1882 3316 omnino
1920 3261 2140 3315 absurda
2168 3277 2213 3313 e
2247 3297 2267 3306 ιι

1281 3336 1410 3389 Cum
1449 3338 1585 3390 enim
1626 3338 1747 3390 unio
1785 3335 1990 3389 moralis
2014 3351 2102 3388 seu
2127 3333 2215 3387 inii

1284 3411 1460 3464 bitatio
1501 3427 1591 3479 per
1627 3411 1846 3477 gratiam
1873 3409 1924 3461 in
1952 3410 2122 3462 anima
2151 3407 2248 3474 iu*v

1284 3483 1390 3542 fiat,
1433 3499 1585 3552 quam
1626 3484 1815 3536 absono
1857 3482 2004 3536 modo
2041 3480 2261 3542 levari-a

1246 3592 1258 3626 ι
1329 3567 1650 3629 (oswin-..ae
1674 3582 1790 3620 aaut.

2120 3599 2123 3602 .
2168 3589 2201 3622 s.
2228 3571 2242 3600 ⁸.
