2332 3860
316 107 459 160 ⁶2⁶2-

240 204 783 273 optimec'onfutantur
799 214 890 271 per
905 207 1232 269 argumenta,

240 294 372 348 quae
409 278 462 331 in
501 277 777 342 Theologia
811 276 1101 343 dogmatica
1141 287 1232 343 pro

241 353 474 406 doctrina
494 351 747 405 catholica
768 350 1078 414 atteruntur,
1112 365 1231 401 nam

241 428 283 480 si
312 427 441 480 haec
460 442 581 479 vera
611 432 709 487 est,
734 425 829 493 ipsi
852 425 1083 492 opposita
1103 423 1231 476 falsa

239 502 307 554 sit
334 517 546 554 necesse
574 507 670 562 est;
715 501 833 567 quia
862 499 1035 550 divina
1063 498 1230 550 Reve-

242 575 363 628 latio
390 576 484 628 sibi
513 573 868 627 contradicere
910 572 1103 640 nequit.
1135 571 1231 624 No-

239 657 362 702 runt
387 649 437 701 id
457 648 761 709 adversarii,
780 662 840 699 ac
864 654 1132 714 propterea
1147 662 1231 698 ve-

241 724 418 776 ritates
456 722 771 775 orthodoxas
797 721 1127 789 impugnare,
1171 736 1231 773 ac

239 804 583 866 argumenta,
655 797 840 864 quibus
909 795 1227 862 probantur,

239 888 488 924 enervare
515 870 746 924 student.
784 869 1026 937 Theologi
1055 876 1228 921 autem

240 946 475 1014 polemici
505 952 601 1005 est,
631 951 795 996 motas
822 943 1111 995 huiusmodi
1139 944 1229 1010 clif-

237 1020 471 1089 sicullates
519 1018 727 1080 solvere,
792 1033 881 1069 seu
949 1017 1231 1070 obiectiones

238 1094 446 1154 diluere,
491 1100 542 1146 et
569 1093 706 1145 clare
735 1091 1028 1152 ostendere,
1073 1107 1229 1158 argu-

240 1175 412 1220 menta
430 1183 518 1236 pro
535 1166 860 1233 dogmatibus
883 1165 1062 1226 allata,
1082 1166 1230 1218 firma

237 1258 371 1301 esse,
404 1249 456 1294 et
489 1243 815 1294 inconcussa.
848 1239 1021 1302 Quoad
1045 1247 1230 1307 myste-

237 1316 310 1368 ria
345 1330 486 1376 vero,
530 1331 662 1384 quae
701 1315 765 1367 ab
803 1313 1084 1366 incredulis
1125 1330 1232 1365 ma-

235 1390 376 1441 xime
423 1390 818 1456 impugnantur,
851 1388 1229 1440 ostendendum

237 1470 336 1524 cst,
363 1479 421 1515 ea
444 1479 556 1516 esse
571 1463 781 1532 quidem
794 1477 944 1529 supra
967 1463 1226 1522 rationem,

237 1537 538 1590 nullatenus
564 1544 741 1590 autem
767 1545 936 1588 contra
963 1537 1225 1589 rationem.

308 1612 361 1663 lt.
399 1612 479 1664 Ad
507 1627 710 1664 errores
762 1610 1134 1671 confutandOS‚
1181 1617 1231 1661 ct

234 1685 547 1738 obiectiones
594 1684 872 1737 solvendas
930 1683 1078 1735 multi
1129 1685 1231 1749 for-

234 1775 368 1811 mam
406 1759 783 1828 sylloqisticam,
826 1773 917 1810 seu
957 1757 1230 1809 methodum

232 1833 564 1885 scholasticam
588 1833 815 1884 maxime
839 1831 1223 1883 commendant.

234 1901 309 1959 Et
335 1923 462 1959 sane
492 1937 512 1944 -
542 1906 901 1975 syllogismos,
958 1905 1229 1973 enthyme-

235 1987 394 2041 mata,
424 1981 721 2033 dilemmate
763 1987 862 2032 etc.
892 1979 1147 2046 egregias,
1180 1987 1231 2032 et

232 2054 297 2107 ad
325 2055 743 2107 convincendum
784 2052 1107 2105 intellectum
1138 2054 1230 2105 hu·

235 2145 444 2181 manum
487 2126 870 2180 efficacissimas
901 2135 1227 2198 argumenta-

233 2203 400 2255 tiones
424 2218 558 2265 esse,
591 2201 918 2269 Philosophia
941 2202 1108 2254 docet.
1135 2201 1229 2253 Ne-

231 2277 342 2344 gari
376 2278 532 2329 etiam
573 2292 673 2328 non
717 2282 910 2343 potest,
944 2276 1227 2343 praefatam

232 2350 535 2403 methodum
576 2351 852 2418 praecipue
907 2350 957 2401 in
999 2349 1229 2417 disputa-

231 2425 456 2493 tioni-bus
483 2425 701 2493 publicis
743 2439 932 2492 inagna
959 2424 1226 2476 commoda

231 2499 502 2568 praebere,
527 2505 579 2551 et
605 2514 696 2566 per
717 2496 861 2551 illam
888 2497 970 2550 vel
1000 2499 1226 2551 maxime

232 2573 554 2642 praecaveri,
586 2588 651 2624 ne
680 2573 1026 2641 disceptantes
1054 2589 1082 2624 a
1122 2572 1226 2625 fixo

231 2663 384 2715 scopo
413 2646 716 2708 deflectant.
747 2662 809 2699 ac
829 2652 1047 2708 mutate,
1080 2662 1226 2714 prae-

235 2723 488 2790 teritoque
528 2721 912 2775 controversiae
951 2727 1117 2782 statu,
1161 2722 1224 2773 ad

231 2811 315 2848 res
341 2795 559 2857 alienaS‚
591 2795 837 2847 minutias
862 2795 1149 2848 incidentes
1176 2802 1227 2848 et

233 2869 581 2938 logomachias
622 2869 916 2937 divergant.
959 2868 1099 2921 lusto
1135 2885 1226 2921 au-

233 2950 338 2997 tem
378 2942 795 3009 magnificentius
844 2943 908 2995 de
964 2943 1062 2996 hac
1114 2959 1222 2996 me-

233 3017 389 3072 thodo
415 3018 667 3078 sentiunt,
698 3018 782 3086 qui
825 3033 939 3070 eam
966 3017 1019 3070 in
1059 3016 1224 3070 Theo-

167 3147 173 3150 ,
233 3092 370 3160 logia
390 3090 640 3159 polemica
663 3093 954 3144 necessario
975 3090 1224 3145 adhihen—

233 3165 349 3218 dam
366 3180 478 3218 esse
500 3165 819 3218 existimant:
839 3173 1042 3220 constat
1061 3167 1220 3229 cuim,

232 3238 322 3292 SS.
366 3238 546 3291 Patres
572 3245 622 3291 et
663 3240 964 3306 praesertim
990 3239 1043 3293 S.
1077 3239 1224 3293 Ama.-

168 3316 174 3330 ”
233 3313 451 3372 casium,
493 3312 554 3366 S.
597 3310 953 3380 Auyustinum,
997 3313 1056 3368 S.
1101 3315 1222 3368 Hie'-

234 3383 500 3454 ronymum
527 3427 539 3448 ‚
583 3386 641 3438 S.
689 3386 917 3439 leomom
958 3395 1058 3441 etc.
1111 3389 1223 3442 sine

235 3459 496 3531 praedicta
522 3459 760 3515 methodo
786 3461 997 3533 optime,
1038 3468 1099 3516 et.
1118 3461 1223 3516 effi-

636 95 1004 158 '‘ierODUCTto
1044 121 1092 157 IN
1132 120 1445 158 TnssoLOGtAM
1469 120 1831 186 THEOREthAnt.
1859 110 1862 111 ⁷

1298 203 1566 255 cacissime
1593 209 1705 255 tum
1743 203 1994 258 veritates
2031 203 2293 260 revelatas

1298 277 1607 338 defendisse,
1643 283 1753 329 tum
1795 277 2138 335 heterodoxas
2174 294 2291 338 con-

1298 351 1510 402 futasse.
1544 350 1694 403 Certe
1722 367 1844 422 ergo
1865 353 2020 406 etiam
2038 353 2129 407 ‘alii
2153 354 2292 408 modi

1298 424 1512 485 dantur,
1544 431 1726 480 contra
1765 426 2089 480 adversarios
2128 427 2290 481 felici-

1299 505 1376 550 ter
1398 498 1683 566 pugnandi.
1703 499 1976 553 Caeterum
1992 516 2111 554 cum
2126 502 2189 554 de
2211 518 2294 571 po-

1299 572 1482 624 lemica
1504 573 1666 625 torma
1693 589 1783 626 seu
1814 574 2056 628 methodo
2095 576 2285 644 agitur,

1296 645 1438 698 illam
1484 648 1710 714 profecto
1761 647 1982 716 seligere
2029 656 2286 718 praestat,

1296 737 1428 789 quae
1458 727 1568 773 tum
1609 722 1703 790 ipsi
1733 723 2002 786 materiae,
2046 731 2157 776 tum
2196 724 2302 780 cir-v

1297 796 1625 850 cumstantiis
1656 802 2015 864 personarum,
2061 796 2293 850 locorum

1297 876 1348 922 et
1362 875 1652 937 temporum
1669 871 1894 923 maxime
1906 871 2294 925 accommodata

1297 952 1557 996 censetur.
1591 945 1940 1014 Quaecunque
1975 943 2154 998 autem*
2186 953 2293 998 me-

1299 1019 1486 1070 thodus
1514 1019 1841 1082 adhibeatur,
1884 1035 2089 1089 semper
2117 1020 2294 1073 distin-

1297 1094 1554 1145 ctionibus
1594 1109 1723 1161 opus
1763 1100 1872 1155 est,
1917 1110 1946 1146 a
1985 1095 2172 1163 quibus
2213 1110 2294 1146 sa·

1299 1167 1498 1234 pienter
1526 1168 1665 1219 initis
1706 1169 1987 1221 multarum
2016 1166 2293 1221 difficulta-

1300 1248 1406 1292 tum
1437 1242 1624 1293 solutio
1652 1242 1928 1309 dependet.
1960 1241 2127 1311 Saepe
2155 1243 2294 1294 enim

1299 1315 1366 1375 id,
1399 1316 1532 1383 quod
1562 1317 1624 1366 ah
1654 1316 1971 1368 adversariis
1993 1318 2290 1385 opponitur,

1298 1405 1363 1439 ex
1405 1406 1505 1441 una
1548 1396 1725 1457 parte,
1771 1406 1860 1442 seu
1914 1391 2009 1443 suh
2069 1391 2294 1460 quodam

1297 1478 1451 1515 sensu
1470 1479 1671 1524 verum,
1694 1479 1758 1515 ex
1777 1463 1943 1521 altera
1971 1480 2095 1517 vero
2123 1471 2290 1533 parte,

1297 1553 1385 1588 seu
1403 1538 1498 1590 suh
1521 1538 1620 1590 alio
1642 1553 1798 1590 sensu
1826 1537 2015 1590 falsum
2038 1545 2135 1591 est:
2165 1539 2294 1591 illud

1298 1627 1418 1677 ergo
1460 1612 1765 1673 concedere,
1810 1612 1906 1664 hoc
1944 1628 2068 1666 vero
2101 1628 2294 1682 negare

1297 1691 1517 1752 oportet.

1372 1759 1421 1810 5.
1468 1759 1738 1811 Tractatus
1789 1759 2026 1827 polemici
2076 1777 2179 1813 non
2229 1778 2295 1815 ex

1297 1830 1396 1884 alio
1437 1832 1538 1884 fine
1566 1834 1881 1902 suscipiendi
1923 1842 2064 1897 sunt,
2110 1836 2206 1888 nisi
2237 1845 2294 1890 ut

1296 1905 1597 1959 heterodoxi
1638 1908 1701 1959 de
1741 1908 1961 1961 veritate
1991 1909 2293 1978 dogmat-um

1295 1980 1667 2035 catholicorum
1688 1984 2087 2046 convincantur,
2132 1991 2184 2038 et
2211 2001 2293 2038 or-

1298 2054 1506 2106 thodoxi
1546 2057 1611 2108 ab
1651 2057 1912 2110 erroribus
1950 2074 2293 2126 praeserven-

1295 2134 1398 2181 tur.
1431 2129 1499 2181 Ut
1552 2130 1667 2182 finis
1715 2132 1811 2184 iste
1861 2131 2194 2195 obtineatur,
2238 2134 2291 2187 in

1295 2204 1433 2254 omni
1487 2207 1840 2258 controversia
1887 2222 2019 2274 quae
2076 2208 2288 2275 agitur,

1293 2293 1400 2328 cum
1441 2293 1618 2346 moytia
1657 2280 1922 2346 prudentia
1967 2287 2010 2333 et
2055 2281 2292 2336 charitate

1287 2351 1641 2419 procedendum
1669 2362 1754 2405 est.
1789 2354 2002 2408 Errores
2030 2355 2291 2409 debellare

1294 2433 1513 2492 oportet,
1546 2434 1782 2480 errantes
1805 2428 1974 2482 odisse
2002 2435 2054 2482 et
2081 2430 2290 2485 laedere

1294 2515 1394 2551 non
1437 2500 1573 2552 licet.
1620 2502 1923 2555 Cavendum
1963 2519 2087 2571 ergo
2141 2511 2219 2557 est
2259 2522 2291 2559 a

1292 2574 1559 2635 conviciis,
1593 2576 1946 2638 irrisionibuS,
1990 2578 2286 2643 calumniiS‚

1292 2647 1506 2716 aliisque
1547 2649 1746 2702 iniuriis
1774 2691 1785 2711 ,
1831 2667 1964 2719 quae
2002 2652 2288 2706 adversarii

1291 2723 1523 2774 animum
1556 2739 1656 2776 non
1698 2725 1984 2793 corrigunt,
2030 2727 2118 2779 sed
2160 2744 2288 2781 exa-

1291 2797 1523 2849 cerbant.
1570 2797 1842 2851 Praeclare
1881 2799 1934 2853 S.
1979 2799 2288 2869 Auquseinus

1293 2867 1368 2941 (l)
1411 2871 1553 2924 dicit:
1602 2891 1627 2921 «
1673 2872 1881 2941 Diligite
1909 2874 2165 2938 homineS,
2203 2876 2289 2944 ,in-

1291 2944 1511 2999 terficite
1539 2961 1762 2999 errores:
1792 2949 1904 3000 sine
1935 2949 2179 3017 superbia
2221 2950 2285 3004 de

1291 3019 1515 3072 veritate
1545 3021 1879 3088 praesumite,
1912 3023 2025 3075 sine
2069 3025 2289 3078 saevitia

1292 3108 1382 3160 pro
1439 3094 1660 3146 veritate
1710 3102 1925 3148 certate.
1973 3115 2000 3146 »
2061 3096 2288 3165 Speciali

1292 3165 1440 3219 modo
1467 3167 1692 3221 charitas
1730 3169 2142 3223 commendanda
2165 3177 2282 3236 est,

1289 3239 1411 3292 dum
1435 3256 1534 3294 non
1559 3241 1620 3293 de
1636 3242 1963 3310 dogmatibus
1975 3243 2094 3297 fidei
2116 3245 2206 3297 sed
2221 3245 2287 3300 de

1288 3315 1611 3381 opinionibus
1638 3315 1940 3385 theologicis
1964 3317 2280 3387 disputatur,

1287 3403 1418 3457 quae
1446 3388 1698 3442 catholice
1725 3390 1929 3444 defendi
1958 3392 2281 3461 possunt-*In

1334 3489 1385 3535 (η
1410 3483 1891 3540 L.1,'c.titt.1>etit.cap.
1916 3493 1972 3531 29.
2060 3499 2064 3502 ·
2096 3488 2100 3491 ’
2167 3466 2253 3519 <ss
