2332 3860
59 0 110 19 ,ΧΨ
143 0 162 11 ¹·

0 0 127 112 a
171 47 173 49 ι

34 83 77 114 ⁴¹:-¹

0 115 50 131 *G*

11 140 16 147 r

206 300 227 314 .,
259 302 280 329 2>
340 309 341 314 a
424 260 468 321 ς
494 259 637 313 tao.

262 370 349 408 *De
366 371 505 407 unione
527 370 764 416 hypostatica.

116 483 246 540 Unio
306 483 621 555 hypostatica
698 483 938 537 definitur
999 499 1028 536 a

45 558 106 616 S.
163 558 341 625 Thomu
389 556 464 628 (l)
496 576 522 606 «
553 556 734 610 relatio
753 557 1026 626 quaedam,

48 648 176 704 quac
215 631 564 685 consideratur
611 631 745 684 inter
803 631 1027 683 divinam

48 714 283 765 naturam
322 712 373 756 et
409 704 689 757 humanam
747 705 1030 757 secundum

46 779 534 849 quodconveniunt
574 780 623 831 in
653 795 755 831 una
815 794 1031 847 persona

49 853 162 909 Filii
200 853 312 907 Dei.
348 871 374 901 »
406 880 474 890 —
501 851 579 905 Ab
618 852 730 904 aliis
786 851 1034 920 theologis

5 931 14 942 '
51 929 171 981 unio
210 927 527 996 hypostatica
567 926 753 978 dicitur
792 925 898 993 ipse
938 933 1035 977 sta-

56 1009 138 1055 tus
175 1008 391 1053 naturae
431 1000 633 1052 divinae
673 1008 723 1052 et
762 999 1034 1063 humanae,

54 1090 182 1145 quae
220 1074 287 1126 ad
325 1088 480 1124 unam
521 1073 607 1125 Dei
649 1074 867 1126 hominis
919 1089 1035 1125 con-

53 1147 363 1215 stituendam
405 1163 670 1214 personam
700 1155 1030 1199 concurrunt.

54 1222 303 1276 Unionem
355 1220 486 1272 hanc
551 1222 600 1272 in
661 1220 858 1273 Christo
916 1238 1036 1272 vere

54 1295 251 1356 adesse,
301 1294 590 1348 immediate
649 1295 917 1347 deducitur
973 1311 1037 1347 ex

55 1369 376 1438 dogmatibus
435 1370 655 1435 probatis
687 1410 699 1430 ‚
759 1385 888 1437 quae
948 1386 1037 1420 nos

56 1450 221 1497 certos
261 1441 510 1503 reddunt,
554 1443 680 1494 duas
721 1451 929 1494 naturas
970 1445 1040 1494 in·

60 1526 231 1585 tegras
270 1525 322 1568 et
361 1516 650 1568 inconfusas
707 1517 930 1568 divinam
990 1524 1040 1568 et

59 1592 337 1644 humanam
378 1592 426 1642 in
470 1607 568 1641 una
612 1607 823 1658 persona
857 1591 1038 1642 Christi

58 1682 171 1718 esse
201 1667 518 1717 coniunctas.
552 1663 658 1715 lam
686 1665 765 1715 hic
792 1665 1039 1733 quaedam

57 1739 269 1791 dicenda
292 1746 414 1790 sunt
436 1738 496 1789 de
521 1738 868 1807 hypostaticae
892 1738 1042 1789 huius

59 1814 261 1865 unionis
281 1812 575 1878 eoecellemia,
599 1812 1043 1880 incompreliensi'bi-

60 1886 208 1947 litate,
233 1902 287 1938 ac
309 1894 538 1954 perpetua
566 1886 698 1938 illius
726 1888 982 1939 duratione
1002 1895 1042 1937 et

59 1960 493 2013 indissolubililate.

136 2036 186 2086 l.
237 2033 377 2097 Quod
444 2049 659 2099 magnus
725 2034 1044 2101 Augustinus

62 2108 124 2160 de
163 2108 269 2160 Deo
308 2109 561 2160 disserens
601 2109 728 2159 dixit
758 2108 854 2178 (Ξ),
893 2111 1041 2160 etiam

61 2182 125 2234 de
166 2184 350 2234 unione
390 2183 704 2250 hypostatica
749 2191 886 2235 recte
935 2199 1046 2250 pro-

67 2257 357 2308 nuntiatur:
387 2275 413 2303 «
447 2256 639 2308 facilius
663 2257 894 2315 dicimus,
927 2257 1042 2325 quid

65 2346 165 2382 non
207 2330 292 2390 sit,
336 2345 486 2398 quam
511 2330 628 2398 quid
655 2331 738 2383 sit.
776 2351 800 2379 »
837 2331 897 2382 Et
924 2347 1046 2381 sane

65 2405 185 2456 unio
230 2404 542 2472 hypostatica
587 2420 684 2455 non
725 2412 802 2456 est
829 2404 917 2455 illa
946 2404 1047 2455 vul·

65 2478 197 2547 qaris
236 2494 325 2528 seu
366 2477 681 2538 universalis,
705 2494 834 2546 quae
863 2479 912 2529 in
935 2494 1050 2528 con-

68 2567 219 2604 cursu
261 2551 350 2603 Dei
390 2551 453 2602 ad
494 2567 670 2605 omnes
697 2559 1047 2604 creaturarum

46 2626 294 2682 actiones
319 2625 598 2686 invenitur,
628 2642 720 2677 nec
747 2633 823 2677 est
853 2625 1050 2677 moralis

73 2705 291 2759 tantum,
333 2715 463 2767 quae
503 2716 566 2751 ex
614 2715 866 2751 consensu
926 2703 1050 2751 ami·

72 2788 265 2832 corum,
308 2779 397 2824 aut
436 2789 502 2824 ex
540 2772 903 2826 inhabitatione
961 2773 1048 2825 Dei

73 2862 160 2914 per
201 2846 415 2911 gratiam
469 2847 518 2897 in
584 2848 851 2900 animabus
909 2848 1053 2899 iustis

72 2920 314 2983 resultat3
359 2934 453 2971 nec
492 2925 570 2971 est
612 2936 747 2972 mere
788 2922 1050 2980 naturalis,

71 3009 169 3062 qua
212 3009 292 3045 res
330 2993 684 3049 sensibileset
722 2994 897 3048 finitae
924 2996 1055 3047 inter

71 3082 127 3119 se
166 3068 470 3134 iunguntur,
513 3074 602 3119 aut
641 3069 796 3120 etiam
847 3071 1057 3121 commi-

73 3147 299 3201 scentur,
345 3148 399 3191 ut
438 3156 624 3192 novam
653 3142 908 3210 quandam
944 3144 1059 3194 sub-

75 3216 316 3280 stantiam
343 3214 690 3281 constituant3
723 3232 816 3269 nec
849 3224 926 3270 est
949 3225 1060 3268 tem-

75 3288 297 3354 poraria,
340 3287 506 3357 qualis
526 3288 685 3340 adfuit
708 3289 755 3341 in
780 3291 1058 3358 ProphetiS,

637 181 870 221 *mas-111.
911 180 1075 220 SECTIO
1110 182 1146 219 1.
1190 180 1340 219 CAPUT
1375 178 1430 216 n.

1881 161 1987 215 47⁴-

1089 261 1261 332 spirati
1288 260 1458 312 futura
1477 256 1839 331 praeviderunt
1856 265 1908 311 et
1929 275 2076 328 prae-

1091 337 1370 398 dixerunt3
1414 348 1509 386 nec
1572 339 1650 387 est
1710 332 2076 402 circumscripta

1090 410 1154 462 ad
1175 417 1342 462 certas
1362 398 1616 468 duntax‘at
1634 407 1882 468 artioneS‚
1913 407 2077 475 qualis

1092 484 1342 552 reperitur
1380 482 1431 534 in
1473 481 1828 548 cooperatione
1869 479 1958 532 Dei
2014 480 2077 532 ad

1091 558 1340 626 quaedam
1397 554 1644 608 miracula
1701 553 1951 622 patranda
1993 569 2082 621 per

1093 632 1314 700 aliquem
1352 628 1648 693 hominem3
1691 628 1780 680 sed
1838 634 1916 679 est
1963 629 2083 680 unio

1091 704 1234 772 plane
1295 703 1595 769 singularis,
1664 717 1794 770 quae
1863 708 2085 769 praeter·

1095 793 1244 846 quam
1303 778 1355 829 in
1396 775 1615 839 Christo,
1660 776 1710 828 in
1778 775 1920 827 nullo
1985 775 2084 827 alio

1096 853 1202 904 sive
1242 851 1467 912 homine,
1511 852 1620 903 sive
1654 849 1839 918 angelo
1889 849 2086 902 inveni·

1098 932 1198 978 tur:
1243 926 1361 977 unio
1400 924 1844 994 incircumscripta,
1906 923 1972 976 ad
2033 939 2086 976 o-

1101 1015 1241 1052 mnes
1267 1001 1494 1052 actiones
1525 1000 1816 1068 personales
1843 1004 2059 1051 extensa
2070 1015 2086 1062 3

1099 1081 1149 1126 et
1187 1075 1306 1126 unio
1344 1075 1591 1134 continua,
1644 1089 1774 1141 quae
1838 1089 1868 1126 a
1930 1074 2087 1140 primo

1099 1149 1440 1216 conceptionis
1479 1147 1663 1200 Christi
1707 1152 1965 1199 momento
2012 1147 2087 1198 in·

1099 1224 1252 1290 cepit,
1307 1238 1566 1290 nunquam
1626 1223 1911 1288 interrupta
1974 1219 2090 1282 fuit,

1100 1303 1151 1348 et
1190 1299 1238 1347 in
1280 1304 1546 1348 aeternum
1599 1312 1697 1347 non
1760 1294 2089 1347 dissolvetur.

1103 1370 1398 1440 Rectissime
1441 1372 1594 1435 igitur
1624 1371 1741 1421 unio
1773 1369 2094 1438 hypostatica

1105 1452 1213 1511 post
1256 1447 1495 1496 unionem
1519 1461 1607 1495 seu
1646 1445 1810 1512 potius
1840 1445 2091 1495 unitatem

1106 1521 1255 1569 trium
1283 1535 1612 1586 personarum
1645 1520 1692 1570 in
1724 1534 1824 1569 una
1852 1521 2095 1583 essentia,

1103 1594 1328 1644 omnium
1361 1595 1603 1644 unionum
1634 1595 1852 1644 muoeima
1881 1600 1931 1643 et
1955 1608 2095 1661 prae-

1103 1667 1405 1718 stantissima
1470 1668 1673 1719 dicitur.
1744 1668 1797 1718 ld
1873 1666 2095 1732 theologi

1105 1743 1435 1808 sequentihus
1466 1743 1746 1793 rationibus
1778 1741 1989 1809 probare
2017 1757 2096 1791 so-

1109 1816 1229 1866 lent.
1277 1815 1346 1866 Eo
1415 1818 1572 1867 maior
1637 1831 1697 1867 ac
1759 1817 2097 1882 praestantior

1106 1891 1363 1940 aestimari
1393 1890 1540 1941 debet
1570 1891 1689 1940 unio
1718 1898 2091 1950 extremorum,

1106 1979 1204 2030 quo
1246 1963 1443 2030 longius
1484 1972 1709 2016 extrema
1742 1981 1766 2013 a
1799 1981 1852 2015 se
1883 1965 2093 2024 distant,

1106 2045 1156 2088 et
1195 2053 1292 2104 quo
1336 2038 1606 2104 perfectius
1650 2046 1819 2090 tamen
1863 2040 1996 2090 inter
2046 2053 2099 2089 se

1110 2113 1388 2174 uniuntur3
1433 2113 1570 2181 atqui
1614 2123 1844 2164 extrema
1899 2113 2099 2165 unionis

1109 2185 1458 2253 hypostaticae
1498 2202 1681 2255 nempe
1712 2195 1895 2240 natura
1926 2188 2100 2238 divina

1109 2267 1158 2312 et
1199 2259 1421 2312 humana
1463 2278 1491 2312 a
1532 2278 1586 2313 se
1627 2262 1825 2314 infinite
1886 2262 2095 2321 distant,

1110 2339 1159 2385 et
1200 2341 1369 2387 tamen
1413 2336 1480 2386 ita
1525 2337 1793 2396 uniuntur,
1841 2342 1895 2388 ut
1946 2351 2101 2388 unam

1114 2423 1377 2474 personam
1420 2411 1767 2461 constituant:
1812 2426 1934 2476 ergo
1975 2410 2102 2461 haec

1114 2483 1230 2532 unio
1274 2484 1494 2534 maxima
1550 2491 1599 2535 et
1666 2485 2102 2551 praestantissima

1113 2563 1188 2606 est
1229 2555 1459 2609 dicenda.
1506 2556 1665 2610 Tanto
1695 2560 1855 2610 maior
1883 2565 1934 2610 et
1958 2574 2100 2626 prae·

1114 2631 1326 2681 stantior
1366 2638 1442 2683 est
1500 2634 1638 2691 unic,
1702 2639 1952 2700 quantum
2002 2647 2104 2684 me-

1114 2703 1273 2764 dium,
1318 2705 1367 2755 in
1410 2721 1507 2773 quo
1535 2714 1765 2757 extrema
1789 2707 2106 2775 coniungun-

1117 2784 1217 2837 tur,
1262 2786 1338 2830 est
1381 2780 1544 2846 magis
1586 2796 1746 2831 unum
1788 2787 1838 2831 et
1866 2781 2104 2848 simplex,

1118 2852 1277 2919 inagis
1320 2854 1484 2905 nobile
1525 2861 1575 2905 et
1617 2855 1930 2921 perfectum:
1962 2856 2104 2924 atqui

1118 2926 1165 2976 in
1209 2928 1396 2978 unione
1427 2927 1743 2996 hypostatica
1774 2929 2021 2991 medium,
2053 2930 2103 2982 in

1118 3015 1215 3067 quo
1274 3008 1504 3053 extrema
1564 3003 1969 3068 coniunguntur,
2030 3011 2107 3055 est

1121 3089 1332 3139 person-a
1376 3074 1527 3127 Verbi
1561 3078 1694 3129 sicut
1732 3077 2107 3145 simplicissima

1122 3151 1189 3198 ita
1231 3149 1539 3200 nobilissima
1598 3156 1650 3202 et
1705 3150 1938 3217 infinita3
2007 3154 2107 3204 imo

1122 3221 1254 3272 istud
1296 3223 1519 3275 medium
1561 3231 1639 3276 est
1679 3227 1902 3278 maxime
1945 3241 2107 3278 unum

1121 3302 1274 3363 atque
1313 3312 1430 3348 cum
1470 3313 1570 3349 uno
1609 3305 1863 3362 extremo,
1923 3315 2107 3367 nempe

0 3412 1 3427 ἶ
79 3361 163 3428 qui
197 3361 349 3415 certis
387 3362 699 3431 temporibus
735 3379 767 3416 a
815 3363 921 3417 Deo
985 3366 1059 3418 in·
1124 3376 1305 3421 natura
1353 3369 1523 3424 divina
1586 3373 1794 3426 realiter
1858 3374 1992 3426 idem
2057 3381 2109 3426 et

122 3530 172 3580 (ι)
198 3531 233 3575 ³,
256 3541 290 3577 q.
315 3532 349 3577 ι,
373 3538 440 3571 m.
463 3532 498 3570 τ.

1166 3540 1219 3586 (2)
1244 3542 1308 3579 En.
1334 3542 1370 3579 in
1396 3542 1523 3580 psalm.
1547 3542 1603 3588 8⁵,
1627 3554 1662 3581 n.
1690 3544 1744 3582 12
