2332 3860
750 206 870 242 pAns
894 184 945 243 Δι.
988 191 1155 244 sem-io
1193 209 1229 245 1.
1273 207 1423 245 carm
1463 209 1517 246 n.

113 286 265 354 nique
311 284 442 352 »quia
505 282 662 337 braces
736 284 836 338 dies
897 285 1108 338 hominis

113 365 227 411 sunt
268 354 366 428 (l),
411 362 464 408 et
501 362 705 424 tempus
736 359 829 419 ,cui
870 375 962 411 nos
989 360 1108 412 sub-

111 431 232 484 iecti
268 445 449 483 sumus
469 468 510 502 ,¹
531 430 779 483 velociter
830 433 1111 500 pertransit

112 503 212 575 (2),
257 504 378 555 dum
418 511 604 572 tempus
656 504 887 557 habemus
944 522 1109 575 opere·

111 592 224 629 mur
263 576 440 629 bonum
481 575 579 647 (3),
624 584 681 630 ut
733 579 978 631 moralem
1020 596 1111 631 no-

111 657 271 703 stram
310 650 671 718 perfectionem
725 660 1106 719 promoventeS,

120 723 340 777 salutem
379 730 644 777 aeternam
670 740 1067 794 consequamur.

525 847 563 906 ς
595 847 688 894 55.

371 937 424 971 De
446 936 745 973 immutabilitate
775 937 853 973 Dei.

184 1017 620 1071 Immutabilitatis
679 1020 884 1071 nomine
924 1018 1109 1070 intelli·

111 1092 251 1158 gitur
279 1091 403 1144 illud
430 1091 521 1144 Dei
560 1093 886 1153 attributum,
931 1093 981 1143 vi
1022 1108 1111 1144 cu-

112 1166 193 1218 ius
220 1167 268 1218 in
311 1165 492 1218 eodem
519 1182 721 1235 semper
748 1173 885 1219 statu
912 1181 1109 1232 perma-

114 1246 220 1291 net.
266 1239 399 1291 Dum
454 1256 575 1306 ergo
614 1239 776 1291 Deum
819 1239 1109 1292 immutabi-

118 1310 220 1364 lem
261 1313 498 1373 dicimus,
531 1314 699 1381 eoipso
722 1314 785 1366 ab
812 1314 992 1366 eodem
1032 1329 1109 1364 re-

128 1401 395 1438 movemus
409 1402 587 1439 omnes
619 1390 926 1439 mutationes
942 1386 1110 1455 physi-

116 1475 196 1511 cas
217 1466 267 1512 et
286 1464 518 1518 morales,
541 1476 671 1529 quas
699 1462 746 1512 in
765 1461 968 1513 entibus
989 1476 1108 1510 con-

116 1534 793 1601 tingentibusobservamuS.
820 1534 958 1585 Haec
972 1533 1108 1584 enim

114 1606 324 1673 physice
353 1607 536 1658 mutari
561 1607 800 1658 dicuntur
821 1607 984 1675 quoad
1006 1607 1110 1658 eati-

113 1681 359 1739 stentiam,
398 1681 520 1731 dum
571 1680 648 1731 vel
687 1696 797 1733 esse
836 1681 1106 1746 incipiunt,

119 1751 200 1802 vel
243 1768 354 1804 esse
394 1753 664 1816 desinunt;
709 1753 874 1821 quoad
916 1753 1112 1820 quami-

125 1832 290 1885 tatem,
347 1841 463 1877 cum
518 1826 650 1878 mole
697 1826 780 1876 vel
828 1833 1107 1886 crescunt,

124 1898 204 1949 vel
274 1899 616 1959 minuuntur,
679 1900 844 1967 quoad
901 1898 1111 1966 qzialita-

120 1978 235 2033 tem,
277 1988 432 2040 quam
497 1972 750 2039 recipiunt
814 1979 905 2023 aut
964 1973 1112 2023 aniit-

118 2051 254 2108 tunt3
272 2046 436 2114 quoad
463 2055 668 2114 tempuS,
686 2047 833 2098 cuius
853 2052 1109 2097 momenta

120 2119 217 2171 sibi
281 2121 525 2172 contiuuo
577 2119 895 2183 succedunt;
944 2118 1109 2186 quoad

71 2195 73 2197 ’
122 2192 299 2254 locum,
330 2209 447 2245 cum
477 2193 538 2244 de
562 2209 663 2244 uno
690 2195 740 2245 in
764 2194 921 2244 alium
949 2200 1112 2243 trans-

121 2265 378 2329 feruntur3
421 2267 586 2335 quoad
610 2268 865 2326 actionem,
909 2265 1112 2333 quando

121 2354 152 2390 a
193 2341 417 2407 potentia
458 2346 729 2392 transeunt
778 2340 841 2392 ad
889 2347 1107 2397 actum,

89 2418 184 2479 xut
223 2415 307 2466 ex.
351 2429 430 2483 gr.
494 2414 756 2474 animalia,
801 2413 923 2464 dum
974 2413 1112 2463 ince-

126 2485 276 2553 dunt,
345 2487 801 2539 manducantem.
853 2485 1114 2538 Moraliter

126 2560 265 2612 entia
332 2568 513 2612 natura
567 2558 817 2627 spirituali
886 2559 1111 2627 praedita

123 2639 392 2685 mutantur
430 2633 596 2702 quoad
637 2634 946 2692 intellectam,
992 2632 1114 2682 dum

126 2705 207 2756 vel
251 2722 410 2759 novas
449 2707 765 2773 cognitiones
816 2707 1110 2774 acquirunt,

131 2777 212 2830 vel
270 2779 636 2848 acquisitarum
701 2780 1111 2842 obliviscuntur3

128 2858 179 2903 et
219 2853 384 2919 quoad
441 2853 752 2913 voluntatem,
796 2869 927 2920 quae
969 2851 1116 2904 modo

131 2925 182 2976 in
210 2924 326 2986 hoc,
353 2925 503 2977 modo
530 2925 579 2976 in
608 2926 735 2977 illud
763 2925 947 2986 tendit,
980 2941 1117 2976 nunc

131 2996 228 3050 hoc
292 2998 453 3067 eligit,
498 3014 636 3050 nunc
685 2999 818 3067 quod
867 2998 1113 3064 elegerat,

78 3111 86 3113 ⁴
138 3072 304 3124 reiicit
354 3079 456 3123 etc.
500 3071 690 3124 Omnes
727 3073 854 3124 istae
883 3071 1120 3122 mutatio-

2060 19 2076 44 ἱ
2118 0 2120 10 ³

2012 198 2088 252 93·

1164 288 1396 341 ,tabilitas
1433 295 1513 341 est
1551 288 1914 356 praedicanda,
1945 288 2046 360 qua
2065 310 2156 347 en·

1173 361 1311 413 tibus
1349 362 1768 430 contingentibus
1806 370 1857 415 et
1896 367 2156 418 mutabili·

1173 435 1267 487 bus
1324 435 1476 504 longe
1539 435 1824 488 antecellit.
1884 466 1956 476 --
1995 437 2157 490 Deum

1175 508 1377 574 penitus
1405 508 1781 562 immutabilem
1802 525 1936 572 esse,
1980 511 2157 579 proba-

1172 588 1282 633 tur:

1245 655 1297 706 1.
1323 654 1407 707 Ea:
1424 654 1698 722 Scriptura.
1729 653 1882 707 Num.
1908 655 2045 706 enim
2066 655 2155 714 23,

1174 726 1262 788 49,
1280 729 1486 792 legitur:
1504 728 1617 781 Nan
1631 736 1698 780 est
1712 728 1842 780 Deus
1862 729 2004 795 quasi
2024 728 2160 780 homo

1170 808 1223 851 ut
1252 802 1540 862 memiatun
1572 818 1657 852 nec
1683 809 1736 853 ut
1764 802 1896 870 fitius
1923 801 2156 861 hominis,

1171 882 1224 924 ut
1264 882 1495 926 mutetur.
1541 873 1761 926 Malach.
1807 875 1860 935 5,
1925 875 1979 935 6,
2021 875 2161 927 Deus

1172 947 1277 1013 ipse
1305 949 1395 999 ait:
1442 949 1543 1014 qu
1568 947 1804 1000 Dominus
1843 955 1886 1000 et
1924 964 2029 1019 non*
2058 964 2163 999 mu-

1172 1027 1246 1071 tor
1288 1019 1384 1090 (ln).
1435 1021 1489 1072 In
1530 1019 1590 1072 N.
1650 1021 1706 1072 T.
1764 1021 1826 1072 de
1865 1021 1972 1073 Deo
2012 1021 2161 1073 Patre

1174 1094 1424 1144 luminum
1468 1094 1675 1146 dicitur:
1707 1092 1852 1161 Apud
1890 1109 2031 1162 quem
2065 1110 2162 1146 non

1170 1175 1236 1217 est
1278 1167 1652 1227 transmittatiO,
1694 1183 1777 1219 aec
1809 1167 2162 1220 vicissitudinis

1171 1239 1470 1291 obumbratio
1498 1238 1599 1310 (5).

1244 1314 1296 1364 2.
1343 1314 1432 1366 Ex
1488 1313 1785 1365 Traditione.
1835 1312 2162 1366 Tertullianus

1171 1386 1289 1438 adv.
1334 1386 1484 1438 Prax.
1519 1385 1593 1456 (6)
1625 1387 1723 1438 ait:
1771 1405 1797 1434 «
1842 1386 2004 1439 Deum
2069 1388 2161 1438 im·

1171 1459 1475 1512 mutabilem
1526 1467 1577 1512 et
1606 1460 1984 1512 informabilem
2023 1460 2161 1512 credi

1174 1549 1381 1585 necesse
1421 1540 1518 1593 est,
1551 1540 1607 1585 ut
1657 1533 2163 1585 aeternum—Deus

1175 1622 1339 1674 neque
1379 1606 1567 1658 desinit
1611 1622 1743 1667 esse,
1795 1622 1959 1674 neque
2023 1606 2162 1657 ali-ud

1175 1686 1339 1745 potest
1378 1696 1508 1731 esse.
1535 1701 1558 1727 n
1586 1678 1816 1747 Oriyenes
1855 1686 1992 1731 cont.
2022 1679 2157 1731 Cels.

1174 1752 1247 1822 (7)
1279 1753 1474 1805 scribit:
1511 1772 1537 1800 «
1567 1752 1898 1812 ‚ludaeorum
1930 1758 1982 1804 et
2020 1751 2163 1803 Chri-

1172 1827 1454 1877 stianorum
1495 1826 1723 1877 doctrina
1749 1855 1821 1863 —
1851 1826 2014 1877 Deum
2052 1840 2163 1877 mu-

1175 1899 1379 1949 tationis
1417 1899 1601 1957 omniS‚
1652 1899 2050 1965 variationisque
2078 1913 2165 1948 ex·

1175 1978 1367 2038 pertem
1413 1971 1697 2037 profitetur.
1747 1991 1771 2018 η
1814 1970 1866 2023 S.
1900 1969 2163 2038 Gregorius

1174 2045 1323 2112 Nyss.
1373 2044 1447 2112 (8)
1491 2045 1683 2112 inquit:
1733 2064 1759 2092 (ε
1813 2044 1929 2096 Sola
1985 2052 2165 2095 natura

1175 2118 1349 2169 divina
1393 2119 1560 2169 omnis
1586 2118 1935 2169 conversionis
1965 2124 2013 2168 et
2054 2131 2166 2167 mu-

1177 2192 1384 2243 tationis
1424 2207 1605 2258 expers
1646 2198 1742 2243 est..
1771 2197 1796 2239 ⁴»
1838 2190 1890 2243 S.
1934 2189 2166 2258 Auyusti-

1174 2282 1267 2315 iius
1303 2263 1387 2336 (9)
1428 2265 1554 2316 haec
1595 2265 1749 2316 habet
1782 2281 1795 2314 :
1864 2283 1889 2311 «
1933 2263 2024 2315 Illa
2090 2269 2166 2314 est

1176 2355 1297 2390 vera
1327 2340 1623 2398 aeternitaS,
1651 2352 1781 2406 quae
1811 2353 1931 2388 vera
1962 2337 2164 2388 immor-

1179 2413 1366 2471 talilaS,
1412 2411 1505 2462 hoc
1569 2418 1646 2462 est
1698 2411 1786 2462 illa
1849 2426 2048 2462 summa
2090 2411 2166 2460 in-

1178 2484 1633 2545 commutabilitaffi
1677 2499 1829 2552 quam
1860 2484 1999 2535 solus
2026 2483 2167 2534 Deus

1180 2560 1351 2619 habet,
1406 2558 1490 2624 qui
1549 2558 1735 2607 mutari
1803 2557 2010 2608 omnino
2064 2571 2165 2608 non

1180 2639 1361 2699 potest.
1393 2629 1487 2682 »S.
1510 2628 1775 2697 Greqorias
1800 2629 1872 2681 M.
1895 2627 2009 2699 (10)
2041 2629 2166 2681 haec

1176 2705 1398 2765 subiicit:
1459 2723 1485 2752 «
1528 2702 1653 2764 Quia
1706 2704 1754 2754 in
1810 2702 1913 2754 Deo
1953 2702 2169 2754 mutabi-

1180 2780 1293 2830 litas
1334 2793 1433 2829 non
1463 2777 1624 2836 venit,
1668 2776 1806 2827 nulla
1852 2777 1962 2827 eius
1998 2775 2170 2827 lumen

1180 2853 1359 2903 umbra
1389 2849 1752 2902 vicissitudinis
1802 2848 2092 2900 intercedit.
2142 2869 2164 2896 υ

1180 2925 1234 2976 ln
1277 2924 1332 2975 C.
1379 2924 1698 2975 Lateranense
1744 2919 1835 2974 IV.
1881 2921 1993 2992 (lt)
2034 2922 2169 2974 Deus

1178 2996 1589 3050 incommutabilis
1628 2996 1833 3047 dicitur.

1296 3071 1420 3122 ,Em
1445 3070 1654 3121 ratione.
1690 3068 1741 3138 α)
1778 3067 2170 3121 immutabilitas

131 3159 224 3196 nes
272 3161 303 3198 a
366 3144 472 3198 Deo
525 3146 728 3213 penitus
777 3144 1120 3197 removendae
1182 3143 1272 3196 Dei
1313 3143 1598 3196 necessario
1651 3142 1869 3242 infertur
1918 3157 1985 3195 ex
2033 3146 2169 3195 recta

131 3225 270 3280 sunt,
315 3224 366 3272 et
391 3220 684 3272 omnimoda
710 3219 811 3272 de
800 3235 909 3288 ipso
935 3219 1119 3271 immu-

176 3358 230 3404 (1)
253 3360 327 3396 lob.
353 3361 408 3404 14,
432 3362 463 3396 5.

197 3404 217 3437 2
257 3405 332 3439 Iob.
357 3405 379 3440 9
417 3406 471 3440 25.

197 3403 235 3578 3³
256 3448 332 3483 Gal.
357 3449 389 3490 Β,
414 3449 470 3483 10.

194 3490 215 3524 ι
255 3491 674 3538 c‹.1›s.101‚27.sap.
699 3494 733 3537 7,
756 3492 813 3529 27.

175 3532 215 3577 (ε
253 3534 382 3578 κιαι,
407 3534 461 3572 17.

36 3578 59 3598 ’Ὦ

32 3625 48 3658 :f

70 3827 75 3830 '
122 3835 154 3860 -κ

1226 3315 1274 3359 (6)
1303 3317 1386 3360 Cap.
1415 3317 1467 3351 27.

1227 3359 1276 3402 (7)
1304 3362 1380 3395 Lib.
1414 3361 1445 3401 1,
1471 3371 1504 3394 n.
1529 3361 1558 3395 2.
1600 3366 1607 3373 ⁸

1229 3405 1277 3443 (8)
1302 3405 1417 3439 'ri-act.
1441 3407 1500 3438 alt.
1528 3407 1564 3439 in
1591 3406 1643 3440 Ps.
1669 3415 1699 3439 c.
1725 3406 1756 3440 ί..

1229 3448 1277 3488 (9)
1306 3449 1357 3482 De
1382 3454 1453 3482 nat.
1477 3449 1562 3483 boni
1588 3458 1618 3483 c.
1645 3448 1698 3483 39.

1229 3491 1297 3533 (10)
1324 3492 1401 3525 Lib.
1424 3491 1481 3531 12,
1508 3493 1596 3527 Mor.
1618 3501 1650 3526 c.
1668 3492 1723 3527 83.

1228 3533 1297 3571 ‘ui
1325 3534 1407 3570 Luc.
1434 3538 1496 3571 cit.
