2332 3860
115 34 138 46 iv.

93 55 125 87 Ρ

694 149 809 188 mus
845 148 918 187 ιιι.
961 146 1126 187 sperio
1162 148 1217 186 ιι.
1260 144 1411 187 caru-r
1447 145 1504 184 ιι.
1976 117 2086 183 853
2153 172 2158 182 .

76 213 82 218 ¹
118 233 275 293 illum,
302 233 468 302 ipsum
514 229 683 285 lesum
746 232 1098 294 resuscitasse,
1163 228 1260 282 dici
1301 232 1518 297 poterat,
1561 241 1661 296 quo
1711 222 1965 294 apertius
1993 241 2158 279 sana-⁴
2209 256 2211 258 -

20 341 29 362 ι
66 310 79 381 ιζ
119 311 204 379 qui
246 308 443 365 Psalmo
481 306 526 360 11
563 305 627 359 ad
663 306 900 357 'eundem
943 306 1099 358 dixit:
1168 304 1328 356 tiones
1367 300 1659 354 morborum
1699 299 2039 369 corporalium
2069 315 2152 352 cu-

45 383 53 391 '
120 382 281 436 Filius
316 397 452 435 meus
488 396 535 433 es
573 387 646 441 tu,
687 395 769 447 eqo
796 379 932 432 hodie
958 378 1108 446 qenui
1167 376 1387 430 rationes
1451 375 1741 445 morborum
1812 373 2154 443 spiritualium

7 439 66 533 ἶ
122 463 183 510 te.
253 455 316 509 Et
372 454 652 508 certissime
710 453 943 506 Christus
1006 455 1107 511 iam

7 558 10 560 ·
122 537 241 583 ante
269 530 693 583 resurrectionem
713 527 949 580 filiusDei
974 533 1102 586 erat,

8 618 10 620 ’
122 609 298 672 utpote
337 602 473 655 hodie
511 603 546 654 i.
591 618 638 654 e.
682 602 746 654 ab
785 609 991 653 aeterno
1020 616 1104 665 ge-

123 680 280 731 nitus
330 678 442 728 ldeo
484 676 582 728 iam
623 683 744 728 ante
784 676 1110 727 resurrectio-

54 766 56 769 ·
124 767 242 804 nem
284 750 514 804 Christus
537 750 831 802 solemniter
858 749 991 801 filius
1022 748 1109 799 Dei

126 824 417 878 declaratus
455 832 531 876 est
574 840 753 892 nempe
782 825 830 875 in
862 824 1111 889 baptismo

128 898 205 971 (l)
246 906 296 952 et
335 901 383 951 in
429 898 876 965 transfiguratione
897 896 991 966 (ᾖ).
1013 896 1114 948 Me-

129 974 278 1027 minit
316 979 485 1024 autem
528 972 786 1040 apostolus
826 972 939 1023 Act.
972 969 1109 1027 Xll1‚

129 1047 199 1101 55
245 1048 402 1100 solius
439 1048 822 1099 resurrectionis
837 1087 853 1107 ‚.
881 1047 997 1113 quia
1028 1061 1116 1111 per

129 1122 263 1175 hanc
303 1123 526 1174 maxime
566 1122 730 1189 patuit
768 1121 938 1172 divina
974 1118 1117 1170 Chri-

132 1197 194 1250 sti
234 1195 428 1254 filiatio,
471 1202 699 1263 quaeest
729 1194 1115 1246 fundamentum

132 1277 185 1323 et
224 1285 376 1322 causa
404 1269 673 1322 sacerdotii
700 1269 885 1321 Christi
908 1269 1119 1337 eiusque

132 1344 534 1398 resurrectionis.

208 1418 315 1471 obi.
359 1417 442 1469 5.·
487 1417 790 1470 Vaticinium
818 1416 977 1469 Isaiae
1004 1430 1116 1482 cap.

134 1491 278 1554 LIII,
323 1492 392 1555 5,
436 1492 769 1561 adimpletum
831 1496 932 1551 est,
1002 1490 1124 1541 dum

59 1570 62 1571 ’
131 1566 371 1620 Christus
412 1568 537 1619 varii
578 1569 781 1632 generis
811 1565 1011 1618 morbos
1037 1580 1125 1615 cu·

51 1682 58 1686 f
138 1642 303 1703 ravit3
349 1657 466 1693 nam
513 1641 693 1693 Matth.
727 1640 842 1700 Vll,
880 1640 965 1700 16,
996 1646 1121 1698 etc.‚

140 1714 367 1781 legitur:
412 1714 583 1768 Omnes
621 1718 746 1767 male
794 1714 1012 1767 habentes
1051 1729 1128 1763 cu-

140 1792 287 1847 ravit,
313 1797 367 1840 ut
393 1790 758 1857 adimpleretur,
793 1790 920 1858 quod
948 1789 1128 1840 dictum

141 1870 208 1916 est
244 1879 334 1930 per
372 1864 557 1915 Isaiam
575 1864 854 1933 prophetam
873 1864 1127 1915 dicentem.-

53 1942 62 1962 “
141 1937 247 2006 Ipse
286 1938 591 2006 infirmitates
633 1948 820 1990 nostras
859 1939 1059 2007 accepit,
1089 1944 1130 1987 et

142 2014 491 2080 aeqrotationes
510 2022 699 2065 nostras
725 2014 956 2079 portavit.
990 2011 1131 2064 Chri-

146 2093 256 2138 stus
313 2102 434 2139 vero
490 2104 589 2139 non
651 2103 738 2156 per
798 2089 1082 2156 passionem
1116 2126 1128 2146 ,

147 2161 235 2212 sed
277 2176 366 2227 per
406 2161 647 2214 virtutem
689 2162 915 2214 divinam
956 2178 1133 2226 aegro-

149 2240 227 2287 tos
265 2236 506 2299 sanavit3
550 2251 670 2302 ergo
710 2253 775 2288 ex
815 2239 967 2289 citato
1026 2239 1135 2291 loco

150 2310 326 2377 nequit
366 2309 537 2361 inferri
586 2311 861 2363 satisfactio
896 2315 1135 2380 praestita

156 2399 246 2451 pro
289 2384 526 2450 peccatis,

225 2459 363 2525 Resp.
411 2457 688 2510 Matthaeus
731 2457 898 2513 locum
926 2460 1140 2529 prophe-

155 2537 238 2582 tae
275 2531 607 2599 adimpletum
647 2534 828 2585 asserit
868 2550 965 2586 non
1031 2537 1140 2603 qui-

156 2604 271 2656 dem
314 2606 462 2673 plene
501 2613 552 2658 et
591 2607 833 2674 perfecte,
878 2609 965 2660 sed
1001 2616 1141 2676 parte

157 2679 347 2747 aliqua.
390 2679 622 2733 Christus
656 2682 788 2733 enim
819 2690 1140 2751 peccatorum

158 2767 348 2820 poenas
386 2754 435 2805 in
475 2770 531 2806 se
570 2756 826 2822 suscipere
866 2764 918 2809 et
943 2758 1143 2810 auferre

159 2826 363 2891 voluit3
406 2835 485 2881 ast
510 2829 574 2880 ad
604 2837 930 2896 peccatorum
959 2848 1145 2900 poenas

162 2899 362 2953 dolores
400 2903 554 2955 etiam
592 2909 643 2955 et
683 2905 842 2957 morbi
872 2907 1146 2974 pertinent,

162 2989 378 3043 quorum
418 2978 557 3044 origo
621 2985 827 3044 peccato
890 2981 1144 3049 originali,

164 3055 215 3100 et
256 3065 498 3118 persaepe
538 3051 692 3104 etiam
723 3054 942 3121 peccatis
968 3062 1149 3107 actua-

164 3120 299 3175 libus
354 3125 690 3178 adscribenda
750 3133 846 3180 est.
920 3127 1151 3182 Christus

168 3211 290 3263 ergo
327 3201 555 3253 sanando
592 3206 852 3264 aegrotOS,
896 3219 959 3255 ex
1007 3211 1152 3271 parte

1170 449 1598 519 praefigurabant,
1642 464 1768 517 quas
1827 465 1915 515 per
1975 449 2157 515 passio-

1172 542 1286 577 nem
1326 532 1378 577 et
1417 530 1631 576 mortem
1687 528 1919 589 peractas
1977 521 2154 583 fuisse,

1171 598 1421 666 Propheta
1467 598 1517 650 in
1558 595 1984 665 subsequentibus
2050 610 2159 647 vet·-

1171 674 1345 725 siculis
1384 671 1522 723 clare
1561 673 1772 736 exponit
1812 669 2012 720 dicens:
2053 667 2161 721 Vat-

1174 756 1374 798 neratus
1411 753 1478 797 est
1514 752 1708 813 propter
1757 743 2040 812 iniquitates
2080 759 2163 794 no-

1172 830 1319 880 stras,
1353 828 1476 887 etc.,
1516 835 1647 887 quae-
1708 819 1981 886 propbetae
2024 816 2164 868 testi·

1175 896 1342 947 monia
1381 895 1448 946 ita
1494 894 1758 961 perspicua
1799 896 1939 952 sunt,
1974 897 2029 942 ut
2058 892 2165 959 ipse

1178 970 1383 1022 δοθέντας
1423 968 1587 1019 fassus
1626 970 1710 1026 sit,
1758 966 1914 1018 isaiae
1958 966 2168 1032 prophe-

1178 1046 1299 1096 tiam
1341 1045 1389 1094 in
1428 1043 1675 1110 corporali
1714 1042 1876 1094 solum
1900 1041 2168 1092 sanatione

1179 1119 1378 1186 proprie
1421 1118 1741 1186 perfecteque
1783 1131 1882 1168 non
1924 1130 2036 1168 esse
2074 1114 2168 1167 im·

1181 1192 1371 1261 pletam
1397 1189 1495 1263 (ὅ).

1478 1335 1767 1372 ARTIGULUS
1790 1335 1870 1371 111.

1255 1413 1306 1448 De
1328 1412 1496 1449 libertate
1519 1411 1649 1448 Christi
1674 1412 1711 1446 in
1739 1416 1856 1446 morte
1878 1409 2105 1455 perferenda.

1572 1545 1611 1603 ς
1652 1545 1795 1590 zois,

1259 1638 1536 1697 Sociniani‚
1587 1643 1644 1688 ut
1685 1652 1783 1687 uno
1844 1634 2005 1686 veluti
2072 1634 2176 1685 ictu

1191 1719 1367 1772 totam,
1411 1728 1564 1780 quam
1612 1710 1848 1763 catholici
1882 1709 2175 1768 adstruunt,

1192 1787 1569 1853 Redemptionis
1633 1785 1980 1837 oeconomiam
2034 1797 2179 1834 ever-

1192 1868 1321 1922 tant,
1368 1868 1558 1912 temere
1598 1860 1885 1919 clamitant,
1917 1856 2179 1911 Christum

1194 1936 1327 1987 baud
1372 1934 1527 1987 libere
1570 1934 1659 1986 sed
1726 1939 1900 1985 coacte
1966 1939 2184 1983 mortem

1193 2011 1425 2070 subiisse,
1469 2016 1622 2078 atque
1663 2024 1753 2077 per
1793 2009 1894 2059 vim
1923 2006 2186 2075 physicam

1194 2085 1257 2137 ad
1298 2100 1502 2136 crucem
1545 2090 1747 2151 raptum
1779 2082 1954 2142 fuisse,
1980 2088 2030 2133 et
2054 2079 2187 2132 hanc

1195 2161 1257 2211 ob
1310 2174 1519 2211 causam
1584 2174 1674 2228 per
1742 2164 1955 2209 mortem
2024 2169 2189 2224 neque

1200 2250 1289 2286 nos
1328 2234 1601 2293 redi-mere,
1647 2248 1811 2300 neque
1851 2229 2044 2299 aliquid
2104 2245 2192 2280 no-

1200 2309 1274 2360 bis
1315 2308 1591 2375 promereri
1636 2306 1878 2374 potuisse,
1947 2304 2190 2373 quoniam

1201 2383 1437 2435 meritum
1480 2398 1544 2433 ex
1575 2380 1732 2432 libera
1765 2386 1967 2432 tantum
1990 2379 2193 2430 actione

1201 2458 1424 2521 exurgit.
1452 2456 1529 2507 Ex
1557 2455 1735 2507 eadem
1758 2455 1953 2506 ratione
1984 2457 2193 2518 negant,

1204 2534 1251 2582 in
1295 2547 1382 2582 ara
1423 2530 1589 2582 crucis
1631 2530 1738 2580 veri
1773 2528 1992 2580 nominis
2040 2526 2195 2579 sacri-

1205 2606 1377 2657 ficium
1416 2605 1643 2656 oblatum
1675 2603 1846 2654 fuisse.
1874 2602 2000 2654 Nam
2029 2602 2194 2662 aiunt,

1206 2680 1484 2731 fatentibus
1523 2679 1644 2746 ipsis
1684 2676 1951 2730 catholicis
1989 2675 2052 2727 ad
2119 2690 2198 2728 sa-

1206 2755 1456 2806 crificium
1513 2753 1775 2819 legitimus
1835 2751 2069 2802 minister
2125 2763 2203 2802 re-

1207 2829 1446 2897 quiritur.
1492 2826 1755 2879 Christum
1794 2832 1967 2877 autem
2033 2823 2203 2876 carni-

1210 2903 1330 2955 fices
1371 2901 1604 2954 infideles
1644 2903 2037 2960 interemerunt,
2075 2913 2203 2967 quos

1212 2993 1309 3029 non
1378 2978 1532 3028 fuisse
1597 2975 1854 3040 legitimos
1918 2973 2201 3032 ministrOS,

1210 3067 1388 3104 omnes
1427 3052 1630 3113 sciunt3
1661 3065 1803 3115 erg0‚
1837 3047 2106 3099 deficiente
2136 3045 2206 3097 le-

1211 3127 1387 3192 gitimo
1427 3125 1678 3183 ministro,
1711 3123 1839 3175 ratio
1879 3120 2115 3175 sacrificii
2155 3120 2205 3171 in

1215 3207 1375 3251 morte
1413 3198 1597 3250 Christi
1639 3213 1740 3250 non
1767 3196 1947 3250 adfuit.
1976 3196 2049 3249 Ad
2075 3195 2208 3246 hanc

168 3269 350 3323 saltem
390 3272 550 3328 Isaiae
578 3275 878 3329 vaticinium
898 3277 1149 3346 implevit,
1215 3272 1564 3325 difficultatem
1609 3269 2211 3331 tollendam‚ostenden-

167 3344 303 3413 quod
354 3362 414 3401 eo
475 3349 638 3418 magis
700 3349 764 3402 ab
827 3349 1154 3420 Evangelista
1216 3348 1336 3400 dum
1377 3353 1494 3410 est,
1540 3346 1792 3423 Christum
1848 3345 1993 3398 tibere
2048 3348 2211 3395 semet-

179 3581 188 3589 .
217 3522 271 3570 u)
294 3520 420 3559 uana.
444 3519 477 3563 a.
501 3520 555 3559 u.

812 3522 862 3568 (a)
889 3524 1013 3561 matth.
1041 3521 1097 3568 ιτ,
1122 3521 1155 3560 s.

1271 3521 1321 3569 (a)
1342 3521 1429 3558 viae
1453 3520 1599 3567 moptei
1622 3520 1682 3556 ιιι).
1709 3521 1744 3562 s,
1767 3518 1792 3565 5
1817 3515 1872 3562 w,
1895 3520 1996 3553 nota.
