2332 3860
328 152 436 206 1232

2306 90 2329 130 -J,
2289 0 2332 79 *φ’-Ξῖ,

685 171 747 210 DE
785 172 878 212 DEO
916 171 1051 212 LAPSI
1095 175 1288 213 HUMANJ
1325 173 1529 213 GENERIS
1563 174 1901 215 REDEMPTORE.

254 248 558 304 voluntariis
583 251 854 307 affectibus
879 256 1188 310 animorum.
1221 274 1244 306 w
1311 271 1402 309 nes
1439 257 1586 319 istae,
1630 274 1747 312 cum
1787 272 2054 312 versemur
2098 260 2173 314 in·
2208 261 2299 314 do-

252 322 305 376 Si
345 331 518 378 autem
564 335 864 395 quaeratur,
934 345 1026 383 cur
1089 330 1247 384 Maria

252 406 499 468 perpetua
541 400 699 470 Virgo
748 419 1084 470 permansura
1144 421 1247 457 ma-

250 474 491 526 trimonio
529 490 648 528 cum
688 475 903 545 Iosepho
942 479 1114 531 iuncta
1139 479 1246 531 fue-

250 547 337 607 rit,
381 557 656 618 sequentes
707 552 932 604 rationes
986 553 1133 605 affert
1187 553 1239 606 S.

247 618 578 692 Hieronymus
599 622 708 695 (1)2
743 645 769 674 «
794 625 902 678 Non
926 627 987 678 de
1016 627 1245 695 simplice

249 696 467 765 virgine,
511 698 599 750 sed
642 699 705 752 de
744 699 1050 767 desponsata
1084 700 1246 772 (Chri-

246 768 378 841 stus)
427 773 779 839 concipitur...
830 776 1013 842 primo,
1060 784 1116 827 ut
1156 793 1245 844 per

244 847 633 911 generationem
673 847 854 916 Ioseph
883 852 1023 918 origo
1051 850 1242 903 Mariae

245 918 717 985 demonstraretur3
761 924 989 984 secundo,
1047 940 1110 975 ne
1170 924 1243 976 la-

245 994 507 1061 pidaretur
546 1011 574 1046 a
617 995 817 1047 ludaeis
860 1004 915 1048 ut
968 998 1237 1065 adultera3

246 1069 406 1129 tertio,
477 1075 533 1120 ut
592 1069 642 1120 in
692 1069 974 1139 AEgyptum
1040 1074 1240 1138 fugiens

244 1141 457 1195 haberet
497 1143 774 1208 solatium3
841 1153 1037 1213 martyr
1095 1146 1240 1212 lgna-

246 1218 347 1269 tius
388 1218 543 1269 etiam
583 1227 811 1285 quartam
869 1220 1062 1272 addidit
1121 1237 1240 1273 cau-

247 1307 427 1343 sam...
486 1298 541 1343 ut
602 1300 776 1357 partus
833 1294 942 1345 eius
982 1294 1240 1347 celaretur

245 1364 464 1425 diabolo,
511 1365 630 1417 dum
672 1367 788 1417 'eum
833 1374 995 1434 putat,
1044 1386 1140 1420 non
1177 1371 1237 1422 dc

243 1440 444 1510 virgine
463 1439 552 1492 sed
575 1440 637 1493 de
660 1456 820 1493 uxore
846 1450 1170 1511 generatum.
1208 1465 1232 1494 »

570 1634 804 1685 CAPUT
831 1637 901 1684 n.

391 1747 448 1784 οι
473 1755 714 1785 mvlmTATIS
739 1758 785 1785 εἰ·
809 1757 1076 1789 nummu-ris

461 1814 752 1847 comune-noun
775 1818 816 1846 m
839 1812 1028 1848 Cuiusm-

627 1937 666 1996 ς
696 1938 827 1985 zze.

313 2031 573 2086 Christum
616 2051 801 2088 verum
840 2035 1004 2089 Deum
1048 2045 1098 2091 et
1151 2054 1235 2091 ve-

236 2123 351 2160 rum
395 2109 655 2162 hominem
698 2127 830 2171 esse,
875 2128 940 2164 ex
981 2114 1041 2164 iis
1101 2130 1232 2182 quae

236 2182 486 2235 hactenus
547 2185 683 2237 dicta
740 2191 880 2246 sunt,
949 2189 1231 2241 certissime

236 2264 457 2311 const-at.
520 2258 609 2310 His
669 2259 992 2327 dogmatibus
1051 2262 1230 2314 funda-

236 2333 548 2386 mentalibus
589 2334 687 2385 iam
729 2334 1109 2397 demonstratis,
1154 2338 1229 2388 ul-

234 2407 397 2458 terius
431 2407 801 2476 *inquirendum
842 2417 939 2471 est,
979 2412 1229 2479 quomodo

234 2479 476 2533 divinitas
516 2488 567 2534 et
607 2482 903 2535 humanitas
949 2484 998 2536 in
1030 2484 1228 2538 Christo

234 2557 539 2608 coniunctae
578 2557 698 2609 sint.
745 2557 929 2620 Quaeri
960 2560 1095 2611 enim
1126 2566 1230 2628 pot·

235 2636 340 2682 est:
385 2646 452 2683 an
505 2630 637 2683 alius
683 2632 749 2684 sit
787 2631 1180 2687 Christus-Deus
1211 2676 1224 2697 ,

235 2710 287 2756 et
325 2703 456 2757 alius
507 2703 956 2769 Christus-h0m0‚
1019 2709 1103 2760 vel
1161 2725 1224 2761 an

234 2792 370 2832 unus
409 2778 647 2848 idemque
686 2778 917 2834 Christus
968 2781 1109 2834 Deus
1166 2783 1229 2834 si·

235 2852 343 2903 mul
383 2859 435 2905 et
474 2853 664 2907 homo?
708 2884 779 2894 ——
825 2855 889 2907 Et
934 2855 973 2906 si
1015 2857 1066 2908 in
1124 2872 1224 2908 una

236 2926 517 2996 eademque
555 2945 773 2996 persona
818 2927 1004 2982 Christi
1044 2931 1225 2983 divini-

236 3006 315 3052 tas
372 3008 423 3053 et
480 3002 773 3056 humanitas
825 3005 1222 3072 coniungantur,

236 3074 426 3126 iterum
464 3079 639 3144 quaeri
681 3085 876 3146 potest:
919 3086 1092 3131 utrum
1120 3095 1226 3131 am·

237 3147 333 3201 bae
397 3155 612 3203 naturae
667 3152 841 3205 divina
890 3159 943 3205 et
1001 3153 1225 3206 humana

237 3222 288 3273 vi
329 3221 476 3273 istius
515 3226 717 3278 unionis
754 3227 1110 3287 mutationem,
1135 3244 1225 3280 scu

239 3295 591 3350 confusionem
633 3316 810 3366 passae
867 3303 989 3365 sint,
1054 3310 1225 3355 utrum

242 3370 396 3423 etiam
435 3378 550 3439 post
589 3374 829 3427 unionem
888 3377 1118 3444 integrae
1176 3383 1226 3429 et

240 3444 536 3498 inconfusae
554 3450 957 3514 permanserint?
972 3451 1231 3515 Quaestio-¹

284 3545 337 3591 (ι’)
361 3546 461 3584 Com.
486 3546 523 3582 tn
545 3545 668 3591 caud,
692 3547 820 3584 Maub-

1309 337 1482 397 gmate
1521 348 1647 399 puro
1685 339 1839 402 atque
1890 341 2156 405 mysterio,
2215 335 2322 390 so-³

1312 405 1570 458 lummodo
1588 422 1651 460 ex
1675 406 2009 461 Revelatione
2037 424 2126 476 per
2146 409 2307 462 infal-'

1310 477 1448 531 libile
1497 481 1849 547 magisterium
1893 480 2153 536 Ecclesiae
2209 499 2297 537 ex-

1310 554 1470 619 posita
1535 554 1664 606 solvi
1728 563 1960 624 possunt.
2026 555 2120 608 l'er
2159 555 2295 611 hanc

1307 633 1480 680 autem
1520 629 1645 680 certi
1704 629 1982 691 reddimur,
2050 630 2183 699 quod
2241 632 2292 685 in

1309 716 1407 754 una
1448 702 1620 754 divina
1659 699 1844 764 Christi
1887 719 2101 772 persona
2161 704 2294 759 duae

1309 782 1520 828 naturae
1562 776 1735 828 divina
1773 785 1824 830 et
1864 777 2110 838 humana,
2164 781 2296 833 inte-

1305 865 1448 916 grae,
1490 851 1788 903 inconfusae
1827 858 1878 903 et
1937 853 2294 920 impermixtae

1305 924 1422 975 sint.
1451 954 1523 963 -—
1555 924 1649 977 Ast
1688 931 1864 977 eontra
1911 925 2043 978 hanc
2090 927 2291 980 revela-

1307 998 1454 1050 tionis
1476 999 1760 1051 doctrinam
1783 1000 1988 1052 saeculo
2019 999 2080 1057 V.
2104 1017 2292 1066 graves

1304 1088 1502 1125 errores
1542 1081 1882 1127 emerserunt.
1929 1073 2184 1128 Nestorius
2240 1092 2292 1129 e-

1306 1147 1407 1199 nim
1450 1148 1576 1200 duas
1616 1149 1664 1199 in
1706 1147 1906 1201 Christo
1948 1164 2189 1216 personas
2216 1166 2291 1203 as-

1303 1224 1461 1273 seruit
1496 1240 1511 1286 3
1581 1222 1819 1290 Eutyches
1882 1229 2056 1275 autem
2131 1240 2289 1278 unam

1305 1302 1500 1347 tantum
1521 1297 1567 1347 in
1593 1296 1791 1348 Christo
1816 1303 2052 1349 naturam
2068 1297 2293 1354 admisit.

1302 1367 1488 1422 Contra
1529 1370 1652 1422 istos
1692 1386 1891 1423 errores
1932 1371 2162 1423 doctrina
2207 1388 2291 1425 ca·

1303 1443 1486 1495 thelica
1530 1445 1874 1512 explananda,
1927 1445 2184 1512 probanda
2238 1453 2291 1500 et

1301 1517 1619 1569 defendenda
1671 1525 1766 1570 est.
1828 1518 2058 1571 Idcirco:
2123 1520 2180 1571 4⁰
2235 1521 2291 1573 de

1300 1592 1445 1644 unica
1485 1591 1639 1644 Cristi
1672 1608 1922 1659 persona‚·
1962 1593 2021 1644 2⁰
2066 1593 2122 1645 de
2166 1593 2287 1647 dua-

1301 1666 1384 1718 bus
1424 1667 1476 1719 in
1526 1666 1720 1718 Christo
1776 1668 1971 1718 naturis
2035 1683 2286 1733 agemu33

1299 1757 1359 1792 ac
1400 1741 1458 1792 5⁰
1498 1742 1747 1810 quaedam
1786 1742 1842 1794 de
1867 1742 2046 1794 unione
2074 1741 2289 1812 hyposta-

1300 1815 1395 1867 tica
1435 1815 1683 1873 dicemus,

1373 1889 1520 1942 Nota.
1566 1890 1644 1943 Ad
1685 1905 1885 1943 errores
1926 1889 2123 1943 facilius
2145 1906 2289 1959 prae-

1298 1965 1553 2016 cavendos
1594 1972 1644 2017 et
1683 1965 1746 2016 ad
1790 1967 1949 2032 ipsam
2000 1965 2287 2020 doctrinam

1296 2038 1601 2091 catholicam
1652 2038 1834 2091 melius
1898 2038 2286 2106 intelligendam

1298 2129 1506 2166 necesse
1546 2120 1643 2174 est,
1700 2120 1756 2164 ut
1814 2129 1912 2164 non
1971 2119 2074 2166 tam
2140 2115 2286 2167 iuxta

1297 2195 1519 2240 mentem
1559 2189 2016 2255 grammaticorum
2066 2194 2117 2240 et
2176 2187 2284 2256 phi-

1295 2262 1621 2330 losophorum
1653 2302 1665 2323 ‚
1709 2277 1862 2330 quam
1919 2263 2085 2330 potius
2138 2262 2283 2315 iuxta

1293 2353 1499 2388 sensum
1560 2344 1611 2389 et
1651 2351 1800 2388 usum
1840 2335 1919 2388 Ss,
1966 2335 2172 2388 Patrum
2230 2342 2282 2390 et

1293 2411 1553 2464 Ecciesiae
1591 2417 1832 2463 accurate
1873 2410 2275 2472 determinetur,
2327 2447 2329 2451 Α

1291 2485 1412 2553 quid
1455 2501 1542 2553 per
1583 2491 1844 2545 naturam,
1890 2499 1979 2551 per
2011 2499 2282 2552 personam
2315 2501 2318 2504 ⁴

1292 2567 1342 2612 et
1408 2575 1496 2627 per
1553 2559 1680 2611 alias
1744 2573 2063 2627 synonymas
2103 2573 2276 2626 voceS,

1291 2634 1474 2701 quibus
1514 2633 1641 2684 haec
1668 2632 1907 2700 dogmata
1947 2631 2009 2684 de
2038 2630 2278 2684 lucarna·
2318 2700 2323 2710 ³

1292 2709 1426 2759 tione
1466 2707 1728 2759 enunciari
1776 2706 1959 2766 solent,
1991 2707 2328 2779 intelligen-

1290 2782 1410 2833 dum
1449 2782 1534 2834 sit.
1560 2810 1634 2820 —
1658 2779 1897 2846 Theologi
1938 2780 2332 2833 communiter

1289 2855 1485 2917 dicunt,
1540 2864 1775 2908 naturam
1840 2869 1951 2907 esse
2007 2855 2077 2916 id,
2139 2812 2332 2931 qu0d{

1290 2937 1366 2982 est
1406 2929 1636 2999 pluribus
1675 2928 1973 2992 commune-3
2007 2931 2332 3003 personam]

1291 3020 1410 3057 vero
1450 3020 1561 3057 esse
1601 3003 1745 3070 illud,
1785 3003 1919 3072 quod
1958 3010 2037 3056 est
2099 3002 2297 3070 indivis

1289 3079 1388 3131 duo
1414 3077 1694 3145 singulare.
1727 3078 1950 3130 Persona
1969 3075 2104 3129 enim
2131 3076 2289 3129 iuxta

1287 3152 1545 3205 Boethium
1587 3151 1859 3205 definitur:
1901 3170 1925 3200 «
1958 3155 2171 3202 naturae
2199 3165 2287 3205 ra-

1287 3225 1489 3279 tionalis
1547 3226 1810 3278 individua
1870 3224 2189 3288 substantia;
2243 3242 2290 3291 η,Δ

1288 3300 1367 3352 vel
1404 3307 1588 3352 natura
1627 3299 1890 3353 rationalis
1917 3299 1968 3351 in
2006 3297 2270 3350 individuo

1286 3374 1589 3427 subsistens,
1634 3374 1711 3426 Ex
1750 3373 1847 3426 hac
1873 3371 2168 3425 definitione
2190 3387 2252 3443 pa

1289 3455 1379 3510 tet,
1422 3448 1483 3500 ad
1525 3463 1794 3516 personam
1836 3446 2114 3514 humanam
2142 3456 2273 3522 Acen-¹¹

1287 3521 1596 3576 stitucndam
1660 3521 1866 3576 omnino
1923 3518 2120 3591 requiri
2140 3546 2142 3551 v
2169 3528 2235 3575 no
