2332 3860
0 0 100 59 ,εἷ’
157 11 188 42 ·,
239 14 253 30 κ

621 149 738 186 mus
774 148 828 186 n.
872 146 1039 187 SECTIO
1077 149 1112 185 1.
1157 147 1308 186 CAPUT
1345 146 1418 186 tn.

1877 130 1992 189 *271

8 199 201 294 tiarati,
212 225 424 314 praediti
458 230 648 287 tuerint
668 227 721 301 (S
762 226 888 301 1ῐι6)
921 244 1021 294 non
1084 227 1342 299 Scriptura
1380 234 1433 282 et
1480 227 1758 306 Traditione
1809 230 1948 285 clare
1988 246 2074 301 pa·

11 317 411 370 {tamensemnes
474 337 506 355 ..
545 304 760 357 veritate
808 309 1024 356 naturae

13 384 176 439 ·illius
215 382 446 448 integrae
503 378 877 447 perstiterunt,
933 377 1022 430 sed

12 466 263 525 niunpurc
302 452 613 522 probationis
653 451 890 504 libertate
930 467 1022 504 sua

12 569 17 582 ,
37 531 176 593 abusi
198 545 226 580 a
246 528 358 582 Deo
379 526 698 586 defecerunt,
724 531 1023 594 peccarunt,

12 612 88 659 vet
126 609 328 673 propter
368 606 635 669 peccatum
675 600 725 652 in
769 598 901 655 malo
940 599 1025 651 ob-

14 678 223 739 durati,
264 692 292 728 e
331 674 473 732 coelo
513 673 730 742 expulsi,
761 689 822 725 ac
854 679 1020 725 aeter-

37 753 114 808 nis
155 751 329 819 poenis
367 749 553 801 addicti
595 755 735 800 sunt.
781 745 1023 799 Infelicis-

10 826 147 881 simi
198 825 278 877 isti
335 822 555 891 Spiritus
604 821 1022 874 communissimo

37 900 238 958 nomine
276 898 527 950 daemones
559 895 905 962 adpellantur,
937 896 1021 964 qui

35 980 171 1031 recte
192 972 529 1025 definiuntur:
557 969 762 1038 Angeli,
793 970 879 1039 qui
909 985 1022 1038 pec-

36 1053 320 1107 caverunt,
386 1053 437 1098 et
492 1051 697 1113 propter
754 1050 1023 1111 peccatum

37 1134 223 1193 poenas
262 1121 601 1188 sempiternas
630 1118 798 1170 luunt.

104 1195 254 1248 Nota.
300 1194 356 1246 In
406 1194 486 1246 Ss.
551 1192 753 1244 Litteris
811 1190 1024 1258 Angelis

36 1267 188 1338 lapsis
250 1268 391 1320 varia
449 1268 655 1319 nomina
702 1266 1017 1318 tribuuntur.

35 1342 297 1397 Vocantur
336 1342 474 1394 enim
502 1340 757 1393 daemonia
787 1338 886 1410 (1),
918 1340 1026 1391 dae-

34 1433 195 1471 mones
233 1410 342 1487 (Q),
403 1416 605 1484 spiritus
664 1430 871 1482 nequam
912 1412 1019 1484 (3),

34 1492 235 1562 spiritus
275 1489 516 1541 immundi
546 1487 643 1559 (lt),
668 1489 842 1540 mundi
873 1496 1025 1539 recto-

34 1581 109 1619 res
150 1564 457 1618 tenebrarum
497 1564 702 1624 harum,
745 1562 1025 1631 spiritualia

33 1639 282 1708 nequitiae
323 1635 441 1709 (5),
491 1636 672 1703 Anqeli
725 1638 828 1689 eius
887 1637 920 1688 i.
974 1652 1019 1687 e.

34 1713 220 1766 diaboli
263 1711 360 1782 (6).
392 1710 630 1764 —Unus
669 1712 805 1763 enim
834 1726 900 1762 ex
927 1709 1026 1762 illis

37 1794 284 1856 tanquam
325 1785 606 1838 eorundem
636 1784 741 1836 dux
782 1791 833 1836 et
872 1790 1026 1852 caput

34 1862 86 1926 in
126 1861 207 1914 Ss.
254 1859 428 1913 Bibliis
462 1858 768 1928 specialibus
809 1858 1026 1911 nomini-

35 1935 130 1993 bus
170 1934 403 2001 insigniri
443 1934 592 1987 solet:
625 1933 815 1985 etenim
854 1933 1026 2001 appel-

35 2009 202 2063 latur:
239 2009 464 2078 princeps
505 2007 652 2060 huius
700 2007 872 2059 mundi
914 2005 1023 2078 (7),

38 2082 167 2137 Deus
208 2080 356 2135 huius
405 2082 584 2134 saeculi
638 2079 713 2152 (8)
742 2123 753 2142 ‚
806 2083 1028 2149 princeps

38 2156 409 2210 daemoniorum
433 2154 530 2227 (9),
573 2152 836 2208 Beelzebub
877 2154 988 2225 (10)
1012 2196 1023 2216 ‚

35 2231 246 2284 mendam
304 2238 347 2282 et
397 2230 635 2283 homicida
683 2227 816 2299 (11),
873 2228 1029 2282 Satan

38 2303 176 2375 (ΓΞ),
217 2302 447 2357 Diabolus
489 2301 623 2374 (13),
675 2302 835 2356 Belial
880 2300 1024 2373 (tlt),

38 2379 183 2434 draco
196 2393 420 2446 maynuS,
436 2393 629 2447 serpens
642 2377 876 2446 antiquus
890 2374 1024 2449 (15),

43 2451 234 2521 Lucifer
274 2450 408 2524 (16).

430 2575 470 2634 §
500 2575 637 2622 155.

39 2663 90 2721 Be
99 2665 319 2710 Angelorum
330 2665 511 2701 malorum
523 2654 816 2700 seudaemonum
825 2663 1027 2699 existentia.

46 2746 47 2750 ’
111 2748 338 2817 Angelos
376 2749 622 2818 quosdam
657 2752 901 2810 existere,
943 2750 1030 2819 qui

42 2839 73 2881 a
109 2826 373 2894 primaeva
408 2824 602 2875 iustitia
631 2823 949 2885 defecerunt,
982 2829 1032 2875 et

36 2905 247 2968 *propter
269 2903 539 2964 peccatum
561 2897 888 2966 sempiternis
915 2912 1031 2965 poe-

45 2971 122 3034 nis
170 2972 360 3024 addicti
402 2971 649 3033 fuerunt,
704 2987 772 3023 ex
811 2976 1030 3040 utroque

44 3038 390 3100 Revelationis
417 3045 577 3107 fonte,
610 3045 853 3097 nimirum
882 3061 946 3098 ex
973 3044 1028 3099 S.

87 3176 147 3292 ι1.)
167 3205 272 3241 Deut.
299 3205 353 3247 32,
375 3205 429 3240 17.
455 3207 510 3240 Ps.
537 3204 615 3245 105,
641 3203 693 3239 37.
727 3163 815 3241 Luc.
842 3204 877 3249 8,
901 3206 955 3242 33.

109 3249 131 3283 2
171 3249 296 3285 Matth.
320 3250 353 3290 8,
379 3250 433 3285 31.
459 3252 529 3284 Iac.
556 3249 590 3292 2,
614 3248 667 3284 19.
793 3260 795 3262 ·

111 3292 133 3327 3
170 3292 188 3327 1
213 3294 298 3336 Reg-
322 3294 378 3334 16,
403 3294 455 3329 14.
490 3296 578 3329 Luc.
604 3294 658 3337 11,
683 3293 739 3329 26.
764 3296 840 3330 Act.
866 3294 921 3337 1⁹,
944 3296 999 3331 12.

113 3335 150 3424 ἒ)
172 3336 459 3424 fflff’ssffu.
683 3337 735 3382 (ὅ)
763 3339 848 3383 spu.
874 3339 910 3383 δ’
933 3339 988 3376 ¹²⁸

115 3423 153 3556 g}
174 3419 309 3503 ἑοῖοέἓ,
329 3425 468 3504 ΞΙἎΗ,
491 3424 548 3470 30,
574 3426 628 3470 16,
655 3425 708 3462 11.

46 3497 50 3502 A
287 3492 296 3502 0
352 3494 363 3511 ’
409 3493 420 3505 0

33 3515 51 3573 'v
116 3511 138 3547 9
176 3511 300 3550 Matth.
325 3513 362 3556 9,
385 3512 440 3552 ³4.
463 3514 571 3551 Marc„
606 3513 640 3560 3,
661 3514 719 3553 22.

1086 310 1179 356 tet:
1221 301 1294 357 Ac

1159 377 1211 430 1.
1255 376 1333 430 Ex
1379 375 1434 431 S.
1476 358 1762 446 Scriptura:
1790 375 1910 431 Iobo
1936 381 2075 433 enim

1088 450 1303 521 legitur:
1347 450 1468 504 Ecce
1507 452 1593 519 qui
1621 450 1853 511 'serviunt
1899 452 1944 504 ei
1981 469 2077 506 non

1083 534 1197 578 sunt
1234 524 1444 584 stabiles,
1487 532 1532 578 et
1570 525 1623 577 in
1651 522 1849 594 Anqelis
1875 527 1980 578 suis
2000 542 2078 579 re·-

1080 601 1207 668 perit
1261 599 1552 668 pravitatem
1592 596 1736 670 (17);
1789 611 1921 670 quae
1975 616 2078 654 non

1088 681 1299 742 possunt
1337 673 1556 741 intelligi
1597 672 1659 725 de
1693 673 1800 727 sola
1842 675 2079 743 imperfe-

1085 749 1253 800 ctione
1302 745 1656 817 Angelorum,
1700 748 1739 800 si
1795 744 1903 802 Deo
1941 765 2081 804 com-

1088 829 1352 890 parentur3
1396 828 1503 875 tum
1532 823 1650 891 quia
1679 821 1820 875 solus
1848 822 2078 876 defectus

1085 897 1291 948 maioris
1319 895 1645 964 perfectionis
1673 912 1773 948 non
1803 897 1935 950 solet
1958 914 2080 964 pra-

1086 971 1207 1022 vitas
1249 971 1558 1038 nuncupari3
1601 978 1705 1023 tum
1748 972 1867 1041 quia
1893 971 2080 1042 Angeli

1086 1045 1327 1097 dicuntur
1367 1061 1464 1096 non
1490 1044 1681 1096 stabiles
1702 1061 1791 1097 seu
1816 1045 2079 1113 defecisse,

1088 1136 1186 1171 non
1206 1126 1381 1172 autem
1402 1135 1429 1171 a
1456 1119 1648 1171 iustitia
1672 1119 1893 1181 infinita,
1924 1132 2081 1190 quam

1088 1210 1349 1262 nunquam
1403 1193 1736 1259 habuerunt3
1793 1200 1903 1247 tum
1961 1197 2081 1265 quia

1089 1267 1295 1335 Eliphas
1336 1267 1574 1335 exemplo
1615 1267 1935 1336 Angelorum
1967 1286 2081 1339 pro-

1089 1343 1209 1394 bare
1249 1341 1432 1404 voluit,
1478 1339 1965 1412 lobum,'quamvis
1990 1360 2083 1397 an-

1089 1423 1168 1468 tea
1209 1417 1422 1477 iustum,
1453 1422 1628 1468 tamen
1663 1433 1763 1469 non
1791 1417 1959 1471 solum
1988 1419 2082 1472 im-

1090 1491 1370 1558 perfectum
1399 1533 1411 1552 ,
1455 1490 1545 1543 sed
1586 1498 1637 1544 et
1678 1506 1925 1562 magnum
1965 1506 2082 1563 pec-

1088 1572 1316 1620 catorem
1358 1565 1464 1617 fieri
1507 1567 1754 1634 potuisse.

1162 1640 1214 1692 2.
1261 1639 1495 1694 Christus
1535 1640 1598 1691 ad
1643 1640 1856 1694 ludaeos
1895 1643 2080 1712 inquit:

1096 1713 1183 1765 Vos
1222 1730 1282 1766 esc
1300 1722 1437 1782 patre
1476 1712 1672 1766 diabolo
1699 1717 1830 1777 estiS,
1875 1723 1917 1768 et
1957 1717 2083 1769 desi·

1089 1788 1223 1839 deria
1248 1789 1405 1856 patris
1433 1789 1578 1841 vestri
1616 1789 1763 1841 vultis
1787 1790 1965 1857 facere.
1997 1790 2084 1843 Ille

1090 1862 1328 1914 homicida
1350 1869 1455 1913 erat
1481 1861 1540 1913 ab
1563 1864 1706 1915 initio
1734 1871 1777 1915 et
1804 1864 1859 1916 in
1886 1865 2084 1917 veritate

1088 1953 1183 1988 uon
1211 1936 1355 1997 stetit,
1382 1938 1500 2004 quia
1526 1945 1712 1990 nonest
1734 1938 1910 1991 veritas
1931 1940 1985 1990 in
2006 1955 2082 1991 eo:
2169 1951 2172 1953 ’

1089 2026 1201 2063 cum
1242 2010 1460 2079 loquitu-r
1487 2011 1826 2074 mendacium,
1871 2029 1933 2065 ea:
1969 2029 2084 2081 pro-

1088 2086 1212 2152 priis
1235 2084 1470 2153 loquitur,
1490 2085 1608 2153 quia
1634 2086 1846 2139 mendax
1866 2095 1933 2139 est
1949 2085 2080 2159 (18).

1092 2159 1196 2211 lmo
1224 2157 1455 2212 Christus
1487 2176 1585 2212 non
1615 2159 1783 2212 solum
1813 2168 2084 2228 peccatum

1093 2234 1247 2285 refert
1285 2251 1314 2286 a
1354 2233 1555 2287 diabolo
1595 2235 1949 2297 commissum,
1992 2236 2083 2289 sed

1091 2309 1245 2360 etiam
1300 2324 1516 2376 poenam
1570 2316 1838 2363 aeternam
1878 2309 2083 2363 rebelli-

1092 2382 1185 2434 bus
1225 2382 1438 2450 Angelis
1466 2381 1800 2450 inssigendam
1828 2383 2080 2446 declarat,

1093 2457 1317 2508 reserens
1359 2456 1515 2508 verba
1555 2458 1781 2524 supremi
1822 2456 2082 2510 ludicisin

1092 2538 1323 2583 extremo
1362 2531 1548 2583 iudicio
1588 2531 1652 2583 ad
1692 2532 1873 2600 impios
1911 2532 2084 2587 dicen·

1096 2606 1175 2657 tis:
1196 2603 1434 2657 Discedite
1453 2621 1482 2657 a
1497 2620 1572 2657 me
1593 2605 1834 2658 maledicti
1851 2606 1904 2658 in
1925 2606 2085 2674 iqnem

1091 2689 1364 2741 aeternum,
1394 2680 1482 2747 qui
1495 2688 1703 2748 paratus
1728 2686 1795 2732 est
1822 2679 2013 2733 diabolo
2039 2688 2084 2732 et

1091 2753 1274 2824 amyclis
1324 2756 1428 2806 eius
1458 2751 1606 2824 (19);
1651 2754 1856 2823 qualem
1909 2761 2084 2807 autem

1092 2845 1300 2882 sensum
1330 2829 1426 2881 ista
1455 2828 1613 2881 verba
1631 2828 1901 2891 haberent,
1924 2829 1966 2882 si
1982 2826 2086 2885 An-

1091 2903 1191 2970 geli
1239 2918 1338 2955 non
1386 2903 1670 2956 existerent
1709 2903 1795 2972 qui
1839 2911 2085 2972 peccave-

1094 2983 1234 3038 runt,
1260 2984 1310 3030 et
1332 2976 1444 3035 ideo
1471 2976 1732 3045 suppliciis
1759 2978 1985 3037 aeternis
2011 2977 2084 3030 af·

1093 3050 1361 3104 ficiuntur?
1379 3081 1397 3090 ·
1417 3048 1545 3103 Cum
1568 3050 1732 3104 effatis
1748 3047 1938 3114 Christi
1964 3067 2086 3108 con-

1155 3207 1212 3251 10)
1237 3210 1360 3245 Matth.
1386 3209 1440 3251 12,
1465 3209 1518 3246 24.
1553 3211 1641 3246 Luc.
1670 3210 1726 3255 11,
1749 3210 1802 3246 15.

1154 3253 1213 3296 11)
1238 3255 1287 3287 lo.
1314 3252 1369 3294 38,
1394 3254 1448 3288 44.

1156 3298 1209 3332 12.
1237 3298 1312 3332 Iob.
1347 3297 1381 3341 1,
1407 3298 1441 3333 7.
1465 3300 1591 3343 LReg.
1626 3299 1683 3346 11,
1705 3300 1739 3336 4.
1765 3301 1854 3337 Luc.
1879 3302 1937 3344 11,
1961 3300 2013 3338 18.

1156 3341 1214 3430 ἐξ)
1238 3342 1364 3421 ἓξὲξ.
1387 3341 1634 3422 35.1451.11ebr.
1652 3344 1687 3388 2,
1703 3343 1758 3381 14.
1776 3345 2083 3390 Apoc.12.⁹.eto.

1156 3431 1214 3471 15)
1241 3434 1346 3474 Apoe.
1383 3431 1435 3472 12,
1460 3431 1495 3467 θ.

1157 3474 1215 3518 16)
1238 3476 1303 3509 Isa.
1340 3474 1394 3518 11,
1422 3475 1475 3511 12.
1667 3476 1711 3512 17
1750 3478 1827 3514 lob.
1854 3478 1888 3519 1,
1914 3476 1958 3512 16

1145 3518 1218 3564 (18)
1242 3519 1291 3555 10.
1326 3519 1360 3563 8,
1386 3519 1430 3555 st
1663 3522 1708 3557 19
1748 3522 1873 3558 uattu.
1899 3521 1956 3564 23,
1979 3519 2032 3556 u.
