2332 3860
332 195 440 260 toti

330 301 468 374 Resp.
514 304 566 357 l.
621 303 975 358 Communitei·
1026 304 1247 373 theologi

253 384 432 432 contra
473 377 607 432 hanc
670 379 1050 433 cavillationem
1103 395 1248 446 repo-

1703 3 1707 6 ·
1809 6 1840 11 —
1959 0 1961 2 ·
1994 0 2003 5 “
2038 5 2041 8 ’
2061 19 2072 25 -
2142 0 2221 30 ,⁰23
2244 0 2332 88 ..Ξ

1893 43 1901 46 -
1936 44 1963 52 -
2116 35 2126 46 <
2226 31 2228 34 ’
2275 35 2310 58 0⁴1,

662 225 725 261 οε
762 225 856 262 ono
896 210 945 261 in
983 217 1252 261 {tennione
1289 222 1354 261 Ao
1393 221 1599 262 nonnum
1635 215 1893 263 secerno}

1309 305 1478 373 gendo
1515 304 1946 374 sapientissimam
1972 309 2035 358 et
2086 300 2332 380 iustissisji

1310 395 1446 431 mam
1485 394 1632 433 suam
1680 380 2104 447 gubernationem
2161 379 2332 435 clare'

252 459 419 513 nunt:
462 451 673 506 Certum
722 460 838 515 est,
880 454 1045 506 Deum
1085 454 1248 506 omni·
1310 450 1711 523 manifestatsb)
1754 453 1858 507 {mo
1908 453 2064 506 etiam
2106 458 2332 522 tempo-f

247 526 412 580 scium
456 533 509 592 et
550 528 953 595 omnipotentem
995 542 1127 588 esse,
1185 543 1246 580 ac

247 601 421 654 omnia
461 601 597 654 mala
637 601 817 654 tollere
872 602 956 654 vel
997 601 1243 669 impedire

245 689 415 742 posse:
440 681 521 727 ast
541 676 583 728 si
609 675 745 727 Deus
773 692 873 728 non
904 676 1077 728 omnia
1107 678 1241 728 mala

243 747 427 802 tollere
458 749 540 802 vel
561 750 811 818 impedire
839 749 971 814 vult3
1005 765 1104 801 non
1133 765 1241 801 ces·

245 829 324 874 sat
346 829 519 875 tamen
562 839 674 875 esse
696 824 893 875 infinite
922 824 1104 875 bonuS.
1133 823 1240 875 Tri-

244 895 391 963 plicis
430 897 567 948 enim
601 899 807 965 generis
849 897 983 949 mala
1024 897 1234 958 dantur,

208 971 604 1041 ,metaphysica
659 970 862 1038 physica
906 976 957 1022 et
994 972 1232 1032 moralia,

241 1043 332 1096 sed
373 1061 440 1097 ex
481 1044 622 1097 nullo
662 1045 844 1097 horum
870 1044 1121 1096 malorum
1150 1062 1236 1112 ge-

241 1132 365 1170 nere
394 1125 757 1187 argumentum
788 1119 1037 1171 adversus
1072 1121 1237 1186 provi-

239 1190 467 1245 dentiam
496 1194 723 1259 divinam
753 1193 928 1245 inferri
971 1199 1156 1261 potest.

314 1266 367 1318 Δ.
393 1267 533 1320 Mala
560 1268 881 1337 metaphysica
899 1269 950 1318 in
973 1274 1233 1319 creatura-

238 1355 354 1391 rum
372 1340 674 1393 limitatione
689 1343 1096 1408 consistunt,seu
1113 1349 1231 1393 sunt

237 1413 469 1466 defectus
508 1431 538 1466 a
565 1431 767 1468 summa
797 1422 847 1467 et
874 1415 1073 1467 infinita
1101 1417 1233 1467 enti-

236 1493 361 1540 tate.
389 1488 630 1540 Defectus
671 1490 775 1550 isti,
819 1490 902 1558 qui
946 1492 1232 1546 necessario

235 1569 448 1614 naturas
468 1578 647 1614 omnes
686 1570 886 1615 creatas
913 1579 1233 1631 consequun-

234 1641 336 1697 tur,
361 1637 635 1705 improprie
659 1645 859 1689 tantum
882 1638 1016 1688 mala
1040 1653 1230 1688 vocan-

235 1715 338 1770 tur,
370 1717 421 1762 et
462 1712 510 1761 in
539 1727 593 1763 se
635 1728 757 1763 vere
800 1712 931 1762 mala
964 1728 1062 1763 non
1084 1719 1223 1763 sunt.

307 1784 360 1836 2.
408 1785 549 1836 Mala
595 1785 800 1853 physica
853 1791 974 1837 sunt
1013 1786 1228 1837 intortu-

232 1856 336 1917 nia,
369 1860 669 1926 temporalia
699 1860 907 1918 damna,
939 1860 1229 1926 corporales

232 1931 487 1992 miseriae,
524 1933 706 1992 morbi,
739 1933 958 1992 dolores,
996 1933 1227 2001 aliaeque

231 2004 621 2066 tribulationeS‚
679 2007 863 2074 quibus
905 2006 1135 2058 homines
1176 2009 1223 2058 in

231 2077 329 2130 hac
363 2080 465 2131 vita
499 2077 813 2146 affliguntur.
847 2080 979 2132 Mala
1009 2082 1103 2132 ista
1146 2082 1222 2132 vel

230 2153 284 2203 in
322 2168 392 2213 se,
426 2154 504 2204 vel
552 2154 599 2205 in
639 2154 872 2205 relatione
917 2157 979 2205 ad
1010 2155 1227 2206 homines

228 2227 540 2278 considerari
585 2236 814 2295 possunt..
863 2227 915 2277 ln
944 2245 991 2279 se
1017 2237 1224 2296 spectata

229 2300 363 2352 mala
416 2317 516 2352 non
560 2310 700 2360 sunt,
746 2309 797 2352 et
838 2301 961 2353 nihil
1013 2303 1062 2353 iu
1107 2304 1225 2370 ipsis

182 2375 192 2383 ⁴
227 2379 344 2435 est,
389 2375 523 2442 quod
576 2376 860 2441 sapientiae
885 2415 897 2435 ,
966 2378 1221 2428 sanctitati

226 2454 317 2506 aut
358 2448 701 2500 bonitati-Dei
759 2450 951 2500 directe
1004 2467 1223 2517 oppona-

228 2526 331 2583 tur.
387 2522 484 2574 Sed
529 2524 677 2574 facile
716 2529 795 2574 est
837 2525 1051 2590 probare
1079 2565 1091 2586 ,
1137 2526 1221 2576 illa

228 2595 382 2646 etiam
412 2596 460 2647 in
503 2595 734 2648 relatione
761 2597 823 2647 ad
862 2596 1077 2648 hanzines
1104 2614 1223 2649 con-

226 2668 447 2720 siderata
489 2670 693 2721 divinae
737 2673 1085 2737 providentiae
1115 2675 1224 2723 nul-

228 2740 431 2794 latenus
472 2759 780 2810 repugnare.
830 2743 920 2796 Vel
960 2747 1094 2796 enim
1117 2762 1222 2813 pec-

226 2822 408 2866 catores
435 2857 446 2875 ,
492 2811 570 2868 vel
615 2819 884 2869 innocentes
910 2859 922 2878 ‚
981 2819 1054 2870 vel
1105 2819 1221 2870 iusti

229 2888 455 2954 praefata
499 2890 629 2942 mala
672 2892 1029 2958 experiuntur.
1074 2890 1131 2962 a)
1171 2891 1218 2944 Si

229 2970 522 3027 peccatores
563 2966 862 3032 temporalia
916 2965 1103 3016 damna
1132 2982 1222 3016 ex-

226 3035 494 3101 periuntur
533 3045 583 3089 et
611 3038 872 3091 doloribus
911 3041 1221 3104 cruciantur,

224 3108 337 3175 quis
376 3110 440 3159 ob
483 3109 609 3162 tales
635 3113 840 3164 divinae
871 3114 1220 3180 providentiae

225 3181 580 3264 dispositiones
607 3187 1022 3239 conturbabitur?
1044 3187 1221 3238 —Ra-

226 3254 297 3305 tio
336 3254 444 3321 ipsa
472 3256 649 3316 dictat,
682 3259 941 3312 hominem
972 3261 1221 3313 malitiose

225 3342 257 3380 a
298 3325 412 3393 lege
449 3329 775 3384 aberrantem
817 3335 1095 3387 iustissime
1138 3350 1223 3401 pu-

227 3400 346 3452 niri.
392 3401 528 3454 Deus
555 3418 676 3469 ergo
711 3409 1061 3470 peccatoribus
1091 3410 1220 3461 bona

229 3474 528 3541 temporalia
569 3477 947 3541 subtrahendo,
1005 3481 1084 3533 vel
1137 3497 1222 3532 eos

229 3545 516 3612 doloribuS,
560 3556 613 3601 et
649 3550 1049 3606 adversitatibus
1097 3550 1222 3606 affli-

1307 527 1441 579 rales
1481 542 1759 579 aerumnae
1788 569 1800 590 ,
1843 528 2028 596 quibus
2067 527 2300 581 homines

1307 601 1608 654 innocentes
1647 607 1698 653 et
1725 601 1842 653 iusti
1869 600 2184 668 affliguntur,
2214 602 2302 655 bo-.

1306 676 1452 727 nitati
1516 675 1722 727 divinae
1785 691 1886 727 non
1960 682 2327 743 repugnant„

1303 749 1392 800 sed
1457 765 1574 802 cum
1639 750 1747 816 ipsa
1816 749 2046 817 apprime
2110 764 2314 802 conve·-

1306 824 1471 876 niunt.
1542 823 1787 875 Homines
1831 824 1966 875 enim'
2019 823 2332 891 quomodo-⁷

1302 912 1504 966 cunque
1568 899 1867 948 innocentes
1953 902 2005 949 et
2085 899 2246 949 sancti
2276 937 2288 958 ,

1303 970 1446 1023 liberi
1486 979 1693 1034 tamen,
1738 969 1923 1022 infirmi
1977 976 2029 1022 et
2085 970 2292 1037 fragiles

1299 1052 1438 1107 sunt,
1482 1055 1655 1114 atque,
1700 1051 1757 1097 ut
1784 1044 2100 1112 experientia
2142 1051 2294 1096 testa-

1300 1126 1401 1180 tur,
1445 1136 1474 1172 a
1516 1121 1659 1173 bonis
1701 1119 1852 1170 huius
1893 1118 2089 1179 mundi,
2134 1119 2310 1185 hono-W

1299 1194 1436 1246 ribus
1500 1201 1550 1246 et
1608 1193 1955 1260 voluptatibus
1995 1192 2290 1245 alliciuntur

1296 1284 1355 1319 ae
1395 1268 1541 1319 facile
1582 1268 1938 1320 seducuntur:
2004 1282 2213 1319 verum·
2246 1267 2288 1320 si

1296 1342 1412 1408 igne
1452 1342 1795 1394 tribulationis
1845 1348 2214 1409 torqueantur,
2257 1359 2286 1393 a

1296 1417 1609 1468 vanitatibus
1666 1416 1820 1467 huius
1876 1414 2069 1466 saeculi
2124 1421 2286 1466 retra·

1295 1489 1508 1552 huntur,
1553 1497 1603 1541 et
1641 1490 1704 1540 ad
1762 1503 1935 1541 rerum
1987 1486 2283 1542 coelestium

1293 1581 1517 1616 amorem
1548 1563 1903 1629 impelluntur.
2315 1620 2320 1631 ζ

1367 1638 1418 1690 5.
1465 1638 1598 1690 Mala
1638 1637 1850 1689 moralia
1891 1642 2011 1688 sunt
2051 1643 2278 1703 peccata,

1292 1728 1382 1763 seu
1425 1712 1615 1763 liberae
1658 1712 1784 1777 legis
1826 1712 2294 1778 transgressiones„

1294 1786 1430 1837 Haec
1472 1787 1604 1837 mala
1648 1803 1745 1837 non
1788 1792 1909 1836 sunt
1948 1802 1976 1836 a
2019 1785 2142 1844 Dee,
2191 1784 2279 1836 sed

1291 1862 1354 1912 ab
1396 1860 1620 1911 humana
1664 1861 1948 1918 voluntate,
1995 1859 2150 1911 libere
2212 1860 2281 1910 le·

1290 1950 1403 1997 gem
1447 1934 1674 1985 divinam
1717 1932 2126 1998 transgrediente
2183 1933 2280 1984 ori·

1290 2008 1460 2074 ginem
1484 2006 1741 2078 liabent&
1769 2007 1917 2075 201).
1945 2006 2119 2075 ltaque
2142 2005 2299 2058 Deus·

1290 2098 1466 2133 eorum
1517 2090 1695 2134 auctor
1756 2098 1854 2133 non
1914 2088 2010 2138 est,
2072 2082 2158 2132 sed
2218 2088 2305 2131 ea'

1292 2163 1490 2207 tantum
1530 2155 1637 2207 fieri
1684 2155 1948 2222 permittit.
1997 2154 2164 2205 Facile
2192 2169 2278 2204 au·
2311 2192 2314 2195 .

1291 2237 1389 2281 tem
1431 2231 1626 2281 ostendi
1671 2236 1854 2296 potest,
1890 2230 2274 2294 permissionem

1292 2311 1615 2368 peccatorum
1656 2303 1859 2354 divinae
1901 2304 2179 2359 sanctitati,
2221 2307 2290 2354 et·

1290 2379 1497 2429 bonitati
1543 2394 1640 2428 non
1674 2392 1978 2443 repugnare.
2013 2376 2135 2426 Nam
2165 2376 2283 2426 ideo⁴

1290 2459 1493 2517 peccata
1538 2451 1743 2503 dantur.
1788 2453 1902 2518 quia
1946 2451 2117 2500 existit
2168 2449 2270 2508 lex,

1286 2528 1401 2593 quia
1444 2526 1593 2577 homo
1635 2525 1791 2576 libero
1831 2523 2039 2575 arbitrio
2080 2522 2316 2591 praedi-.-

1289 2607 1387 2658 tuS‚
1432 2606 1483 2650 et
1522 2600 1637 2666 quia
1681 2598 1854 2649 finitus
1893 2612 1983 2648 seu
2029 2596 2275 2656 limitatus

1286 2680 1381 2730 est,
1426 2671 1511 2722 ubi
1547 2673 1676 2721 enim
1716 2687 1813 2722 non
1878 2678 1945 2720 est
2013 2670 2091 2721 lex
2123 2711 2134 2729 ,
2192 2683 2295 2726 neci

1281 2746 1634 2813 praevaricatio
1657 2746 1701 2807 (t
1716 2743 1753 2812 );
1785 2752 2048 2810 peccatum
2072 2757 2305 2811 quoque5=

1285 2821 1394 2870 sine
1438 2820 1593 2870 libero
1621 2819 1831 2870 arbitrio
1869 2833 1966 2868 non
1990 2819 2161 2876 datur,
2189 2831 2302 2879 rie-3,
2329 2880 2332 2881 γ

1284 2910 1381 2961 que
1423 2893 1592 2950 homo,
1637 2894 1676 2943 si
1733 2892 1963 2943 infinitus
2027 2897 2181 2951 esset,
2227 2902 2288 2946 *aa

1287 2969 1415 3018 bono
1455 2968 1514 3017 de
1522 2967 1671 3018 ficere
1702 2972 1883 3031 posset.
1918 2965 2008 3016 His
2038 2963 2305 3035 praemisi-2}

1284 3043 1371 3100 εἰς,
1417 3042 1489 3091 sic
1516 3041 1862 3107 argumentari
1897 3040 2031 3090 licet
2078 3038 2332 3119 Bonum}

1284 3123 1359 3165 est
1403 3114 1563 3165 Deum
1608 3119 1815 3181 peecata
1859 3113 2174 3179 permittere,
2223 3118 2316 3189 ‘sa‘

1286 3189 1473 3239 bonum
1532 3194 1629 3247 est,
1695 3188 1916 3238 existere
1977 3187 2325 3250 legem,

1285 3261 1542 3312 hominem
1611 3261 1827 3312 liberum
1883 3274 1945 3310 ac
1999 3256 2229 3309 limitatu
2253 3254 2316 3326 ῥ’

1283 3335 1510 3402 quidem,
1554 3334 1643 3385 sed
1683 3331 2054 3385 sufficientibus
2101 3327 2270 3383 tame
2304 3358 2317 3403 ᾗ

1283 3408 1346 3459 ad
1389 3407 1700 3474 implendam
1745 3407 1906 3470 legem
1955 3405 2160 3456 viribus·
2201 3403 2260 3465 ἰ,
2303 3407 2316 3466 ἕ

1283 3486 1535 3532 structum
1585 3496 1716 3532 esse.
1761 3478 1914 3547 Atqui
1962 3478 2149 3531 bonum
2204 3495 2225 3521 2⁷
2253 3530 2262 3551 v,
2306 3472 2314 3515 ἔ

1325 3576 1379 3624 ui
1404 3578 1510 3615 nom.
1538 3578 1575 3622 ι.
1598 3578 1653 3615 1³.
2127 3586 2129 3589 ·
