2332 3860
742 122 861 164 rans
899 121 972 185 in..
1014 102 1179 173 sec-rio
1215 122 1272 162 n.
1299 117 1464 160 capum·
1500 122 1554 161 ιι.

70 182 217 265 sex
252 221 405 276 opere
468 200 831 272 redemptionis
898 205 1135 259 accessit.

54 291 82 369 ‘s
149 279 491 346 Quamobrem
529 277 582 333 S.
613 276 900 332 Ambrosius
946 277 1022 350 (1)
1063 279 1138 332 in-

148 355 291 424 quit:
338 374 365 405 «
408 353 549 422 Pius,
586 352 802 406 Domine
851 351 995 406 !esul
1062 353 1138 406 in-

38 486 65 499 ..
146 428 292 483 iuriis
329 429 430 483 tuis
468 428 647 490 debeo,
690 427 821 497 quod
845 427 1138 495 redemptus

30 508 62 538 ⁴³
147 519 286 566 sum,
328 518 485 572 quam
519 502 778 571 operibus,
821 502 955 572 quod
1001 517 1139 554 crea-

31 589 36 597 ’
150 583 232 630 tus
296 593 429 630 sum.
498 574 608 629 Non
675 578 812 629 enim
876 575 1138 645 prodesset

149 652 312 716 nasci,
356 651 452 704 nisi
486 651 666 704 redimi
707 650 997 720 profuisset.
1034 669 1059 699 »

219 727 275 779 5.
318 725 416 779 Per
453 725 739 778 doctrinam
773 725 1057 793 expositam
1086 723 1135 775 in

133 815 292 869 ‚spem
330 801 455 867 erigi
496 801 762 863 debemuS‚
816 816 915 868 qua
981 799 1136 850 vitam

148 882 412 927 aeternam
445 881 496 927 et
536 876 702 928 media
739 874 806 927 ad
845 873 988 926 illam
1053 873 1139 924 ob-

149 949 410 1001 tinendam
451 957 590 1002 certe
625 956 976 1016 expectamus,
1010 945 1138 999 Nam

147 1024 220 1076 ait
261 1023 486 1076 Paulus:
541 1022 603 1078 Sa
642 1023 773 1076 Deus
816 1038 910 1091 pro
959 1021 1135 1081 nobiS,

150 1098 260 1165 quis
286 1102 459 1151 contra
507 1097 631 1150 nos?
684 1097 771 1165 qui
826 1098 972 1149 etiam
1029 1112 1141 1164 pro·

140 1172 260 1241 prio
303 1172 432 1224 Filio
482 1189 569 1224 suo
620 1189 717 1224 non
774 1171 1018 1240 pepercit,
1063 1171 1141 1222 sed

139 1262 235 1316 pro
272 1245 412 1298 nobis
462 1247 685 1298 omnibus
725 1244 933 1298 tradidit
977 1244 1136 1305 illum,

148 1321 380 1387 quomodo
415 1336 511 1372 non
538 1322 688 1373 etiam
714 1336 823 1372 cum
855 1320 941 1371 illo
975 1320 1140 1371 omnia

147 1393 282 1446 nobis
352 1395 543 1447 donavit
604 1392 678 1465 (2)
713 1394 744 1447 ‚9
815 1395 1027 1461 Insuper
1082 1392 1134 1446 S.

149 1466 519 1538 Chrysoslomus
569 1469 620 1521 in
662 1469 799 1521 hunc
847 1469 1016 1521 locum
1069 1467 1143 1519 di-

148 1543 240 1594 cit:
285 1562 309 1592 «
366 1543 459 1605 Qui
501 1545 638 1595 enim
679 1544 749 1605 id,
794 1543 924 1611 quod
979 1543 1142 1594 maius

148 1623 261 1668 erat
301 1615 489 1687 (ipsum
528 1617 689 1670 filium
750 1616 861 1686 Dei)
924 1617 1141 1668 inimicis

149 1690 309 1750 dedit,
353 1692 603 1760 quomodo
646 1709 742 1744 non
788 1693 983 1745 minora
1012 1691 1143 1761 (gra-

153 1765 251 1816 tias
290 1773 342 1817 et
381 1765 772 1837 beatitudinem)
827 1767 965 1819 dabit
1020 1767 1143 1819 ami-

151 1837 264 1892 cis?
292 1837 388 1911 (5).
418 1860 445 1890 »

412 1995 787 2032 ARTIGULUS
828 1996 869 2031 V.

291 2077 344 2113 De
367 2078 619 2114 saluberrimis
642 2078 808 2113 sacrificii
835 2079 871 2113 in
896 2079 1011 2113 Cruce

238 2136 349 2172 oblati
372 2138 561 2174 effectibus
584 2143 754 2182 respectu
778 2138 894 2182 ipsius
916 2137 1060 2174 Christi.

547 2261 584 2320 ς
617 2262 746 2309 eea.

229 2356 474 2422 Quamvis
550 2362 665 2413 finis
732 2362 1097 2415 iucarnationis
1129 2403 1139 2423 ‚

154 2435 407 2504 passionis
447 2441 498 2487 et
539 2437 716 2488 mortis
755 2435 941 2489 Christi
993 2437 1144 2488 fuerit

155 2508 438 2577 redemptio
479 2518 672 2571 nostra,
718 2512 783 2563 ita
828 2518 883 2563 ut
923 2527 982 2563 ea
1041 2527 1146 2564 ces-

155 2590 303 2635 sante
343 2599 442 2636 non
484 2585 728 2648 venisset,
784 2585 909 2637 nihil
974 2591 1145 2638 tamen

155 2657 386 2726 impedit,
438 2661 710 2726 quominus
774 2669 1148 2728 consequenter

156 2738 207 2782 et
244 2732 352 2799 ipse
391 2734 608 2800 gloriam
647 2736 872 2802 corporis
911 2737 1149 2788 etexcel-

159 2805 369 2857 lentiam
385 2807 700 2860 exteriorem
730 2810 992 2862 meruerit.
1022 2810 1148 2862 Pau·

159 2879 240 2931 lus
278 2883 540 2949 conceptis
582 2884 749 2936 verbis
790 2884 884 2935 hoc
932 2891 1150 2937 testatur

158 2953 373 3006 dicens:
453 2955 675 3008 Videmus
737 2957 902 3010 Iesum
951 2967 1151 3026 propter

158 3029 428 3097 passionem
479 3033 650 3082 mortis
689 3031 846 3100 qloria
892 3040 936 3084 et
975 3033 1151 3085 honore

160 3110 446 3155 coronatum
470 3103 566 3174 (lt).
589 3104 866 3174 Praecipue
882 3123 1002 3158 vero
1025 3107 1151 3160 haec

162 3175 392 3230 doctrina
431 3177 569 3231 clare
627 3181 899 3247 exponitur
949 3181 1042 3250 Ep.
1088 3181 1150 3234 ad

161 3248 345 3320 Philip.
407 3252 485 3305 his
543 3254 743 3306 verbis:
802 3254 1034 3307 Christusv
1067 3256 1153 3307 hu-

161 3324 369 3379 miliavit
404 3329 709 3397 semetipsum
744 3329 907 3397 suetus
934 3329 1152 3384 obediens

227 3452 263 3498 1)
286 3455 394 3492 Lib.2
417 3457 453 3492 in
479 3459 563 3493 Luc.
589 3459 670 3494 ηδ.

226 3498 263 3544 2)
288 3500 339 3535 Au
358 3500 462 3537 Rom.
488 3500 524 3546 ⁸,
547 3503 602 3547 31.
625 3509 694 3540 ete.

2003 105 2112 160 555

1199 219 1356 274 usque>
1398 203 1464 256 ad
1513 212 1736 266 mortem,
1783 211 1986 260 mortem
2019 212 2186 266 autem

1198 276 1375 332 crucis,
1404 275 1617 346 Propter
1656 278 1788 348 quod
1834 286 1880 332 et
1925 278 2057 332 Deus
2101 287 2185 334 em-

1198 352 1368 406 altavit
1418 351 1559 405 illum
1624 361 1668 405 et
1725 354 1927 407 donavit
1978 353 2053 406 illi
2104 371 2186 408 no-

1197 442 1327 486 men,
1368 426 1495 496 quod
1514 431 1602 494 ⁸est
1627 443 1776 495 supra
1809 443 1948 481 omne
1990 444 2183 494 nomen3

1199 509 1252 554 ut
1297 502 1351 554 in
1401 501 1595 554 nomine
1638 500 1751 554 Iesu
1776 519 1914 555 omne
1938 519 2068 570 yenu
2105 503 2187 572 fle-

1198 582 1361 628 ctatur
1403 575 1677 628 coelestium
1710 615 1723 636 ‚
1778 577 2084 629 terrestrium
2146 586 2188 629 et

1200 650 1529 718 infernorum
1573 658 1616 702 et
1667 652 1826 701 omnis
1870 650 2038 718 linqua
2076 667 2187 704 con-

1199 724 1414 793 fiteatur,
1462 726 1580 792 quia
1627 723 1869 776 Dominus
1890 723 2024 776 Iesus
2045 722 2190 778 Chri-

1198 806 1304 850 stus
1330 799 1381 850 in
1400 798 1557 866 yloria
1574 806 1642 850 est
1672 798 1762 851 Dei
1780 797 1944 850 Putris
1991 796 2089 869 (5).
2133 798 2189 851 In

1200 872 1533 925 celeberrimo
1571 872 1669 924 hoc
1706 872 1997 925 testimonio
2049 872 2191 925 lucu-

1203 947 1483 999 lentissime
1524 947 1768 1009 traditur,
1813 945 2073 999 Christum
2104 963 2191 1016 per

1204 1023 1489 1089 passionem
1529 1030 1580 1074 et
1620 1028 1837 1074 mortem
1877 1021 2063 1091 ubique
2123 1021 2193 1074 lo-

1202 1111 1397 1163 corum,
1436 1112 1526 1148 seu
1567 1097 1617 1148 in
1661 1103 1765 1148 tota
1800 1113 1972 1150 rerum
1995 1096 2194 1150 univer-

1201 1172 1371 1230 sitate,
1422 1186 1607 1239 nempe
1672 1171 1801 1240 apud
1864 1171 2090 1239 inferos,
2141 1172 2194 1223 in

1203 1259 1335 1296 terra
1360 1252 1403 1296 et
1430 1246 1483 1297 in
1502 1244 1625 1297 coelo
1653 1246 1932 1297 maximam
1960 1244 2195 1313 gloriam,

1203 1335 1557 1388 summamque
1585 1320 1804 1371 nominis
1831 1319 2196 1372 exaltationem

1202 1400 1534 1446 consecutum
1576 1411 1704 1447 esse.
1746 1393 1888 1456 Quod
1939 1401 1998 1446 ut
2061 1402 2197 1446 recte

1205 1468 1571 1533 intelligamuS‚
1614 1467 1800 1521 Christi
1846 1469 1868 1520 1
1923 1468 2199 1520 descensum

1202 1543 1264 1595 acl
1309 1544 1534 1610 inferos;
1575 1544 1608 1595 ‘52
1665 1543 2070 1596 resurrectionem
2095 1560 2118 1604 ;
2164 1543 2197 1594 5

1202 1619 1524 1669 ascensionem
1570 1617 1631 1669 ad
1687 1620 1874 1679 coelos-,-
1926 1626 1976 1670 et
2023 1618 2056 1668 lt
2106 1633 2199 1669 ses·-

1203 1694 1384 1743 sionem
1433 1693 1495 1744 ad
1534 1692 1782 1745 deoeteram
1825 1692 1984 1744 Putris
2025 1692 2195 1744 consi-

1205 1766 1383 1819 derare
1413 1767 1673 1819 debemus.

1584 1890 1623 1949 ς
1661 1891 1787 1936 zu.

1360 1980 1387 2015 1.
1418 1980 1465 2016 De
1489 1981 1668 2015 descensu
1693 1980 1825 2016 Christi
1849 1980 1893 2014 ad
1917 1978 2064 2018 interos.
2088 1993 2091 1998 ·

1279 2062 1463 2117 Anima
1506 2064 1691 2117 Christi
1732 2081 1762 2117 a
1802 2080 2013 2133 corpore
2059 2079 2200 2132 sepa-

1207 2144 1315 2190 rata
1368 2139 1430 2191 ad
1498 2139 1685 2191 inferos
1742 2139 2023 2192 descendit.
2066 2138 2198 2191 Dicit

1211 2209 1546 2265 Gutechismus
1590 2213 1835 2265 Romanus
1883 2213 1997 2285 (6):
2045 2233 2070 2262 «
2107 2211 2199 2266 Ve-

1209 2303 1322 2339 rum
1363 2289 1643 2340 inferorum
1686 2303 1869 2340 nomen
1911 2287 2082 2340 abdita
2111 2287 2199 2338 illu

1209 2363 1530 2429 receptacula
1571 2362 1848 2429 significat,
1899 2363 1948 2414 in
2014 2361 2199 2430 quibus

1207 2437 1410 2488 animae
1450 2437 1776 2500 retinentur,
1845 2452 1975 2505 quae
2032 2434 2197 2490 coele·

1207 2518 1338 2563 stem
1379 2511 1748 2563 beatitudinem
1790 2527 1888 2563 non
1931 2517 2051 2563 sunt
2085 2525 2202 2563 con-

1208 2592 1486 2639 secutae...
1556 2585 1730 2654 Neque
1791 2593 1962 2639 tamen
2019 2601 2079 2638 ea
2127 2600 2202 2636 re-

1209 2660 1472 2727 ceptacula
1516 2661 1663 2711 unius
1716 2668 1768 2713 et
1831 2661 2061 2712 eiusdem
2118 2675 2203 2727 ge·

1211 2737 1344 2787 neris
1385 2741 1504 2787 sunt
1545 2735 1733 2787 omnia.
1781 2734 1870 2787 Est
1925 2735 2061 2787 enim
2130 2741 2200 2787 te-

1213 2812 1453 2862 terrimus
1493 2816 1543 2861 et
1575 2810 1967 2862 obscurissimus
2010 2824 2202 2873 carcer,

1212 2885 1296 2936 ubi
1339 2891 1584 2952 perpetuo
1631 2890 1681 2936 et
1720 2883 2098 2951 inextinguibili
2163 2885 2201 2936 i-

1211 2975 1312 3025 gne
1358 2959 1716 3011 damnatorum
1782 2959 1985 3012 animae
2049 2957 2198 3010 simul

1212 3049 1328 3084 cum
1370 3034 1648 3084 immundis
1686 3033 1947 3100 spiritibus
1969 3040 2203 3101 torquen-

1213 3114 1316 3168 tur,
1360 3109 1444 3176 qui
1487 3108 1643 3159 etiam
1690 3106 1906 3175 yeltenna
1936 3148 1950 3171 ‚
2005 3107 2203 3175 abyssus

1214 3188 1264 3233 et
1305 3182 1506 3249 propria
1545 3181 1917 3248 significatione
1976 3182 2201 3250 infernus

1215 3262 1446 3308 vocatur.
1492 3255 1763 3309 Praeterea
1823 3263 1901 3310 est
1963 3263 2202 3325 purgato·

1215 3332 1319 3382 rius
1358 3330 1508 3397 igniS‚
1551 3346 1650 3399 quo
1691 3331 1889 3400 piorum
1915 3332 2117 3384 animae
2138 3329 2202 3382 ad

1259 3461 1312 3505 (3)
1337 3461 1490 3496 Romilia
1516 3461 1573 3503 15,
1596 3471 1634 3498 n.
1659 3463 1692 3498 ξ.

1255 3505 1311 3550 (ὅ)
1332 3506 1418 3550 Cap.
1443 3505 1480 3549 Β,
1501 3504 1536 3549 Β,
1557 3512 1627 3542 etc.
1859 3462 1909 3507 (43
1935 3460 2044 3498 Hehr.
2070 3461 2103 3502 2,
2129 3459 2161 3496 0.

1852 3506 1904 3550 (ὅ)
1924 3506 1961 3541 P.
1987 3505 2023 3548 1,
2046 3513 2126 3550 cap.
2149 3504 2184 3543 0.
