2332 3860
307 147 421 202 &61¹1

655 161 718 204 ΒΕ
755 168 849 204 Deo
889 168 1017 205 LM’SI
1059 166 1247 206 numm
1285 169 1491 208 GENERIS
1541 171 1876 212 REDEMPTORE

235 243 476 313 Verbum
539 253 675 300 esset
742 247 1062 302 solummodo
1130 265 1244 316 pars
1306 251 1404 314 Qui
1428 267 1524 304 nam
1558 254 1837 322 confitetur,
1870 257 2106 308 unitatem
2149 257 2290 317 Verbi

234 335 531 387 personae,

235 393 451 447 alterius
513 397 670 463 partis
734 412 918 465 nempe
986 398 1242 450 humanae

236 473 452 521 naturae
492 470 843 537 compleretur
883 478 934 523 et
975 472 1245 538 perficere·

240 549 341 606 tur3
385 544 719 596 manifestum
761 551 838 597 est
878 552 1072 606 autem,
1106 546 1239 614 quod

235 633 346 670 esse
394 625 591 684 partem
656 618 706 670 in
767 619 1028 670 declarato
1086 635 1239 672 sensu

234 692 670 760 imperfectionem
717 709 807 744 seu
839 693 1116 751 desectum,
1155 695 1240 763 qui

236 782 326 834 per
363 766 499 818 aliud
540 766 764 833 suppleri
812 783 902 819 seu
936 768 1040 819 tolli
1072 769 1239 835 debet,

235 843 500 908 importet3
547 840 661 892 talis
700 848 873 893 autem
925 842 1240 910 imperfectio

236 916 286 967 in
330 930 604 980 personam
663 914 913 967 infinitam
966 924 1016 968 et
1056 917 1241 968 immu-

237 989 443 1042 tabilem
493 988 677 1040 cadere
719 991 912 1058 nequit;
957 1006 1078 1058 ergo
1130 1008 1241 1058 per-

237 1079 365 1116 sona
407 1062 593 1115 Christi
638 1078 734 1114 non
781 1069 944 1130 potest
982 1065 1236 1127 absolute,

238 1154 330 1192 seu
375 1138 650 1190 intrinsece
689 1140 966 1206 composita
1009 1139 1126 1191 dici.

316 1210 547 1264 Christus
604 1219 774 1264 tamen
839 1228 938 1264 non
987 1213 1241 1265 immerito

242 1287 558 1354 compositus
593 1286 688 1338 dici
734 1292 897 1354 potest
937 1303 995 1338 ea
1037 1302 1241 1354 conlpo-

243 1361 443 1413 sitionis
482 1362 674 1428 specie,
701 1376 832 1429 quae
860 1360 1020 1430 fitper
1047 1362 1240 1413 morium

244 1434 466 1494 numeri,
510 1441 560 1487 et
600 1435 847 1503 appellari
889 1437 1018 1487 solet
1056 1451 1239 1504 compo—

242 1510 354 1561 sitio
396 1524 505 1562 cum
551 1508 627 1561 his
666 1525 755 1560 seu
796 1510 1003 1578 simplem
1042 1518 1131 1562 aut
1162 1526 1242 1562 ex-

244 1584 417 1637 terior.
464 1583 590 1635 Nam
641 1582 843 1637 Verbum
887 1599 999 1636 caro
1055 1586 1239 1651 factum

241 1666 326 1719 est,
377 1673 466 1710 seu
512 1657 671 1709 Filius
731 1659 818 1709 Dei
861 1666 1100 1710 naturam
1150 1659 1241 1710 hu·

242 1748 448 1785 manam
481 1733 776 1798 assumpsit,
807 1738 959 1801 atque
988 1732 1099 1784 ideo
1131 1749 1241 1801 per-

243 1823 366 1859 sona
408 1806 607 1866 divina,
640 1823 771 1875 quae
798 1822 1000 1874 semper
1023 1810 1241 1874 integra,

243 1882 444 1934 infinite
469 1882 690 1948 perfecta
712 1889 761 1933 et
784 1881 1117 1933 immutabilis
1138 1898 1241 1932 ma-

244 1963 352 2020 net,
371 1955 694 2007 coniunctam
717 1956 811 2007 sibi
836 1955 986 2007 habet
1007 1962 1241 2008 naturam

244 2030 560 2088 humanam,
604 2036 654 2081 et
687 2030 749 2081 ob
791 2029 924 2081 hanc
963 2029 1243 2098 hypostati-

247 2120 360 2157 cam
382 2105 624 2155 unionem
651 2105 907 2172 composita
935 2103 1030 2155 dici
1063 2110 1242 2172 potest.

244 2178 300 2232 In
344 2178 439 2230 hoc
478 2194 632 2230 sensu
662 2179 759 2230 iam
789 2177 863 2230 Ss.
899 2178 1068 2230 Patres
1102 2177 1244 2229 Chri-

246 2254 307 2306 sti
351 2252 626 2305 Personam
668 2253 1002 2320 compositam
1051 2268 1245 2304 nuncu-

246 2334 454 2396 parunt.
520 2327 632 2379 Huc
674 2328 894 2379 refertur
947 2328 1142 2379 dietum
1182 2325 1238 2379 S.

246 2399 513 2470 Auyustini
542 2399 638 2472 (i):
686 2421 713 2450 (ι
747 2400 831 2453 Sic
861 2400 964 2453 Deo
1004 2402 1243 2465 coniungi

247 2479 413 2545 potuit
452 2476 679 2532 humana
707 2482 912 2535 natura,
944 2482 1000 2527 ut
1028 2491 1094 2528 ex
1122 2476 1246 2526 dua-

248 2551 344 2605 bus
383 2550 680 2602 substantiis
707 2549 853 2601 fieret
876 2565 977 2600 una
1007 2565 1241 2618 persona,

248 2640 308 2677 ac
349 2640 437 2693 per
479 2624 574 2676 boc
614 2625 715 2675 iam
757 2639 823 2675 ex
864 2623 1027 2676 tribus
1053 2665 1065 2687 ,
1115 2624 1248 2675 scili-

249 2706 331 2751 cet.
372 2698 474 2751 Deo
500 2740 512 2760 ,
557 2698 728 2750 anima
769 2703 821 2749 et
860 2712 1034 2750 carne.
1071 2718 1097 2747 »
1136 2697 1250 2749 Dio·

248 2772 438 2840 nysius,
484 2771 572 2825 lib.
607 2772 670 2824 de
698 2772 803 2824 div.
838 2772 1032 2824 nomin.
1071 2770 1143 2842 (2)
1165 2788 1251 2839 ap·

248 2846 440 2914 pellat:
490 2846 713 2898 «lesum
755 2861 823 2898 ex
851 2844 1023 2897 diviua
1066 2852 1249 2897 natura

249 2921 424 2973 iuncta
474 2920 785 2973 humanitati
841 2920 1245 2987 compositum.»

248 2993 303 3046 S.
365 2992 437 3045 Io.
509 2994 844 3047 Damasi-enus
911 2991 986 3064 (5)
1040 2994 1246 3046 scribit:

257 3087 280 3116 «
326 3066 552 3120 Persona
585 3068 764 3131 Verbi,
797 3082 927 3136 quae
961 3075 1072 3120 erat
1113 3068 1252 3136 prius

253 3140 473 3209 simplex
502 3182 514 3201 ,
560 3143 691 3194 faeta
732 3149 810 3195 est
861 3142 1139 3211 composita
1187 3157 1253 3193 ex

257 3214 457 3267 duabus
499 3219 714 3269 naturis,
759 3238 785 3266 υ
815 3244 887 3252 -
916 3216 1082 3269 Etiam
1124 3214 1253 3268 Con-

256 3287 374 3341 cilia
416 3287 479 3340 de
517 3288 718 3342 Christo
758 3291 1014 3361 loquentia
1043 3290 1139 3343 hoc
1167 3305 1254 3342 no-

259 3378 379 3416 men
403 3361 920 3418 adhibueruntConc.
941 3364 1160 3434 qenerale
1195 3362 1249 3417 V:

292 3488 574 3537 11)1,.13‚‹1e
596 3492 721 3528 Trinit.
747 3502 780 3528 c
804 3494 858 3529 17.

311 3493 362 3584 i3)
383 3537 462 3572 Lib.
487 3535 508 3572 3
531 3537 576 3572 tte
598 3538 696 3573 ortu.
722 3536 805 3581 fide,
830 3547 909 3581 cap
937 3538 970 3575 7
1031 3494 1079 3539 (2)
1105 3495 1188 3539 Cap.
1214 3493 1244 3529 1.

574 337 706 390 quae
766 338 856 390 per
895 324 1240 376 accessionem
1306 323 1398 377 Dei
1452 327 1517 378 ad
1562 342 1757 382 carnem
1803 329 2070 382 animalum
2125 347 2295 387 (lium

1302 398 1583 452 rationabili
1643 411 1689 453 et
1758 402 2068 456 intellectuali
2126 407 2332 459 secun-'³

1303 473 1420 524 dum
1457 475 1859 542 compositionem,
1891 476 1992 528 sive
2028 479 2294 534 secundum

1301 547 1664 600 subsistentiam
1729 551 1909 617 facta-m
1962 565 2104 616 esse;
2169 554 2294 606 sicut

1302 629 1344 672 et
1396 621 1473 674 Ss.
1526 622 1705 674 Patres
1749 623 2016 675 docuerunt
2041 666 2054 686 ,
2099 634 2143 677 et
2191 627 2295 679 ideo

1303 711 1458 747 uriam
1522 696 1627 748 eius
1674 696 2030 750 subsistentiam
2070 701 2297 768 composi-

1304 777 1419 828 tam,
1464 772 1551 837 qui
1588 778 1654 822 est
1691 770 1931 823 Dominus
1963 780 2126 824 noster
2163 775 2296 827 Iesus

1302 842 1552 902 Christus,
1579 860 1712 895 unus
1738 846 1797 896 de
1817 844 1868 897 S.
1900 845 2154 906 Trinitate‚
2179 864 2297 900 ana-

1304 917 1459 969 thema
1500 919 1564 970 sit
1593 916 1690 989 (lt).
1735 917 1887 972 Conc.
1931 917 2161 971 Generale
2207 921 2290 972 Vl:

1307 991 1461 1043 Unam
1488 994 1604 1043 'eius
1650 992 2007 1046 subsistentiam
2067 995 2297 1064 composi·
2326 1031 2330 1033 >

1304 1074 1400 1118 tam
1438 1067 1645 1119 dicimus
1675 1067 1770 1138 (ὅ).

1683 1226 1721 1285 9
1752 1226 1886 1273 aas.

1490 1323 1541 1358 De
1563 1323 1704 1358 duabus
1727 1323 1767 1357 in
1791 1324 1937 1359 Christo
1960 1325 2115 1362 naturis.

1376 1433 1562 1488 Contra
1579 1435 1869 1488 Nestorium
1884 1444 2092 1490 strenue
2108 1455 2302 1506 pugna·
2327 1479 2329 1481 -

1305 1509 1376 1561 vit
1396 1510 1633 1579 Eutyches
1653 1511 1920 1580 presbyter
1936 1519 1988 1564 et
2002 1512 2302 1566 Archiman-

1303 1584 1431 1636 drita
1456 1583 2070 1652 Constantinopolitanus;
2102 1588 2190 1640 sed
2221 1588 2302 1640 lit-

1307 1660 1425 1710 teris
1443 1659 1648 1710 minime
1673 1659 1911 1712 excultus
1939 1668 1989 1712 et
2028 1661 2140 1714 ideo
2167 1682 2190 1713 «
2224 1664 2302 1714 vir

1307 1733 1524 1784 multum
1547 1734 1846 1801 imprudens
1868 1736 2232 1803 acimperituS‚
2271 1756 2298 1786 »

1306 1815 1360 1859 ut
1400 1823 1517 1860 eum
1560 1809 1788 1860 nominat
1819 1807 1873 1862 S.
1910 1809 2006 1862 Leo
2038 1808 2137 1879 (6),
2175 1810 2304 1864 falso

1304 1882 1396 1933 sibi
1439 1884 1712 1949 persuasit,
1758 1898 1857 1934 non
1903 1898 2048 1951 posse
2076 1885 2127 1936 in
2159 1884 2302 1936 Chri·

1305 1963 1381 2008 sto
1422 1956 1550 2007 duas
1592 1958 1766 2023 negari
1799 1973 2061 2024 personas,
2093 1958 2135 2010 si
2172 1958 2332 2011 duae-

1304 2031 1354 2081 in
1417 2031 1596 2082 eodem
1655 2031 1996 2083 admittantur
2061 2038 2298 2085 naturae.

1305 2103 1520 2157 Unicam
1562 2105 1752 2156 idcirco
1793 2106 1842 2156 in
1883 2103 2087 2158 Christo
2123 2108 2304 2159 asserit

1310 2186 1567 2239 naturam,
1613 2185 1663 2230 et
1703 2194 1880 2230 omnes
1921 2195 2028 2239 eos,
2061 2180 2146 2248 qui
2176 2180 2303 2233 duas

1308 2254 1357 2304 in
1392 2254 1499 2320 ipso
1542 2258 1753 2305 naturas
1801 2253 2162 2315 admittebant,
2193 2255 2332 2306 tan-1·

1307 2342 1462 2396 quam
1508 2325 1810 2379 Nestoriana
1852 2327 2050 2379 haeresi
2092 2328 2307 2380 infectos

1307 2401 1778 2454 anathematizavit.
1808 2400 1994 2453 Contra
2021 2401 2332 2471 absurdum„

1309 2475 1445 2526 hunc
1500 2491 1726 2526 errorem
1768 2491 1977 2527 necesse
2015 2480 2091 2526 est
2130 2475 2302 2543 igitur,
2328 2499 2332 2529 ·,

1313 2550 1367 2600 10
1398 2548 1654 2614 utdogma
1694 2548 2003 2600 catholicum
2030 2548 2084 2600 de
2119 2548 2332 2614 duabus.

1310 2624 1362 2674 in
1384 2621 1579 2674 Christo
1626 2622 1823 2673 naturis
1851 2621 2010 2674 solide
2037 2622 2332 2715 probetur,33-

1311 2704 1362 2748 et
1400 2703 1580 2748 contla
1618 2695 1939 2748 adversarios
1967 2682 2332 2760 defendamus}

1312 2771 1371 2822 ‘32⁰
1411 2777 1466 2822 ut
1507 2770 1846 2837 praecipuum
1875 2770 2025 2822 huius
2050 2769 2323 2837 dogmati

1312 2845 1684 2896 consectarium
1724 2844 1779 2896 de
1818 2843 2005 2896 duabus
2042 2843 2096 2895 in
2152 2836 2315 2895 Chri'

1312 2927 1381 2971 sto
1420 2917 1776 2988 operationibus
1814 2919 1912 2971 rite
1951 2923 2260 2988 exponatur.

1705 3056 1743 3115 ς
1776 3055 1923 3103 zac.

1376 3146 1406 3182 1.
1430 3146 1531 3180 Duae
1553 3149 1641 3180 sunt
1665 3145 1704 3180 in
1727 3145 1870 3180 Christo
1893 3148 2048 3180 naturae
2074 3143 2250 3189 integrae,
2282 3123 2306 3186 f:

1413 3205 1624 3247 distinctae,
1653 3205 1865 3241 inconfusae
1887 3210 1923 3243 et
1943 3204 2204 3248 impermixtae.

1387 3286 1667 3356 Propositio
1709 3288 1836 3341 haec
1874 3294 1951 3340 est
1989 3286 2171 3354 dogma

1316 3361 1562 3415 tholicum
1619 3363 1805 3415 summi
1865 3362 2142 3427 momenti3
2254 3381 2257 3384 ¹
2316 3361 2317 3365 ’

1364 3491 1412 3535 (4)
1435 3492 1559 3525 collat.
1586 3492 1622 3536 8,
1646 3493 1943 3528 anathematismo
1966 3491 2291 3538 4.

1365 3536 1415 3581 (ὃ)
1434 3539 1511 3574 Act.
1538 3537 1570 3572 2.
1750 3537 1802 3582 (6)
1826 3539 1866 3571 ln
1890 3537 2000 3581 Epist.
2013 3537 2057 3572 ad
2073 3537 2098 3571 F
2103 3524 2230 3578 lavian
