2332 3860
257 106 363 160 166
869 124 934 162 nn
969 125 1065 163 nso
1101 123 1152 162 m
1191 124 1249 161 sn
1284 122 1549 169 seuera-1¹0.
1596 141 1602 149 ·

180 201 547 257 emendatione
610 202 878 270 hominum
918 204 1174 272 intelligi,
1193 227 1199 258 z
1248 205 1495 268 tributum
1534 205 1781 266 divinum
1825 204 2134 266 absolutum
2127 225 2235 265 nw-
2285 186 2329 275 s]

183 291 303 330 cum
345 271 531 333 ibidem
576 267 816 331 addatur:
867 286 911 331 el
963 278 1198 331 mulidus
1235 279 1549 341 tellexisset‚
1576 295 1716 341 non
1734 279 1967 337 dixisset:
2028 282 2233 347 Verbum
2290 311 2332 336 -.

183 365 296 403 eum
320 366 434 403 non
471 353 706 420 coqnovit.

247 423 361 480 obi.
407 425 480 477 ⁶2¹.
526 425 622 490 Per
658 425 864 479 Verbum
906 442 1005 478 non
1027 424 1177 478 intel-

178 484 376 566 ligitur,
411 497 505 551 nisi
534 499 788 567 sapientia
819 500 1012 561 divina,
1043 516 1174 569 quae

178 572 232 624 in
254 572 503 640 principio
537 580 663 634 erat,
702 575 837 642 apud
876 573 1030 626 Deum
1070 582 1174 626 erat

178 654 223 697 et
266 645 398 699 Deus
425 655 550 699 erat.
594 646 705 699 Hoc
745 655 920 700 autem
959 649 1174 701 attribu-

178 725 286 773 tum
328 720 585 773 divinum.
608 722 754 774 iuxta
784 738 977 778 morem
1004 725 1172 775 orien-

181 793 363 846 talium
406 795 602 863 poetico
643 795 793 847 modo
833 797 929 849 sub
975 799 1170 849 ratione

180 883 431 935 personae
499 876 960 938 repraesentatur,
1036 872 1169 939 quod

178 941 280 994 iam
322 943 372 994 in
415 942 556 995 libris
594 943 984 1011 sapientialibus
1010 943 1075 998 V.
1107 945 1163 997 T.

178 1022 229 1066 et
279 1017 554 1085 praecipue
610 1033 638 1068 a
701 1014 913 1069 Philone
974 1019 1165 1073 factum

182 1095 280 1150 est,
324 1106 477 1159 quem
526 1090 744 1144 Ioannes
783 1092 1013 1144 imitatus
1055 1110 1166 1147 esse

176 1158 401 1216 videtur.

248 1236 389 1305 Resp.
435 1235 545 1290 Non
586 1239 752 1290 solum
775 1237 1043 1300 Catholici,
1076 1241 1164 1292 sed

172 1310 328 1363 etiam
369 1310 597 1364 Gnostici
638 1320 688 1365 et
727 1312 901 1365 Ariani
934 1330 1022 1381 per
1051 1314 1164 1367 Ver·

172 1384 283 1435 bum
323 1385 619 1438 distinctam
658 1403 686 1438 a
727 1386 832 1439 Deo
876 1388 1023 1439 Patre
1053 1405 1163 1455 per-

171 1474 351 1516 sonam
384 1460 776 1522 intellexerunt‚
809 1464 1043 1529 quamvis
1074 1461 1165 1517 hu-

171 1535 251 1584 ius
296 1535 657 1586 aeternitatem
724 1542 775 1587 et
828 1536 1163 1588 consubstan-

173 1605 444 1660 tialitatem
508 1608 588 1659 isti
654 1616 949 1675 negarent3
1027 1626 1161 1662 anne

169 1696 345 1732 omnes
384 1680 658 1750 Christiani
711 1683 762 1734 in
804 1681 1008 1735 Ioannis
1048 1700 1160 1736 ver-

167 1753 245 1806 bis
283 1755 629 1823 intelligendis
693 1756 1028 1809 aberrarunt?
1086 1758 1162 1809 ln-

168 1831 464 1896 terpretatio
518 1830 685 1896 potius
747 1829 1158 1883 adversariorum

168 1901 297 1954 nulli
335 1902 495 1954 solido
523 1903 878 1965 fundamentO,
907 1903 997 1956 sed
1036 1904 1160 1956 falso

167 1976 431 2044 supposito
471 1977 726 2029 innititur.
783 1977 1074 2032 Admittunt
1113 1994 1161 2031 e-

169 2050 274 2102 nim
303 2049 416 2117 ipsi,
448 2049 552 2101 iam
579 2051 630 2102 in
659 2049 723 2103 V.
756 2050 814 2103 T.
845 2050 1160 2119 Sapientiam

170 2122 398 2175 divinam
437 2124 533 2176 sub
574 2125 771 2176 ratione
808 2141 1055 2193 personae
1085 2142 1161 2178 re-.

165 2199 506 2266 praesentari3
550 2198 639 2251 sed
667 2200 784 2267 quia
813 2199 938 2251 salso
976 2216 1159 2268 suppo-

169 2278 320 2334 nunt,
365 2271 539 2340 plures
579 2273 630 2324 in
654 2273 760 2325 Deo
789 2288 1030 2340 personas
1060 2291 1159 2326 non

165 2341 295 2408 dari,
339 2345 453 2397 ideo
481 2345 677 2407 dicunt,
709 2354 761 2398 at
789 2363 888 2399 non
919 2348 1154 2415 probant,

166 2420 311 2472 iuxta
352 2435 548 2472 morem
577 2420 915 2473 Orientalium
964 2423 1158 2490 poetico

165 2493 314 2545 modo
354 2492 668 2562 Sapientiam
719 2494 946 2548 divinam
988 2512 1159 2564 perso-

166 2566 381 2620 nificari.
450 2566 666 2621 Admitti
706 2575 882 2621 autem
931 2586 1030 2622 non
1072 2587 1159 2639 po-

167 2647 268 2693 test
305 2641 681 2710 hagiographos
720 2643 995 2711 scriptores
1044 2650 1159 2712 poe-

169 2715 268 2766 tico
307 2715 456 2767 modo
496 2715 623 2768 salsa
657 2717 955 2785 protulisse.
1000 2715 1094 2770 Ast
1116 2735 1156 2771 si

168 2786 429 2855 Sapientia
489 2795 691 2843 tantum
731 2797 788 2843 ut
851 2791 1154 2844 attributum

171 2860 399 2914 divinum
438 2862 732 2916 absolutum
780 2864 1153 2927 consideretur,

169 2933 355 2987 falsum
395 2943 529 2988 esset
590 2937 726 3006 quod
777 2938 963 2990 dicitur
1002 2939 1152 2992 Prov.

169 3008 224 3070 8,
268 3007 359 3069 Qu,
386 3014 512 3061 etc.:
542 3010 780 3066 Nondum
807 3020 946 3065 erant
973 3013 1153 3083 abyssi,

167 3089 213 3135 et
250 3097 332 3150 eqo
364 3083 464 3133 iam
502 3093 719 3154 concepta
758 3103 990 3140 eram...
1034 3085 1159 3139 Ante

170 3154 307 3208 colles
333 3170 418 3222 eqo
437 3159 770 3223 parturiebar.
803 3160 962 3214 Eccli.
985 3161 1078 3223 Ἃ,
1102 3162 1153 3213 5:

173 3227 277 3298 Ερρ
303 3243 365 3280 ex
390 3244 473 3281 ore
509 3228 756 3285 Altissimi
795 3234 1014 3303 prodivi,
1050 3236 1157 3304 pri-

171 3304 411 3370 moqenita
463 3310 572 3356 ante
623 3322 809 3359 omnem
857 3316 1153 3362 creaturam

173 3376 290 3445 lpse
325 3374 562 3442 Ioannes,
607 3379 648 3431 si
693 3396 783 3449 per
815 3381 1043 3437 Verbum
1083 3390 1157 3438 at-

219 3475 344 3521 (1)10.-
371 3475 427 3513 1⁰.
453 3476 507 3514 3⁰.

1238 361 1348 406 erac
1378 353 1512 422 apud
1535 348 1719 418 Deum,
1738 354 1829 407 sed
1857 362 1969 419 erat
2009 355 2061 409 in
2099 356 2226 416 Deo.-

1237 426 1534 480 Generatim
1584 427 1853 491 character
1892 430 2095 494 Ioannis
2121 460 2150 494 ,ν
2177 440 2230 488 et

1235 502 1386 554 stilus
1425 503 1535 554 eius
1574 517 1664 570 per
1702 509 1871 561 totum
1888 503 2228 573 Evangelium

1235 575 1455 644 simplex
1514 582 1565 627 et
1603 583 1815 644 apertus
1870 577 1976 639 ,non
2018 581 2228 647 permit·

1235 655 1369 710 tunt,
1416 657 1472 701 ut
1499 649 1751 712 dicamus,
1783 651 1950 717 ipsum
1976 652 2042 709 ab
2082 654 2226 710 initio
2307 702 2310 707 ,

1237 722 1503 791 Evangelii
1548 725 1802 791 poeticum
1845 723 2081 793 loquendi
2124 745 2225 781 mo·

1233 799 1355 856 dum
1412 797 1705 866 adoptasse,
1749 805 1840 851 aut
1878 798 2144 857 Philonem
2187 803 2224 854 i-

1235 875 1470 926 mitatum
1513 888 1644 933 esse,
1689 888 1808 925 cum
1855 879 2059 927 veteres
2091 875 2220 929 scri·

1234 955 1405 1015 ptores
1446 953 1722 1010 testentur,
1766 948 1932 1015 ipsum
1988 947 2223 1018 Evange-

1234 1021 1357 1073 lium
1400 1021 1683 1088 scripsisse,
1729 1027 1787 1072 ut
1826 1021 2089 1082 erroribus
2138 1025 2222 1078 ob·

1231 1095 1413 1156 viaret,
1458 1095 1545 1162 qui
1603 1110 1668 1148 ex
1732 1096 1935 1164 scriptis
1995 1096 2222 1151 Philonis

1228 1168 1398 1221 hausti
1439 1169 1661 1222 fuerant.
1731 1198 1802 1208 -—
1859 1169 2091 1238 Denique
2149 1171 2222 1225 di-

1229 1258 1364 1305 cere,
1411 1259 1500 1310 per
1540 1242 1734 1295 dictum
1758 1242 1981 1295 Ioannis:
2017 1244 2222 1298 Verbum

1227 1333 1339 1369 caro
1364 1318 1549 1384 factum
1584 1325 1670 1380 est,
1716 1333 1815 1370 non
1857 1317 1996 1370 aliud
2037 1318 2221 1385 indigi-

1228 1392 1344 1453 tari‚
1390 1391 1484 1442 nisi
1545 1390 1679 1458 quod
1719 1390 1982 1458 Sapientia
2044 1392 2220 1451 divina

1227 1465 1276 1516 in
1320 1465 1522 1517 homine
1551 1463 1665 1516 Iesu
1689 1481 1742 1517 se
1765 1465 2039 1533 praecipuo
2071 1467 2219 1519 modo

1226 1540 1655 1599 manifestaverit,
1701 1555 1801 1590 non
1843 1545 1923 1591 est
1970 1539 2220 1608 interpre-

1226 1613 1322 1664 tari
1362 1613 1690 1679 scripturam,
1735 1613 1822 1665 sed
1876 1619 2217 1682 contorquere

1224 1693 1274 1739 et
1314 1696 1663 1754 corrumpere3
1708 1702 1827 1749 nam
1861 1693 1914 1739 et
1952 1689 2004 1739 in
2044 1687 2109 1742 V.
2153 1688 2212 1742 T.

1225 1761 1366 1814 suere
1405 1761 1683 1828 sapienteS‚
1726 1767 1784 1812 ut
1823 1760 1987 1812 David
2013 1801 2025 1822 ‚
2071 1761 2216 1816 Salo·

1226 1844 1359 1900 mon,
1401 1834 1706 1901 Prophetae,
1774 1832 2026 1887 Siracides
2081 1842 2210 1904 etc.;

1223 1907 1309 1959 sed
1353 1907 1533 1959 nullibi
1570 1907 1774 1969 dicitur,
1806 1909 1939 1977 quod
1970 1909 2081 1961 ideo
2120 1909 2210 1964 Sa-

1225 1983 1413 2049 pientia
1454 1981 1628 2033 divina
1656 1982 1923 2034 incarnata
1963 1984 2046 2035 sit.

1298 2055 1403 2107 Obi.
1450 2056 1528 2106 5¹².
1585 2054 1816 2107 Christus
1878 2053 1956 2126 (l)
2009 2056 2205 2111 dicens:

1222 2129 1324 2197 qu
1362 2136 1405 2181 et
1434 2129 1575 2182 Pater
1602 2146 1760 2181 unum
1788 2145 1976 2192 summ,
2006 2146 2106 2185 non
2135 2130 2208 2184 lo-

1222 2205 1395 2271 quitur
1435 2203 1497 2254 de
1559 2204 1758 2255 unitate
1807 2211 2048 2267 naturae,
2114 2205 2207 2258 sed

1222 2277 1284 2328 de
1334 2277 1528 2329 unitate
1569 2277 1869 2340 voluntatiS,
1937 2294 2029 2331 seu
2084 2295 2206 2333 con-

1221 2366 1421 2404 sensus.
1450 2350 1502 2402 Id
1531 2358 1672 2419 patet
1700 2368 1761 2404 ex
1800 2367 1881 2414 eo,
1923 2353 2041 2421 quia
2063 2351 2205 2407 Chri-

1221 2431 1332 2477 stus
1371 2424 1587 2478 eandem
1615 2427 1886 2486 unitatem,
1917 2442 2071 2494 quam
2098 2428 2205 2495 ipse

1222 2498 1375 2552 habet
1415 2515 1534 2551 cum
1574 2498 1745 2561 Patre,
1789 2500 2013 2568 postulat
2051 2502 2206 2554 etiam

1221 2589 1311 2640 pro
1349 2572 1613 2641 discipulis
1651 2573 1757 2625 suis
1808 2573 2005 2626 dicens:
2060 2574 2208 2629 Pater

1219 2654 1397 2709 sancte,
1422 2662 1557 2700 serva
1596 2662 1672 2699 eos
1699 2647 1965 2700 innomine
1990 2655 2071 2700 tuo
2090 2665 2208 2717 quos

1219 2720 1393 2773 dedisti
1430 2720 1575 2782 mihi,
1618 2728 1674 2774 ut
1711 2721 1808 2774 sint
1833 2737 1987 2775 unum
2013 2718 2139 2778 sicul
2164 2729 2211 2778 et

1219 2810 1305 2871 nos
1347 2792 1444 2864 (2).

1292 2867 1434 2936 Resp.
1480 2866 1713 2921 Christus
1775 2839 2003 2937 seipsu'm
2047 2853 2206 2924 inter-

1222 2949 1452 3025 pretatur
1510 2942 1630 2996 dum
1672 2942 1883 3005 10.4Ζι,
1941 2942 1975 2994 9
2038 2944 2214 3000 dieit-

1220 3016 1306 3082 qui
1327 3016 1453 3068 videt
1473 3031 1546 3069 me
1592 3016 1716 3070 videt
1738 3023 1780 3069 el
1809 3016 2027 3081 Patrem3
2057 3018 2213 3078 10.6,.
2274 3016 2298 3094 ¹¹
2325 3026 2332 3028 “

1223 3089 1309 3141 15:
1338 3088 1514 3142 Omnia
1539 3106 1870 3159 quaecumque
1895 3091 2034 3145 habet
2067 3091 2212 3149 Pater

1219 3178 1326 3215 mea
1364 3171 1497 3228 sunt3
1547 3171 1598 3215 et
1646 3163 1719 3225 10,
1765 3165 1881 3227 171,
1879 3165 2005 3227 10,
2045 3164 2211 3225 Deum

1220 3235 1505 3304 a¹¹0‘ll1ens:
1544 3237 1662 3291 Mea
1687 3238 1853 3302 omnia
1893 3244 1980 3293 tua
2005 3240 2150 3300 siml,
2162 3247 2275 3299 -ec

1221 3317 1307 3362 tua
1345 3325 1452 3362 mea
1495 3318 1632 3375 εῑιηις
1677 3328 1827 3366 nemo
1875 3321 2057 3374 autem
2101 3329 2214 3397 pro-i

1222 3390 1343 3452 pter
1374 3384 1620 3440 moralem
1657 3385 1930 3442 dumtaxat
1960 3386 2124 3452 animi
2160 3393 2213 3483 βξ

1266 3482 1386 3527 (mlo
1414 3482 1456 3519 ιτ
1498 3483 1550 3520 ιι.
2002 3501 2008 3528 ,

2270 3303 2332 3351 ζ,-

2253 3349 2332 3470 Ξῖ

2266 3471 2304 3506 ⁴⁹}
2318 3475 2332 3481 ..
