2332 3860
263 127 372 180 460
429 132 432 136 '
694 140 696 142 ’
873 143 937 180 ΒΕ
975 142 1068 181 nizo
1108 142 1158 179 ιΝ
1195 142 1252 179 sa
1288 140 1549 180 specu-rc.

198 221 355 276 dixit.
400 221 473 275 Tu
523 237 571 275 es
611 219 857 284 chrisma,
899 222 1063 275 Filius
1100 221 1193 274 Dei

198 297 319 358 vivi,
349 312 484 366 quae
511 296 763 349 confessio
792 312 892 348 non
920 296 1085 348 solum
1106 312 1192 364 ap-

199 365 464 439 probatur,
497 371 587 423 sed
615 377 666 423 et
705 376 1087 431 remuneratur,
1130 385 1192 422 ac

198 460 455 514 supernae
482 443 786 497 revelationi
821 444 1150 497 adscribitur.

271 518 327 571 2.
373 517 515 571 lesus
541 517 776 572 Christus
813 535 957 586 ergo,
990 519 1074 586 qui
1116 523 1194 570 est

200 591 336 645 filius
398 592 621 645 hominis
684 598 891 660 propter
955 599 1193 644 naturam

200 666 482 719 humanam
522 682 675 735 quarn
728 666 779 718 in
833 673 1062 734 tempore
1114 681 1193 718 as-

201 742 442 809 sumpsit,
486 748 564 792 est
604 741 761 792 etiam
788 738 950 791 Filius
990 740 1104 801 Dei}
1145 746 1194 791 et

191 821 449 883 ‚tanquam
477 813 638 865 Filius
677 813 767 865 Dei
807 821 885 865 est
927 830 1047 866 vera
1084 829 1195 881 per-

202 903 349 950 sona,
379 888 499 956 quia
527 888 621 955 ipsi
664 886 982 949 intellectuS,
1014 888 1195 940 volun-

203 968 282 1014 tas
322 969 373 1014 et
412 962 735 1029 operationes
774 961 1070 1029 personales
1110 962 1196 1012 ad-

201 1035 514 1088 scribuntur.
559 1034 789 1087 Christus
830 1036 965 1087 enim
1011 1042 1068 1087 ut
1115 1034 1198 1086 Fi-

204 1109 304 1161 lius
351 1109 443 1161 Dei
486 1108 673 1160 dicitur
713 1125 1024 1176 cognoscere
1078 1107 1193 1177 (1):

205 1182 375 1250 Neque
399 1183 589 1234 Patrem
628 1184 738 1250 quis
778 1185 934 1243 olevit,
978 1183 1075 1234 nisi
1115 1182 1197 1233 Fi-

206 1255 321 1316 lius,
352 1264 396 1307 et
421 1257 502 1308 cui
528 1256 749 1308 ‘voluerit
776 1255 940 1308 Filius
967 1255 1197 1308 revelare.-

206 1329 392 1381 dicitur
419 1329 554 1382 velle
584 1328 682 1401 (Q):
711 1330 851 1382 Sicut
879 1330 1026 1382 Pater
1052 1331 1202 1381 susci·

207 1411 278 1455 tat
303 1411 517 1455 mortuos
537 1411 579 1455 et
605 1404 826 1472 vivificat,
857 1404 925 1455 sie
952 1413 994 1455 et
1020 1403 1198 1469 Filius,

207 1493 326 1544 quos
353 1477 475 1538 vult,
518 1477 752 1546 vivificat.-
781 1477 966 1529 dicitur
1003 1479 1198 1545 operari

211 1548 310 1619 (5):
341 1551 485 1603 Pater
510 1567 643 1602 meus
683 1567 833 1619 usque
860 1552 995 1603 modo
1035 1567 1202 1620 opera·

210 1631 311 1685 tur,
341 1633 385 1675 el
423 1640 505 1692 eqo
544 1640 739 1692 operem-
780 1633 857 1676 est
897 1642 1018 1691 ergo
1060 1626 1201 1676 Chri-

208 1703 318 1749 stus
346 1705 589 1766 tanquam
619 1698 777 1749 Filius
806 1698 894 1750 Dei
926 1715 1046 1750 vera
1091 1701 1202 1766 per-

210 1787 353 1832 sona,
386 1778 438 1823 et
463 1772 671 1839 quidem
699 1773 937 1823 distincta
970 1789 999 1824 a
1029 1773 1197 1832 Patre,

210 1845 340 1912 quod
370 1846 692 1911 apertissime
718 1861 785 1896 ex
813 1846 936 1897 locis
965 1852 1072 1897 tum
1104 1846 1201 1909 hic,

211 1924 322 1969 tum
367 1915 402 1988 S
453 1934 623 1985 praec.
669 1935 720 1970 n.
768 1918 793 1969 l
845 1920 1012 1971 citatis
1063 1919 1202 1971 colli-

211 1991 370 2058 gitur.
416 1990 710 2061 Eodemque
767 1993 913 2046 modo
962 2000 1040 2044 est
1093 2009 1203 2060 per-

212 2081 338 2117 sona
385 2065 595 2118 realiter
644 2066 882 2118 distincta
932 2066 1201 2134 a‘Spiritu

211 2137 421 2200 Sancto,
452 2140 537 2208 qui
567 2137 645 2210 (lt)
674 2156 917 2207 expresse
944 2140 1072 2192 alius
1106 2140 1205 2192 Pa-

212 2212 418 2265 raclitus
458 2219 693 2276 vocatur,
749 2220 801 2266 et
838 2230 870 2267 a
909 2214 1040 2267 Filio
1077 2216 1205 2267 mitti

213 2285 400 2338 dicitur
429 2283 527 2357 (ὅ).

286 2359 340 2412 5.
373 2359 516 2412 Iesus
542 2358 778 2413 Christus
811 2367 889 2413 est
929 2360 1088 2415 Filius
1115 2362 1203 2414 Dei

215 2449 315 2500 non
349 2434 651 2502 adoptivuS,
696 2435 784 2486 sed
827 2435 1097 2498 naturaliS,
1141 2453 1206 2489 ex

215 2508 324 2574 ipsa
355 2508 642 2560 substantia
679 2508 844 2561 Patris
876 2510 1104 2575 genitus,
1147 2526 1207 2562 ac

216 2581 328 2633 ideo
367 2580 505 2634 Patri
557 2582 1031 2635 consubstantialis,
1088 2583 1207 2636 Ideo

217 2669 339 2706 sane
366 2655 554 2707 dicitur
591 2654 752 2707 Filius
792 2655 881 2707 Dei
922 2655 1209 2724 Uniqeizitus

219 2725 317 2797 (6),
336 2727 692 2797 Primoqenicus
715 2728 813 2799 (7),
832 2729 1079 2797 Proprius
1108 2729 1204 2801 (8),

219 2807 277 2851 ut
310 2802 382 2852 sic
422 2803 827 2872 distingueretur
866 2820 895 2855 a
934 2803 1052 2856 filiis
1090 2804 1209 2856 ado-

225 2873 395 2940 ptivis,
426 2876 606 2944 quales
632 2884 964 2937 suntomnes,
994 2878 1209 2946 quigra-

223 2947 292 2998 tia
319 2949 675 3003 sanctificante
713 2958 984 3003 ornantur.
1029 2950 1082 3003 Si
1121 2968 1212 3003 au-

225 3026 329 3072 tem
356 3019 590 3075 Christus
627 3031 705 3076 est
743 3024 904 3077 Filius
944 3024 1036 3077 Dei
1062 3032 1210 3077 natu-

226 3091 368 3155 raliS,
399 3110 463 3146 ex
492 3097 778 3150 substantia
806 3098 970 3151 Patris
1008 3100 1213 3165 genitus

225 3172 278 3219 et
301 3165 421 3219 huic
447 3171 923 3235 consubstantialis,
955 3180 1033 3225 est
1059 3173 1212 3225 etiam

227 3255 443 3309 persona
471 3241 663 3306 divina,
694 3252 772 3298 est
798 3262 952 3300 verus
978 3246 1216 3300 Deus—-

286 3397 307 3434 1
349 3398 478 3434 Matth-
502 3398 558 3442 11,
581 3398 641 3434 27
913 3402 934 3437 2
971 3405 1012 3438 10
1048 3403 1084 3445 5,
1107 3403 1162 3439 21.

271 3397 328 3531 {3}
348 3443 399 3479 10·
424 3441 459 3484 Β,
483 3442 538 3477 17.
893 3402 949 3534 {4}
969 3448 1021 3483 10.
1043 3447 1103 3490 14,
1117 3447 1172 3483 16.

289 3484 312 3522 8
349 3466 931 3530 10.1lt,26.e
970 3491 1022 3526 10·
1047 3490 1081 3535 1,
1105 3490 1160 3527 18.

1253 220 1307 274 ld
1349 225 1608 290 negarunt
1644 217 1858 284 Arimi,
1900 235 2029 290 quos
2067 213 2332 293 in‘eofj-

1253 295 1370 348 dem
1394 310 1568 348 errore
1607 294 1708 348 iam
1737 301 2127 361 praecesserant
2151 294 2267 364 (Ie-g¹

1252 370 1478 429 rimbtus,
1508 367 1685 430 Ebien,
1716 366 2059 435 CarpocrateS,
2101 368 2272 437 Thea-f

1253 443 1413 501 dotus,
1444 442 1628 495 Paulus
1653 442 2003 496 samosatenus
2043 450 2095 495 et
2120 442 2268 496 Pho-.-

1256 517 1369 568 tius.
1414 515 1648 569 Eundem
1677 532 1903 569 errorem
1930 523 2248 571 renovarunt

1254 590 1529 650 Sociniani,
1574 590 1656 658 qui
1700 590 1905 652 docent,
1947 590 2114 643 solum
2155 591 2247 643 Pa·
2283 618 2305 641 2*

1259 672 1389 716 trem
1417 680 1530 716 esse
1558 680 1740 718 verum
1767 663 1954 726 Deum,
1985 663 2249 717 Christum
2272 666 2293 736 ᾖ

1259 755 1379 791 vero
1420 754 1532 790 esse
1584 754 1771 806 purum
1830 738 2121 800 hominem,
2163 738 2299 807 qui

1257 819 1377 865 ante
1403 812 1619 865 Mariam
1661 829 1760 864 non
1801 813 1990 874 extitit,
2032 820 2085 865 et
2123 823 2298 865 eun-:⁴¹

1258 887 1374 940 dem
1425 885 1611 940 Filium
1662 886 1752 939 Dei
1818 887 1989 938 vocari
2044 893 2249 955 propter

1261 961 1504 1013 moralem
1547 960 1818 1012 dumtaxat
1853 975 1971 1015 cum
1996 959 2103 1012 Deo
2130 976 2251 1012 con·

1260 1036 1594 1092 iunctionem,
1650 1041 1703 1086 et
1771 1040 1976 1101 propter
2029 1035 2251 1102 insignia

1260 1109 1391 1161 dona
1420 1125 1448 1160 a
1484 1108 1588 1159 Deo
1616 1114 1847 1175 accepta.
1881 1108 2071 1160 Eodem
2102 1107 2250 1160 modo
2274 1127 2297 1146 «ι

1261 1184 1416 1234 etiam
1459 1183 1770 1234 recentiores
1809 1181 2160 1234 Rationalistae
2198 1183 2250 1234 in
2316 1179 2332 1218 -'

1261 1256 1460 1308 Christo
1515 1272 1615 1307 non
1655 1255 1935 1307 secundam
1988 1256 2252 1308 Trinitatis

1265 1345 1554 1397 personam,
1600 1346 1699 1389 non
1730 1329 1914 1391 Deum,
1946 1330 2035 1382 sed
2066 1344 2252 1397 purum

1264 1405 1523 1456 hominem
1565 1420 1750 1471 magna
1778 1404 2030 1472 sapientia
2057 1411 2109 1456 et
2148 1404 2252 1455 vir·
2287 1412 2301 1419 ²

1263 1485 1371 1530 tute
1437 1478 1724 1545 praeditum
1792 1485 2127 1530 venerantur.
2183 1505 2255 1517 —-
2299 1491 2304 1500 ·

1263 1551 1389 1603 Cum
1419 1558 1592 1603 autem
1616 1552 1874 1603 Divinitas
1895 1550 2082 1604 Christi
2111 1567 2255 1619 prae·
2301 1574 2304 1575 ⁷

1263 1627 1470 1692 cipuum
1499 1627 1564 1676 sit
1591 1626 1707 1677 fidei
1731 1642 1792 1677 ac
1819 1625 2098 1692 Religionis
2125 1625 2257 1678 chri·

1263 1702 1460 1751 stianae
1490 1699 1903 1761 fundamentum,
1934 1716 2033 1767 quo
2060 1704 2300 1763 ever80,..

1267 1781 1423 1824 totam
1453 1773 1683 1824 funditus
1724 1773 1863 1824 illam
1905 1773 2135 1826 subverti
2168 1789 2258 1824 ne·
2326 1841 2332 1843 -

1265 1862 1408 1898 cesse
1448 1847 1614 1905 foret,
1658 1847 2010 1899 necessarium
2048 1847 2298 1899 omnino

1265 1927 1361 1980 est,
1394 1927 1451 1972 ut
1478 1920 1695 1973 eandem
1735 1921 1911 1974 solidis
1937 1922 2258 1990 argumentis
2293 1944 2295 1946 ·

1267 1995 1557 2062 probemus,

1336 2067 1486 2119 Nota.
1522 2069 1575 2120 ln
1605 2068 1702 2121 hac
1730 2069 2038 2121 tractatione
2071 2069 2259 2137 promi-

1265 2158 1387 2193 scue
1427 2141 1550 2194 Filii
1590 2143 1717 2200 Dei,
1780 2141 1920 2195 Verbi
1969 2151 2022 2195 et
2075 2137 2297 2196 Christi*

1270 2217 1474 2267 nomina
1514 2215 1871 2268 adhibebimus
1896 2257 1908 2277 ,
1961 2217 2079 2285 quia
2125 2217 2260 2268 sicut
2301 2262 2310 2268 .

1267 2291 1366 2341 iam
1395 2306 1458 2341 ex
1496 2291 1720 2358 probatis
1760 2296 1920 2358 patet,
1953 2306 2056 2342 una
2093 2295 2145 2342 et
2171 2306 2259 2342 ea-
2295 2299 2298 2301 ’

1267 2363 1385 2418 dem
1414 2370 1491 2415 est
1518 2363 1629 2415 Filii
1661 2364 1773 2422 Dei,
1805 2363 1958 2418 Verbi
1987 2370 2041 2416 et
2072 2362 2260 2416 Christi
2283 2372 2332 2432 ξ,-

1270 2453 1511 2504 persona3
1555 2438 1675 2506 quid
1716 2438 1853 2490 enim
1893 2444 1970 2489 est
2002 2436 2291 2500 Christus„

1271 2512 1365 2562 nisi
1410 2511 1610 2563 Verbum
1650 2526 1764 2563 caro
1800 2513 1988 2578 factum
2026 2508 2125 2580 (9),
2168 2526 2261 2563 seu

1274 2583 1560 2651 Umqenitzts
1583 2584 1780 2636 Filius·
1769 2600 1820 2635 in
1863 2584 2115 2636 mundum
2142 2585 2262 2636 mis·
2276 2570 2332 2655 {z

1269 2657 1393 2709 sus?
1420 2657 1554 2727 (10).
1596 2657 1813 2710 Probata
1843 2674 1966 2725 ergo
1993 2658 2306 2716 divinitate-:f

1271 2730 1479 2791 Clnisti‚
1512 2731 1668 2783 etiam
1708 2731 1822 2783 Filii
1862 2731 1953 2784 Dei
1985 2747 2077 2784 seu
2106 2730 2261 2786 Verbi
2272 2738 2332 2835 ᾗ

1272 2805 1511 2859 divinitas
1551 2805 1822 2874 probatur,
1867 2811 1919 2858 et
1947 2806 2057 2859 vice
2087 2819 2257 2858 versa.
2199 2774 2332 2930 ἐῢ

1679 2943 1855 3001 gaz.

1438 3031 1617 3066 Divinitas
1638 3032 1722 3066 Iesu
1746 3031 1881 3067 Christi
1904 3031 2098 3076 probatum

1513 3091 1542 3124 1.
1567 3091 1621 3126 Ex
1642 3091 1677 3127 S.
1701 3091 1888 3136 Scriptura
1911 3091 1952 3127 V.
1977 3090 2023 3127 Τ.

1348 3171 1453 3226 lam
1493 3174 1545 3225 in
1585 3173 1859 3242 Theologia
1893 3172 2123 3242 generali
2152 3187 2265 3242 pros
2268 3204 2270 3206 -
2306 3146 2315 3250 l

1276 3249 1452 3299 batum
1491 3253 1597 3310 est,
1637 3245 1811 3301 Iesum
1849 3246 2112 3302 Christum
2151 3261 2180 3300 e
2217 3267 2268 3294 :³1
2310 3271 2314 3288 2

1321 3403 1370 3446 (Ἦ
1398 3403 1507 3440 Hebr.
1533 3405 1568 3446 1,
1591 3405 1624 3440 6.

1322 3446 1374 3490 (8)
1400 3447 1506 3484 Rom.
1530 3447 1564 3489 8,
1589 3448 1643 3484 32.

1324 3490 1375 3536 (υ)
1402 3491 1454 3527 ιο.
1481 3489 1516 3534 ι,
1542 3491 1597 3527 ιι.
1885 3484 1890 3487 “
1914 3490 2060 3538 (10510.
2083 3487 2213 3538 ωσι,
2230 3458 2268 3531 3*
2309 3471 2312 3474 ’
