2332 3860
359 114 429 167 76
977 131 1041 168 nn

276 211 433 280 ipsius
461 213 547 266 rei.
567 212 682 267 »Ex
705 212 801 272 bac
823 214 1019 266 ratione
1043 214 1267 278 nomina,

275 287 458 354 quibus
485 289 729 340 attributa
771 287 944 339 divina
973 288 1263 356 significan·

277 369 386 424 tur,
425 368 480 414 ut
508 361 657 414 docet
692 360 750 415 S.
789 361 991 414 Thomas
1021 361 1093 431 (l)
1134 361 1269 414 inter

274 451 329 488 se
368 451 655 505 synonyma
715 436 814 487 dici
869 452 968 487 non
1014 441 1264 502 possunt:

274 509 510 578 quamvis
538 510 675 562 enim
698 511 868 562 omnia
898 509 1174 563 essentiam
1199 509 1269 560 di-

277 584 450 637 vinam
511 583 822 651 indigitent‚
866 589 1038 635 tamen
1082 599 1267 635 secun-

244 658 399 715 dum
439 659 664 711 rationes
718 657 950 709 diversas
976 698 988 718 ,
1043 674 1132 709 seu
1175 657 1270 709 sub

278 732 421 785 vario
444 739 679 800 respectu
721 732 939 784 eandem
971 731 1115 783 nobis
1159 747 1271 799 pro-

277 813 492 874 ponunt.
534 806 587 857 ld
621 805 859 874 exemplo
888 805 1137 857 declarari
1163 812 1271 873 pot-

277 886 383 932 est:
429 881 633 932 nomina
673 879 879 941 Simon,
926 879 1139 940 Petrus,
1183 878 1272 930 Ce-

277 954 406 1023 phas
445 969 733 1023 synonyma
764 960 905 1017 sunt3
939 955 1026 1005 sed
1070 954 1108 1005 si
1134 952 1270 1005 dica-

277 1035 382 1080 tur:
421 1028 558 1080 filius
601 1028 772 1090 lonae,
810 1028 967 1079 frater
1006 1026 1266 1087 Andreae,

277 1103 517 1170 piscator,
562 1101 843 1170 discipulus
883 1100 1098 1163 Christi,
1132 1101 1271 1153 Prin-

277 1193 396 1245 ceps
424 1177 807 1244 Apostolorum,
852 1174 1091 1241 Claviger
1126 1176 1269 1241 regni

277 1249 539 1303 coelorum
569 1257 670 1302 ete.
706 1250 831 1302 bace
873 1252 1077 1301 nomina
1115 1266 1270 1318 synon

280 1340 435 1393 nyma
464 1341 562 1377 non
591 1331 732 1382 sunt.
767 1325 885 1393 quia
915 1323 1136 1376 eundem
1165 1324 1271 1392 qui-

278 1399 394 1451 dem
419 1398 698 1460 bominem,
717 1399 802 1450 sed
829 1397 923 1450 sub
942 1399 1081 1449 vario
1107 1413 1271 1464 respe-

278 1481 362 1525 ctu
389 1473 531 1525 nobis
557 1479 965 1540 repraesentant.
994 1472 1069 1524 Ex
1093 1472 1271 1523 eadem

277 1548 473 1599 ratione
502 1548 666 1608 varia,
711 1563 841 1615 quae
881 1546 942 1597 de
984 1545 1087 1597 Deo
1130 1561 1272 1613 prae-

279 1622 518 1674 dicantur
546 1621 813 1680 attributa,
847 1635 1137 1688 synonyma
1174 1635 1272 1670 non

278 1702 419 1756 sunt,
450 1695 581 1764 quod
613 1694 713 1746 alio
740 1700 1049 1760 argumento
1091 1694 1274 1745 confir-

279 1775 386 1821 mat
408 1767 485 1820 Gt.
523 1767 741 1819 Billuart
770 1768 964 1819 de-Deo
989 1765 1063 1838 (2)
1082 1767 1273 1819 dicens:

283 1863 308 1891 «
336 1841 488 1894 Plura
517 1857 807 1910 synonyma
829 1841 921 1892 sibi
946 1842 1163 1892 invicem
1192 1841 1276 1892 ad-

279 1919 454 1968 iuncta
496 1916 830 1983 negationem
873 1915 1099 1980 faciunt,
1144 1914 1275 1966 sicut

235 2000 242 2005 “
279 1993 319 2043 si
361 1990 601 2042 dicatur:
658 1989 845 2050 vestiS,
891 1989 1271 2047 indumentum,

280 2063 361 2116 vel
386 2063 608 2132 gladius,
627 2063 763 2114 ensis
781 2069 903 2115 ete..·
918 2063 1057 2131 atqui
1074 2062 1275 2115 admitti

281 2154 382 2190 non
411 2144 607 2206 potest,
653 2136 787 2205 qtiod
829 2138 1085 2205 scriptura
1122 2152 1278 2204 nuge-

281 2220 387 2274 tur,
419 2206 536 2264 cum
574 2210 722 2262 dicit:
749 2210 1055 2270 Fortissime,
1083 2226 1273 2278 mayne,

275 2294 463 2355 polana,
497 2285 734 2337 Dominus
757 2284 1079 2336 Emerciluum
1107 2301 1278 2336 ponzen

281 2359 371 2412 eibi
400 2358 497 2429 (3):
535 2359 772 2412 similiter
801 2358 942 2410 alibi:
976 2375 1096 2428 ergo
1125 2366 1225 2410 etc.

342 2433 410 2485 5.
441 2433 587 2486 Sicut
614 2432 894 2494 distinctio,
922 2434 991 2485 ita
1021 2442 1071 2485 et
1099 2433 1279 2484 divisio

285 2508 651 2560 attributorum
723 2506 1014 2558 divinorum
1088 2507 1279 2573 cogita-

288 2584 424 2634 tione
453 2581 529 2643 fit,
562 2587 614 2632 et
640 2597 670 2632 a
710 2587 883 2633 mente
924 2587 1097 2632 nostra
1140 2596 1279 2648 repe-

289 2656 435 2717 titur,
474 2671 606 2724 quae
645 2653 810 2705 Deum
851 2655 995 2706 vario
1035 2654 1185 2706 modo
1226 2670 1279 2706 se

287 2730 704 2782 manifestantem
732 2728 827 2780 sub
864 2729 1005 2780 vario
1041 2734 1279 2795 respectu

285 2803 596 2855 considerat.
642 2801 955 2870 Praecipuae
995 2809 1168 2854 autem
1211 2801 1280 2853 di-

290 2875 531 2937 visionem,
559 2877 746 2945 quibus
766 2874 1009 2946 theologi
1039 2882 1276 2937 utuntur,

287 2955 406 3000 sunt
459 2957 751 3018 sequentes.
796 2947 860 3020 a)
904 2949 1167 3002 Attributa
1209 2949 1281 3000 di-

290 3023 410 3074 vina
439 3030 562 3075 sunt
599 3024 682 3077 vel
711 3022 947 3083 absoluta,
992 3034 1124 3092 quae·
1152 3022 1280 3074 divi-

291 3112 387 3149 nae
425 3102 642 3149 naturae
681 3098 733 3149 in
768 3113 823 3150 se
862 3103 1124 3165 spectatae
1163 3112 1283 3150 con-

289 3170 506 3222 veniunt
532 3170 623 3231 ita,
655 3178 710 3223 ut
738 3173 847 3223 sine
887 3171 999 3223 istis
1025 3170 1130 3223 Ens
1172 3187 1282 3239 per-

289 3243 626 3298 fectissimum
663 3260 693 3295 a
733 3246 877 3298 nobis
925 3244 1139 3313 cogitari
1181 3261 1281 3297 non

291 3318 467 3388 possit:
513 3317 595 3369 vel
635 3317 862 3381 relativa,
907 3335 1038 3388 quae
1077 3318 1142 3372 ad
1181 3319 1282 3372 alia

334 3446 390 3535 εἱ)
413 3447 430 3481 1
447 3446 552 3498 ‘Suum
571 3455 605 3490 q.
630 3445 686 3489 13,
704 3451 769 3481 art.
794 3447 825 3481 4.

356 3489 392 3536 2)
415 3490 562 3535 Bisa-4,
586 3496 654 3526 art.
681 3490 736 3535 11,
762 3490 796 3535 9,
821 3491 853 3527 3.

1095 131 1188 170 0Εο
1229 131 1277 167 ΙΝ
1315 130 1370 168 SE
1407 129 1667 168 SPECTATO.

1329 213 1646 274 referuntur,
1677 218 1728 265 et
1755 211 1960 282 quidem
1992 211 2071 264 vel
2101 210 2165 264 ad
2198 211 2324 264 divi-

1329 303 1423 341 nas
1454 301 1716 354 personiaS,
1749 292 1807 339 ut
1834 286 2143 347 PaternitaS‚
2175 284 2326 338 Filiass

1332 362 1400 413 tio
1441 367 1542 412 etc.
1588 359 1669 411 vel
1729 360 1793 412 ad
1854 376 1936 412 res
1988 367 2227 421 creataS‚
2269 366 2327 412 ut

1331 433 1562 496 Creator,
1594 432 1956 495 Conservator‚
2002 433 2327 486 Gubernator

1331 514 1431 560 ete.
1465 515 1779 576 quapropter
1817 508 2065 560 attributa
2108 507 2327 561 relativa

1332 583 1383 633 in
1413 582 1609 634 interna
1635 589 1687 634 et
1725 588 1925 633 eoeterna
1965 582 2219 634 subdividi
2248 598 2325 634 so·

1333 657 1459 708 lent.
1494 654 1546 725 b)
1576 654 1687 708 Alia
1718 656 2086 708 attributorum
2126 656 2328 708 divino-

1332 745 1445 782 rnm
1489 730 1670 782 divisio
1711 736 1789 781 est
1828 730 1880 780 in
1919 745 2016 781 non
2055 733 2324 798 operativa,

1332 805 1488 855 etiam
1528 805 1820 871 quiescentia
1871 819 1964 855 seu
2012 804 2329 856 immanentia

1334 878 1489 936 dicta,
1533 894 1665 946 quae
1704 894 1732 929 a
1763 878 1909 930 nobis
1936 879 2046 929 sine
2076 878 2182 930 ulla
2205 894 2329 946 ope-

1333 953 1529 1003 ratione
1570 952 1950 1019 concipiuntur3
1995 957 2046 1004 et
2075 953 2123 1004 in
2165 968 2328 1021 opera-

1334 1027 1451 1087 tiva,
1491 1041 1622 1094 quae
1643 1042 1674 1077 a
1702 1026 1846 1079 nobis
1887 1041 2004 1078 cum
2032 1028 2329 1095 operatione

1333 1101 1713 1168 concipiuntur.
1759 1098 1807 1170 c)
1848 1098 2111 1153 Attributa
2149 1100 2239 1152 Dei
2281 1117 2332 1152 e-

1336 1175 1456 1226 tiam
1488 1175 1537 1226 in
1567 1175 1805 1243 ηεραιίνα,
1838 1181 1889 1226 et
1914 1175 2120 1240 positiva
2145 1190 2235 1227 seu
2259 1175 2332 1242 as·

1333 1249 1579 1318 firmatim
1634 1249 1789 1300 dividi
1841 1248 2038 1312 solent3
2094 1251 2330 1318 quamvis

1335 1339 1432 1375 non
1464 1323 1632 1375 desint
1656 1322 1919 1390 Theologi‚
1963 1323 2147 1391 quibus
2186 1323 2330 1375 attri-

1337 1397 1457 1449 buta
1500 1398 1761 1464 negativa,
1793 1412 1924 1465 quae
1963 1412 2062 1450 non
2093 1396 2214 1465 quid
2256 1397 2329 1449 rei

1335 1471 1472 1531 insit,
1499 1473 1585 1522 sed
1610 1471 1728 1539 quid
1759 1472 1831 1523 rei
1871 1470 2000 1522 desit
2035 1472 2327 1533 enuntiant,

1335 1545 1731 1597 contradictoria
1768 1545 2062 1597 videantur.
2095 1545 2194 1597 Sed
2239 1561 2329 1597 no·

1338 1619 1551 1670 tandum
1580 1626 1675 1679 est,
1709 1619 1842 1687 quod
1878 1619 2005 1670 haec
2045 1619 2224 1671 divisio
2247 1635 2329 1671 so-

1338 1692 1445 1743 lum
1485 1709 1548 1744 ex
1590 1692 1739 1745 modo
1780 1699 2075 1760 repetatur,
2132 1709 2232 1761 quo
2266 1693 2331 1745 ad

1338 1767 1738 1834 comparandam
1780 1767 1925 1819 nobis
1954 1766 2043 1819 Dei
2084 1766 2330 1834 cognitio-

1339 1855 1455 1891 nem
1486 1841 1762 1892 tendimuS.
1807 1841 1881 1892 Ad
1922 1840 2018 1893 boc
2047 1856 2167 1893 vero
2194 1842 2331 1894 viam

1338 1915 1625 1981 negationis
1674 1915 1880 1982 plurimi
1939 1914 2326 1968 commendant.

1338 1986 1469 2039 Hine
1510 1989 1755 2041 attributa
1805 1991 2028 2058 neyaliva
2079 1996 2332 2042 vocantur

1339 2077 1398 2114 ea
1421 2104 1432 2123 ‚
1463 2078 1596 2131 quae
1639 2070 1910 2115 removent
1947 2079 1977 2115 a
2019 2064 2122 2116 Deo
2150 2065 2332 2131 imper-

1339 2135 1610 2199 fectiones,
1654 2152 2013 2206 summamque
2049 2138 2099 2189 in
2130 2153 2190 2189 eo
2219 2153 2332 2206 per-

1340 2211 1612 2263 fectionem
1638 2253 1649 2272 ,
1695 2212 1927 2280 positivis
1967 2212 2199 2264 terminis
2245 2213 2332 2264 vix

1340 2285 1723 2352 explicandam,
1767 2285 2071 2352 designant,
2114 2292 2171 2338 ut
2210 2285 2332 2338 Esse

1341 2358 1631 2419 infinitum,
1676 2360 1984 2411 immensum
2025 2366 2125 2412 etc.
2170 2358 2332 2411 Attri-

1343 2433 1464 2484 buta
1491 2434 1799 2502 affirmativa
1827 2449 1887 2485 ea
1914 2433 2177 2495 dicuntur,
2202 2448 2332 2501 quae

1344 2522 1432 2574 per
1462 2507 1597 2558 viam
1620 2506 1993 2567 affirmationis,
2021 2514 2073 2559 et
2103 2508 2332 2559 terminis

1341 2578 1661 2633 affirmativis
1695 2581 1756 2632 dc
1800 2580 1902 2633 Deo
1945 2581 2329 2648 praedicantur,

1345 2661 1399 2706 ut
1421 2655 1640 2717 bonitaS,
1666 2655 1880 2716 iustitia,
1906 2654 2222 2712 intellectus,
2249 2670 2332 2706 vo·

1343 2728 1515 2780 lunt-as
1556 2734 1655 2781 ete.
1711 2727 1763 2799 d)
1803 2728 2044 2781 Nonnulli
2095 2727 2332 2794 Theologi

1344 2802 1656 2854 recentiores
1694 2803 1943 2855 attributa
1995 2802 2170 2854 divina
2210 2802 2332 2853 divi-

1343 2876 1471 2928 dunt
1500 2877 1547 2928 in
1576 2876 1921 2945 metaphysica,
1955 2877 2004 2927 in
2032 2877 2217 2944 quibus
2259 2891 2332 2926 ra-

1343 2951 1413 3002 tio
1442 2950 1794 3018 possibilitatis
1824 2951 1978 3002 totius
2005 2948 2244 3002 Universi
2266 2950 2332 3000 in-

1345 3025 1570 3088 venitur3
1614 3025 1665 3075 in
1686 3023 1907 3093 physica,
1951 3039 2084 3092 quae
2123 3037 2332 3076 causam

1344 3099 1652 3151 existentiae
1691 3097 1930 3150 Universi
1981 3097 2136 3149 huius
2199 3095 2332 3165 exhi:

1345 3172 1488 3236 bent3
1533 3177 1585 3223 et
1619 3171 1669 3222 in
1700 3171 1943 3230 moralia,
1987 3171 2171 3239 quibus
2211 3171 2332 3223 ratio

1344 3245 1460 3298 finis
1487 3244 1678 3307 ultimi,
1709 3260 1841 3314 quae
1881 3245 1932 3296 in
1970 3243 2077 3296 Deo
2105 3259 2217 3296 esse
2257 3243 2332 3299 de.-

1346 3319 1449 3381 bet,
1494 3318 1683 3372 clarius
1705 3318 2014 3388 explicatur.
2058 3315 2108 3389 e)
2137 3317 2239 3371 Alii
2265 3325 2332 3375 at:

1389 3490 1442 3537 (3)
1465 3491 1535 3529 1er.
1563 3490 1616 3528 az.
2324 3488 2332 3535 j

2318 3556 2332 3656 i·

2288 3651 2332 3860 j
