2332 3860
313 139 423 195 500

240 403 296 441 ra
317 386 400 439 t.»
452 386 510 439 S.
553 386 647 438 Leo
686 386 760 438 M.
795 385 859 437 ad
918 384 1118 437 Turrib.
1151 381 1223 454 (Q)

241 461 369 514 haec
406 459 594 513 habet:
623 479 648 507 «
674 458 933 511 Catholica
955 457 1080 510 fides
1107 473 1226 510 con-

242 541 438 589 stanter
478 534 736 603 praedicat
774 541 924 601 atque
954 533 1222 593 veraciter,

243 610 377 680 quod
395 612 598 662 animae
621 608 905 668 bominum,
934 609 1226 675 priusquam

244 685 352 738 suis
389 684 764 751 inspirarentur
784 682 1097 749 coi·poribuS‚
1128 697 1226 732 non

244 759 408 820 fuere,
453 773 549 809 nec
586 758 650 808 ab
689 757 789 808 alio
818 757 1225 824 incorporentur,

247 834 343 886 nisi
384 833 447 885 ab
486 831 667 898 opifice
706 830 831 891 De0,
875 832 960 898 qui
1003 831 1227 897 ipsarum

639 154 702 193 nn
739 156 832 194 nno
870 156 921 193 m
958 132 1228 200 aerarios-ir.
1266 158 1329 193 An
1367 153 1571 192 unacum
1605 154 1863 196 spuo-raro.

242 236 656 293 tasGonditoris»
684 244 735 290 ct
750 235 980 306 alibi(i)t
1009 235 1223 289 «Nonne
1282 236 1387 288 alii.
1431 235 1662 290 Eundem
1700 253 1928 292 errorem
1963 238 2126 292 tenuit
2151 238 2197 294 Β

241 314 425 366 animat.
452 312 515 365 de
554 312 694 364 coelo
723 316 820 372 cst,
853 326 1037 378 corpus
1069 326 1098 362 e
1125 312 1224 363 ter·
1283 308 1499 376 Spinosa
1523 351 1536 372 ‚
1597 312 1682 380 qui
1740 312 1791 364 in
1852 312 2015 366 Elem.
2067 310 2306 383 discipl'sj}

1288 383 1510 451 Metaph.
1556 382 1706 438 dicit:
1742 405 1768 434 «
1805 384 1999 455 Corpus
2027 394 2078 439 et
2105 388 2297 446 animat

1289 473 1448 510 unum
1487 457 1621 511 idem
1659 459 1980 513 individuum
2007 469 2112 523 est,
2142 459 2315 532 quodi.

1288 534 1388 584 iam
1431 532 1533 585 sub
1553 533 1895 597 cogitationiS‚
1937 537 2038 587 iam
2066 537 2161 589 sub
2188 552 2303 589 exn*

1290 607 1536 658 tensionis
1555 607 1802 659 attributo
1832 610 2116 678 concipitur
2140 608 2277 681 (5).»
2310 640 2315 642 -

1289 680 1520 732 Eundem
1569 696 1796 733 errorem
1835 683 1988 735 etiam
2036 700 2066 735 a
2112 686 2283 737 novis-

1291 755 1432 807 simis
1474 755 1774 822 pantheistis
1833 757 1992 818 tradi,
2049 765 2190 826 patet
2217 775 2284 812 ex

1293 844 1471 880 eorum
1509 836 1812 897 systemate,
1855 846 1956 899 quo
2007 834 2177 884 omnia
2217 848 2284 886 ex

245 915 324 960 est
360 906 569 959 Creator
607 911 658 956 et
697 919 985 972 corporum.
1025 923 1050 952 »
1084 904 1154 954 De
1182 903 1229 954 S.
1296 919 1394 958 una
1435 902 1713 971 eademque
1776 912 1959 958 natura
2024 912 2311 974 repetunt.‘

247 981 522 1051 Auqustino
551 985 771 1039 constat,
798 978 930 1047 quod
952 993 1070 1030 cum
1093 978 1232 1046 prius
1295 975 1480 1028 Contra
1499 978 1621 1028 istos
1643 978 1940 1031 aberrantes
1962 995 2284 1048 propugnan-

249 1057 300 1109 in
359 1054 845 1125 generatianismum
907 1053 1068 1116 magis
1123 1066 1255 1150 pro-j

1285 1051 1359 1103 aia
1399 1058 1476 1103 est
1529 1052 1758 1104 doctrina
1818 1053 2091 1116 catholica,
2153 1070 2286 1124 quae

249 1145 439 1200 pensus
498 1128 649 1180 fuerit
680 1168 693 1188 ‚
764 1128 1016 1195 posterius
1063 1133 1255 1178 tamen=
1296 1125 1438 1186 dicit,
1482 1127 1704 1181 animam
1749 1126 2059 1189 humanam,
2110 1144 2288 1198 quam-

249 1203 664 1257 creatianismum
682 1202 1099 1269 propugnaverit:
1126 1201 1235 1252 ideo

251 1277 325 1348 (5)
353 1278 415 1330 ad
457 1277 624 1344 Optat.
670 1277 874 1327 scribit:
924 1295 948 1323 «
993 1274 1113 1337 Quis
1148 1291 1237 1326 au-

251 1360 356 1406 tem
397 1357 577 1418 negat,
622 1365 721 1402 non
782 1350 935 1400 unius
994 1355 1232 1408 tantum,

252 1427 340 1481 sed
362 1426 528 1478 omnis
549 1427 749 1479 animae
770 1431 1053 1475 creatorem
1078 1423 1237 1474 Deum

254 1508 306 1555 et
345 1501 610 1558 factorem,
655 1499 747 1550 nisi
777 1500 860 1567 qui
891 1500 1000 1549 eius
1027 1497 1239 1566 eloquiis

253 1575 572 1643 apertissime
622 1572 947 1637 refragatur?
997 1602 1068 1611 —
1118 1573 1239 1622 Sine

253 1650 358 1702 ulla
397 1650 583 1717 quippe
618 1647 951 1714 ambiguitate
994 1660 1081 1712 per
1121 1644 1239 1698 Pro-

252 1724 459 1793 phetam
514 1721 589 1793 (lt)
643 1722 802 1773 dicit:
845 1736 1031 1772 omnem
1070 1720 1240 1788 flatum

254 1814 336 1866 eya
374 1798 484 1865 fec-i,
528 1797 726 1849 animas
755 1795 993 1846 videlicet
1024 1795 1238 1859 intelligi

252 1872 450 1930 volens,
494 1870 626 1938 quod
669 1869 824 1921 verba
877 1869 1240 1936 consequentia

254 1945 603 2005 manifestant.
667 1943 776 1996 Non
838 1943 1008 2010 itaque
1058 1958 1236 2002 unum,

254 2035 406 2088 quem
448 2019 579 2070 facto
620 2033 683 2070 ex
725 2025 863 2070 terra
905 2016 1095 2068 bomini
1145 2018 1241 2084 pri-

255 2109 338 2146 mo
384 2092 697 2160 inspiravit,
755 2091 844 2143 sed
903 2106 1107 2142 omnem
1158 2090 1243 2142 fla-

253 2173 366 2219 tum
404 2167 512 2235 ipse
552 2166 691 2229 fecit,
733 2166 843 2234 ipse
871 2165 1039 2217 adhuc
1067 2165 1238 2218 facit.»

638 2304 676 2363 ς
713 2308 862 2351 me.

373 2394 424 2429 De
448 2394 590 2430 animae
614 2394 797 2428 humanae
820 2391 1051 2437 simplicitate
1073 2401 1138 2428 seu

618 2453 887 2498 spiritualitate.

321 2535 527 2593 Partem
554 2537 854 2590 nobiliorem
881 2535 1099 2588 hominis
1131 2551 1247 2588 con-

253 2613 418 2665 stituit
459 2612 651 2671 anima,
695 2626 826 2680 quae
854 2616 933 2662 est
961 2610 1245 2662 substantia

252 2702 283 2739 a
319 2695 531 2754 corpore
570 2685 830 2747 distincta,
871 2684 1243 2744 immaterialiS‚

252 2760 509 2828 simplex,
578 2759 876 2820 rationaliS,
943 2758 1241 2827 spiritualis

253 2834 506 2901 Respectu
566 2834 770 2887 animae
824 2833 974 2886 homo
1028 2832 1248 2901 pertinet

253 2907 318 2960 ad
355 2907 607 2960 mundum
645 2907 965 2977 spiritualem
992 2945 1008 2964 ,
1058 2912 1109 2958 et
1147 2922 1245 2958 non

254 2980 419 3039 solum
460 2980 691 3050 AngeliS,
724 2982 813 3034 sed
840 2981 992 3034 etiam
1017 2981 1109 3050 ipsi
1143 2979 1248 3032 Deo

254 3054 586 3107 assimilatur.
629 3056 883 3109 Eximiam
924 3055 1056 3108 hanc
1088 3054 1249 3107 homi-

257 3129 337 3183 nis
374 3128 673 3196 dignitatem
723 3147 824 3183 non
863 3130 1010 3198 pauci
1058 3143 1250 3196 negare

223 3202 368 3271 ,ausi
407 3209 556 3263 sunt,
599 3202 719 3255 dicti
771 3210 1038 3273 propterea
1096 3204 1250 3256 Mate-

228 3275 504 3338 *rialistaffi
547 3276 725 3345 quales
782 3285 902 3330 sunt
969 3277 1209 3330 Talandus
1232 3317 1245 3340 ,

259 3349 523 3405 Hobbesius
547 3389 561 3413 ,
623 3349 867 3415 Volta'ire,
921 3351 1161 3405 Helvetius
1200 3358 1251 3404 et

325 3481 363 3571 ιζ
389 3451 505 3534 sem.
529 3452 607 3517 m.
866 3480 924 3570 (ςό
940 3482 1007 3524 Ep.
1032 3482 1091 3524 aa,
1113 3491 1146 3517 c.
1171 3483 1226 3519 ιο.

326 3527 347 3562 ³
391 3524 592 3571 uptam,
615 3533 648 3563 e.
669 3525 702 3561 5.
871 3525 909 3571 (4
951 3527 997 3561 ιε.
1023 3525 1084 3566 57,
1101 3526 1154 3563 16.

1298 1200 1375 1252 vis
1414 1201 1611 1267 corpori
1655 1203 1869 1261 unitam,
1917 1209 2086 1254 tamen
2115 1219 2143 1254 a
2172 1203 2287 1255 sub-

1299 1275 1484 1326 stantia
1514 1276 1738 1342 corporis
1761 1277 1960 1342 penitus
1976 1276 2286 1342 distinctam,

1300 1349 1709 1405 immaterialem,
1735 1350 2017 1417 simplicem
2034 1356 2084 1402 et
2106 1366 2288 1405 verum

1300 1424 1532 1490 spiritum
1575 1439 1705 1474 esse.
1739 1422 1932 1489 Dogma
1975 1424 2069 1476 hoc
2110 1425 2288 1477 catho-

1304 1498 1455 1549 licum
1496 1513 1560 1548 ex
1590 1495 1641 1548 S.
1673 1496 1956 1564 Scriptura,
1997 1515 2065 1550 ex
2120 1498 2292 1552 Tradi-

1302 1573 1428 1622 tione
1466 1578 1518 1623 et
1557 1587 1621 1623 ex
1661 1573 1849 1623 ratione
1890 1572 2150 1639 probatur.

1377 1646 1427 1698 t.
1471 1644 1522 1697 S.
1568 1644 1823 1712 Scriptura
1862 1647 2170 1700 creationem
2199 1647 2289 1701 ho-

1303 1721 1453 1773 minis
1487 1735 1754 1780 enarranS‚
1795 1720 2145 1775 formationem
2186 1738 2292 1774 cor·

1305 1795 1436 1863 poris
1476 1801 1526 1845 et
1559 1794 1943 1861 inspirationem
1980 1797 2180 1849 animae
2221 1796 2292 1849 di·

1303 1869 1536 1935 stinguit.
1593 1867 1719 1920 Nam
1771 1868 1902 1920 illud⁴
1946 1871 2106 1936 primo
2156 1871 2289 1923 Deus

1304 1943 1561 2002 formavit,
1606 1949 1712 1994 tum
1743 1942 1999 2011 inspiravit
2027 1945 2080 1997 in
2117 1945 2290 2013 faciem

1303 2018 1403 2070 eius
1440 2016 1741 2084 spiraculum
1769 2018 1909 2076 oilae,
1947 2025 1990 2069 et
2027 2020 2185 2086 factus
2223 2028 2291 2071 cst-

1305 2093 1445 2144 homo
1463 2091 1750 2143 inanimam
1767 2091 1991 2144 viventem
2003 2091 2096 2163 (6).
2116 2093 2292 2162 Neque

1308 2168 1431 2218 baec
1463 2166 1620 2217 verba
1660 2165 1721 2216 de
1743 2165 1850 2217 sola
1873 2166 1920 2217 vi
1950 2167 2113 2227 vitali,
2138 2183 2290 2236 quam

1306 2241 1456 2292 homo
1483 2255 1600 2292 cum
1639 2238 1946 2295 animalibus
1967 2256 2292 2294 communem

1307 2315 1480 2375 habet,
1524 2313 1739 2381 intelligi
1782 2321 2027 2381 possunt,
2088 2316 2177 2368 sed
2229 2316 2291 2368 de

1309 2388 1638 2457 productione
1677 2388 1878 2440 animae
1918 2389 2178 2444 rationalis
2241 2396 2293 2443 et

1308 2461 1583 2531 spiritualis
1625 2463 1912 2514 necessario
1939 2469 2290 2531 exponuntur.

1308 2538 1444 2589 Deus
1466 2536 1601 2587 enim
1623 2536 1807 2588 dicitur
1829 2551 2031 2588 creasse
2051 2536 2294 2591 homiaem

1308 2613 1371 2662 ad
1399 2611 1660 2677 imaginem
1687 2625 1828 2661 suam
1858 2607 1956 2682 (7):
1981 2625 2098 2664 cum
2118 2618 2293 2668 autem

1309 2687 1358 2736 in
1398 2699 1608 2752 corpore
1648 2699 1787 2736 mere
1826 2685 2078 2738 materiali
2125 2687 2295 2755 imago

1309 2758 1482 2810 divina
1521 2759 1800 2811 consistere
1834 2774 1934 2811 non
1974 2760 2165 2827 possit,
2210 2777 2296 2813 ne·

1307 2832 1529 2885 cessario
1569 2831 1946 2886 admittendum
1986 2841 2084 2895 est,
2133 2834 2295 2887 Deum

1309 2908 1361 2960 in
1401 2907 1607 2959 homine
1644 2906 1783 2959 aliud
1812 2907 1931 2975 quid
1957 2907 2297 2961 immateriale

1309 2989 1358 3034 et
1399 2979 1663 3050 spirituale
1704 2980 2026 3049 produxisse,
2052 2982 2296 3052 quodna-

1313 3062 1457 3108 turae
1495 3055 1701 3110 divinae
1739 3056 2019 3124 imaginem
2047 3056 2296 3125 praesefe-

1310 3136 1409 3182 rat.
1453 3128 1670 3184 Animae
1709 3129 2050 3183 substantiam
2105 3145 2136 3182 a
2193 3145 2332 3184 cor--

1312 3203 1445 3273 poris
1483 3203 1768 3255 substantia
1800 3204 2002 3272 penitus
2029 3202 2296 3272 distingui,

1312 3283 1449 3346 patet
1488 3292 1553 3328 ex
1581 3276 1776 3329 Eccle.:
1807 3277 1872 3330 Ει
1896 3277 2299 3348 revertaturpul-

1311 3352 1387 3404 vis
1425 3351 1478 3402 in
1517 3358 1700 3402 terram
1725 3366 1865 3404 suam
1893 3351 2016 3404 unde
2042 3360 2171 3415 erat,
2201 3352 2301 3422 spi-

2002 3481 2080 3518 457.
2166 3507 2168 3509 -

1354 3480 1407 3572 (δῖ
1431 3481 1473 3515 v.
1497 3481 1615 3517 Wiest
1635 3483 1676 3516 T.
1701 3481 1738 3525 4,
1763 3480 1788 3527 S
1811 3481 1877 3519 454
1899 3486 1936 3518 et
2214 3504 2217 3508 -
2320 3498 2323 3501 ·

1356 3525 1392 3570 (6
2003 3527 2094 3564 Gen.
2119 3525 2154 3568 1,
2178 3525 2234 3570 2'1,
2256 3526 2288 3564 4

1430 3525 1518 3562 Gen.
1543 3525 1576 3572 2,
1601 3534 1637 3564 c.
1662 3525 1693 3561 7.
1929 3525 1942 3572 (
