2332 3860
620 191 741 232 »aas
777 191 854 230 ιιι.
896 190 1062 230 sterio
1096 191 1137 231 t.
1178 178 1330 230 'eaput
1367 188 1441 229 nr.

111 277 163 334 l.
181 276 493 332 Intonat-eto.
507 270 652 325 Haec
672 271 857 339 triplici
882 270 1030 324 modo

37 354 149 410 fieri
174 350 370 420 potest.
414 344 510 401 Vel
551 345 696 396 enim
743 344 806 396 de
846 352 1030 398 natura

39 427 211 480 divina
235 420 596 491 praedicantur
622 420 830 471 nomina
851 426 904 471 et
924 435 1034 488 pro-

38 500 281 570 prietates
308 501 523 548 naturae
549 492 835 557 humanae3
866 508 918 545 v,
951 509 1029 559 g.:

37 572 330 641 ·Uni9mitus
363 568 522 620 Patris
552 574 706 618 natus
744 574 811 619 est
837 580 899 618 ea>
925 567 1033 619 Ma-

40 649 143 708 νίας
175 645 300 697 Deus
322 658 516 712 passus,
550 640 684 692 Deus
721 647 943 692 mortuus
970 648 1035 692 est

42 727 143 774 etc.
171 718 262 773 Vel
286 717 350 770 de
373 723 559 768 natura
584 714 809 766 humana
833 713 1033 766 nomina

44 801 96 848 et
136 792 469 862 proprietates
518 795 739 841 naturae
784 787 1032 852 divin-ae3

45 885 96 920 v.
128 884 204 934 g.:
229 865 389 918 Filius
410 863 607 917 Mariae
633 869 704 913 est
725 877 865 913 verus
890 861 1037 922 Deus;

44 949 187 995 natus
215 938 517 992 Bethlehemi
565 943 632 988 est
670 946 923 995 aeternus,
968 936 1040 986 ia-

0 1034 2 1037 *
45 1031 152 1069 cens
179 1015 230 1065 in
255 1012 501 1081 praesepio
522 1017 698 1078 reynat
719 1011 771 1060 in
791 1009 912 1060 coelo
935 1010 1034 1061 etc}

44 1089 138 1143 Vel
168 1088 386 1155 denique
428 1086 490 1136 de
516 1085 721 1151 integro
756 1084 1036 1151 supposito,

46 1180 135 1217 seu
177 1162 240 1214 de
279 1161 479 1215 Christo
522 1159 786 1225 utriusque
828 1163 1041 1212 naturae

49 1237 255 1291 nomina
310 1241 359 1287 et
410 1234 765 1301 proprietateS,
809 1232 1044 1299 quamvis

44 1313 141 1365 sihi
173 1310 393 1361 invicem
422 1321 713 1374 repugnare
742 1305 1042 1365 videantur,

53 1384 202 1439 simul
232 1382 550 1447 efferuntur3
595 1380 667 1431 uti
708 1377 933 1431 Christus
980 1388 1048 1431 est

59 1459 188 1513 Deus
214 1465 257 1509 et
297 1456 455 1515 homa,
483 1463 552 1506 est
573 1462 796 1505 aeternus
823 1461 866 1504 et
893 1454 1049 1520 factus

53 1537 107 1587 in
147 1541 351 1600 tempore
379 1537 476 1581 etc.
525 1528 624 1580 Sed
653 1526 884 1579 doctrina
924 1528 1050 1579 baec

55 1607 119 1661 ad
141 1606 292 1659 fidem
321 1602 630 1657 catholicam
657 1608 875 1670 spectat,
899 1608 1051 1670 atque

57 1687 137 1734 sat
192 1679 352 1731 firmis
410 1678 651 1729 innititur
708 1678 1047 1744 argumentis,

58 1755 278 1809 Revera:

137 1829 187 1880 1.
208 1828 268 1879 In
290 1827 398 1895 ipsa
425 1823 479 1878 S.
506 1823 763 1892 Scriptura
795 1823 1054 1891 praeclara

62 1902 275 1956 huiusce
322 1898 803 1952 communicationis
850 1898 1057 1949 idioma-

65 1985 174 2031 tum
200 1974 436 2042 exempla
458 1978 755 2026 occurrunt.
779 1971 850 2024 De
874 1979 1054 2025 natura

65 2051 202 2104 enim
225 2050 396 2102 divina
421 2050 471 2100 in
497 2053 736 2099 concreto
764 2047 1058 2113 praedican-

65 2133 151 2179 tur
172 2141 252 2181 ea.
270 2139 399 2192 quae
414 2128 763 2174 suntnaturae
778 2120 1053 2175 humanae.

66 2199 150 2253 Sic
175 2198 335 2251 Filius
362 2196 453 2248 Dei
483 2197 687 2248 dicitur:
711 2193 889 2247 Factus
915 2212 976 2248 em
994 2213 1061 2248 se-

68 2275 203 2327 mine
242 2270 395 2323 David
438 2271 699 2322 secundam
737 2284 931 2321 carnem
960 2268 1057 2339 (l);

65 2363 156 2419 pro
197 2346 331 2398 nobis
371 2345 581 2396 traditus
620 2345 671 2395 in
712 2351 930 2396 mortem
960 2343 1056 2414 (ἐξ).

71 2422 232 2475 Idem:
263 2421 417 2487 factus
443 2434 505 2470 em
542 2417 745 2469 muliere
774 2417 868 2487 (5):
900 2418 1065 2470 Domi-

73 2511 167 2548 nus
185 2494 367 2563 ‚alariae
386 2493 658 2562 crucifixus
686 2490 782 2561 (lt):
807 2501 977 2543 anaor
998 2494 1065 2545 vi-

75 2578 148 2621 tae
199 2568 476 2634 interfectus
517 2565 612 2636 (5).
664 2565 746 2617 Sic
775 2567 965 2633 pariter
1004 2568 1065 2618 de

75 2650 264 2696 natura
289 2641 515 2693 humana
537 2641 587 2691 in
610 2647 848 2692 concreto
871 2641 1066 2707 praedi-

78 2723 262 2769 cantur
305 2714 643 2782 proprietates
683 2721 898 2766 naturae
938 2714 1068 2766 divi-

78 2806 192 2843 nae.
210 2788 437 2856 Angelus
457 2788 645 2840 Mariae
665 2788 806 2840 dicitz
826 2786 961 2851 Quod
982 2806 1068 2840 aa·

79 2871 240 2917 scetur
275 2878 336 2914 ex
362 2868 404 2913 te
434 2860 683 2921 Sanctum,
712 2862 962 2914 vocabitur
989 2863 1071 2915 Fi-

83 2938 177 2990 lius
193 2936 285 2988 Dei
298 2932 392 3006 (6).
406 2934 639 2989 Christus
652 2935 712 2986 de
727 2951 780 2986 se
804 2938 911 3003 ipso
932 2936 1068 2988 dicit:

82 3011 238 3063 Nemo
264 3009 475 3061 ascendit
514 3010 567 3060 in
609 3009 816 3069 coelam,
854 3010 953 3061 nisi
984 3014 1071 3077 qui

84 3083 318 3137 descendit
362 3083 418 3135 de
456 3082 598 3142 coela,
645 3083 777 3152 filius
823 3082 1032 3135 hominis
1056 3125 1069 3146 ‚

86 3158 172 3226 qui
209 3165 276 3209 est
314 3157 367 3208 in
405 3155 527 3208 coelo
568 3154 643 3226 (7)
665 3197 677 3217 ,

87 3231 240 3284 minis
277 3231 329 3283 in
387 3236 525 3282 terra
573 3230 777 3299 degenti
835 3231 1074 3284 tribuitur

137 3370 188 3506 31)
212 3373 265 3408 Ad
285 3374 390 3409 Rom.
415 3373 449 3415 1,
474 3373 504 3409 3.

788 3373 823 3419 2)
847 3375 935 3410 lbid.
961 3375 996 3412 8.
1012 3375 1064 3410 32.

154 3416 190 3459 3)
215 3418 266 3452 Aa
290 3417 364 3453 cai.
389 3417 422 3460 4,
447 3417 478 3453 5.

789 3419 826 3462 4)
844 3421 874 3460 1,
893 3420 970 3455 cor.
984 3419 1017 3461 2,
1034 3418 1065 3454 8.

153 3459 176 3495 δ
215 3463 291 3496 Act.
307 3461 343 3501 1.
367 3461 402 3506 3,
413 3462 444 3498 5.
793 3464 814 3497 a
854 3465 939 3498 Luc.
962 3464 995 3504 1,
1020 3464 1077 3499 35.

138 3503 174 3547 (7
206 3506 255 3539 Io.
275 3504 307 3545 3,
323 3504 378 3541 13.
527 3555 529 3558 ¹
774 3462 826 3550 (8)
848 3509 897 3542 Ιο.
910 3506 944 3548 8,
970 3507 1024 3542 58.

99 3602 102 3605 ⁴
138 3548 191 3595 (9)
205 3549 329 3585 Mum.
344 3549 398 3594 16,
412 3549 463 3586 13.
521 3550 710 3594 (10)ν.16.
770 3551 842 3597 (11)
857 3553 910 3590 10.
934 3551 989 3596 10,
1014 3551 1068 3588 30.

721 3156 807 3209 ubi
844 3156 948 3209 filio
991 3157 1075 3209 ho-

1894 168 1996 227 1277

1092 270 1366 324 descensus
1404 269 1468 323 de
1523 267 1664 324 coelo
1715 274 1768 322 et
1804 265 2078 322 existentia

1093 346 1144 397 in
1182 343 1351 406 coe10‚
1394 343 1648 411 tunc·soli
1701 348 1916 395 naturae
1954 342 2084 395 divi-

1094 434 1190 472 nae
1229 419 1449 487 propria.
1486 416 1844 473 AEternitatem
1882 431 2084 486 quoque

1095 494 1188 546 sibi
1228 492 1360 545 idem
1401 490 1633 543 Christus
1671 490 1940 543 attribuit:
1983 488 2085 542 Aa·

1097 574 1288 632 tequam
1306 563 1554 618 Abraham
1578 566 1730 634 fieret,
1753 580 1834 633 eqo
1860 579 1968 615 sum
1992 562 2085 634 (8).

1099 636 1324 710 Denique
1364 639 1427 691 de
1466 638 1667 692 Christo
1706 640 1972 706 utriusque
2001 653 2089 689 na·

1100 722 1245 766 turae
1273 714 1479 767 nomina
1508 720 1559 766 et
1589 713 1923 781 proprietates
1947 727 2090 780 prae-

1099 788 1354 839 dicantur.
1419 788 1557 839 ldem
1624 785 1854 839 Christus
1907 785 2093 838 dicitur

1099 862 1232 932 filius
1254 861 1466 914 hominis
1488 861 1584 932 (9),
1616 869 1667 913 et
1693 861 1822 929 filius
1844 859 1934 912 Dei
1961 858 2091 929 (to),

1102 951 1254 987 unum
1293 952 1411 987 cum
1452 936 1601 988 Patre
1642 934 1789 1005 (tl),

1832 941 1882 986 et
1933 934 2092 985 ma'nor

1106 1002 1253 1061 Patre
1293 1007 1426 1081 (la).
1477 1009 1653 1078 Itaque
1701 1008 2094 1063 communicatio

1105 1084 1400 1136 idiomatum
1433 1086 1482 1137 in
1511 1090 1748 1136 concreto
1773 1098 1906 1135 sacr.
1935 1082 2091 1134 litter.

1106 1159 1409 1210 auctoritate
1432 1158 1698 1210 manifeste
1719 1157 2095 1225 comprobatur.

1180 1233 1233 1283 2.
1254 1233 1329 1285 ss.
1355 1231 1530 1284 Patres
1552 1239 1659 1286 tum
1682 1231 1958 1283 theoretice
1992 1237 2099 1285 tum

1112 1308 1331 1372 practice
1359 1306 1643 1364 doctrinam
1683 1305 1987 1358 catholicam
2038 1304 2102 1358 de

1111 1381 1406 1439 idiomatum
1434 1381 1893 1433 communicatione
1922 1378 2102 1432 confir-

1114 1461 1335 1508 marunt.
1380 1453 1606 1522 Oriyenes
1654 1452 1766 1525 (15)
1806 1455 1907 1507 ait:
1951 1472 1979 1503 ι(
2008 1453 2102 1507 Per

1112 1529 1509 1581 indissolubilem
1568 1529 1815 1582 unitatem
1855 1528 2007 1583 Verbi
2053 1533 2105 1580 et

1114 1604 1282 1655 carnis
1306 1604 1492 1667 omnia,
1514 1619 1644 1670 quae
1665 1606 1833 1656 carnis
1860 1609 1997 1670 sunt,
2017 1602 2106 1655 ad-

1115 1678 1408 1730 scribuntur
1447 1683 1498 1729 et
1532 1676 1722 1741 Verb03
1772 1677 2023 1747 quomodo
2056 1683 2108 1730 et

1116 1765 1245 1820 quae
1285 1750 1439 1804 Verbi
1480 1758 1619 1812 sunt,
1659 1753 2018 1819 praedicantur
2046 1751 2108 1803 de

1117 1842 1290 1878 carne.
1321 1846 1346 1873 »
1367 1824 1424 1878 S.
1446 1824 1744 1877 Athanasius
1773 1825 1884 1896 (tlt)
1911 1826 2106 1878 scribit:

1124 1921 1146 1950 «
1191 1899 1352 1951 Homo
1404 1899 1588 1951 dicitur
1650 1899 1919 1962 Christus,
1976 1899 2111 1952 Deus

1119 1990 1318 2043 quoque
1358 1973 1543 2025 dicitur
1584 1973 1848 2036 Christus,
1888 1982 1938 2026 et
1976 1973 2113 2027 Deus

1120 2056 1171 2101 et
1210 2048 1361 2100 homo
1400 2053 1477 2100 est
1529 2047 1781 2100 Christus,
1831 2068 1854 2098 »
1896 2048 1949 2102 S.
1995 2046 2114 2101 Gre-

1120 2124 1286 2191 ⁴acrias·
1327 2122 1479 2189 Nyss.
1508 2120 1620 2191 (15)
1645 2122 1905 2191 praeclare
1944 2123 2111 2175 docet:

1127 2218 1151 2246 «
1184 2197 1395 2263 Propter
1422 2203 1655 2249 exactam
1690 2204 1983 2264 assumptae
2009 2214 2118 2250 car-

1123 2273 1202 2324 nis
1240 2272 1648 2339 assumentisque
1677 2272 1970 2324 ‘divinitatis
2009 2272 2120 2324 uni-

1128 2354 1283 2398 tatem
1323 2352 1502 2398 mutuo
1541 2346 1710 2397 omnia
1742 2353 2119 2413 permutantur,

1129 2427 1182 2471 ut
1209 2418 1339 2487 quod
1365 2419 1648 2475 humanum
1672 2425 1748 2471 est
1772 2420 1964 2485 divina,
1982 2420 2117 2489 quod

1128 2495 1358 2545 divinum
1400 2499 1513 2552 est,
1583 2494 1808 2546 humano
1860 2509 2115 2562 nuncupe-

1130 2574 1267 2619 tur.»
1306 2565 1357 2618 S.
1379 2564 1583 2635 Greqor.
1615 2566 1754 2620 Naz.
1789 2567 1902 2639 (46)
1929 2588 1955 2618 «
1980 2568 2125 2621 Chri·

1130 2648 1265 2693 stum
1308 2647 1573 2693 terrenum
1613 2647 1664 2693 et
1704 2643 2006 2706 coelestem,
2051 2643 2126 2695 vi·

1130 2716 1328 2767 sibilem
1370 2721 1420 2766 et
1459 2715 1854 2782 intelligibilem,
1898 2733 2128 2786 compre-

1134 2789 1435 2841 hensibilem
1450 2796 1501 2840 et
1519 2784 2121 2858 incomprehensibilem»

1134 2869 1416 2930 nuncupat.
1462 2862 1520 2915 S.
1559 2862 1850 2916 Ambrosias
1890 2864 2003 2937 (17)
2044 2867 2130 2919 do·

1134 2944 1234 2997 cet,
1278 2937 1341 2989 de
1379 2936 1579 2989 Christo
1607 2938 1704 2990 dici
1736 2954 1899 3007 posse:
1935 2959 1961 2989 «
1987 2940 2127 2994 ldem

1138 3012 1425 3079 patiebatur
1465 3018 1517 3063 et
1556 3022 1657 3063 non
1689 3013 1993 3081 patiebatur,
2022 3031 2127 3068 mo·

1138 3086 1361 3137 riebatur
1400 3091 1451 3137 et
1511 3101 1610 3138 non
1650 3087 1966 3140 moriebatur
1992 3130 2005 3150 ,
2048 3104 2130 3142 se-

1140 3158 1422 3226 peliebatur
1474 3165 1525 3210 et
1581 3175 1681 3212 non
1746 3161 2126 3229 sepeliebatur,

1139 3232 1439 3300 resurgebat
1495 3239 1548 3285 et
1593 3248 1694 3287 non
1751 3237 2069 3305 resurgebat.
2101 3256 2127 3286 »

1185 3374 1259 3419 (12)
1284 3377 1333 3410 lo.
1360 3375 1415 3418 14,
1441 3375 1494 3411 28.
1602 3377 1677 3423 (13)
1700 3379 1840 3416 comm.
1864 3379 1902 3416 in
1924 3381 2026 3417 Rom.
2040 3381 2072 3425 1,
2096 3380 2118 3416 3

1185 3419 1258 3463 (14)
1282 3421 1459 3455 Leontra
1482 3422 1678 3463 Apollinar.
1700 3434 1735 3459 n.
1762 3424 1815 3459 13.

1185 3463 1257 3507 (15)
1283 3466 1324 3497 1η
1348 3465 1408 3508 Ep.
1421 3467 1464 3500 ad
1488 3466 1674 3510 Theophil.
1700 3469 1761 3512 Ep.
1775 3469 1966 3505 Alexandr.

1188 3506 1257 3552 (16)
1283 3508 1394 3550 Epist.
1416 3509 1479 3544 101
1500 3511 1546 3544 ad
1568 3512 1714 3547 cledon.
1739 3514 1767 3554 1,
1794 3522 1828 3546 n.
1857 3512 1889 3548 3.

1183 3551 1259 3595 (17)
1282 3553 1361 3590 Lib.
1385 3554 1431 3590 de
1452 3555 1681 3600 inoern.cap.
1707 3556 1741 3599 n,
1765 3565 1802 3592 n.
1828 3555 1883 3593 36.
