2332 3860
397 335 1003 441 infatuatae
1104 304 1806 442 insoni-:mia

921 600 1272 640 wvumtw*

876 1000 1157 1091 PARS
1217 1004 1326 1090 ΙΙ.

167 1235 291 1317 'DE
321 1248 476 1316 ΠΕΟ
507 1249 584 1315 [Ν
612 1248 1062 1345 RELATIONE
1093 1249 1200 1314 AD
1230 1246 1567 1312 MUNDUM
1598 1245 2026 1314 SPECTATO.

480 1595 518 1654 ς
555 1595 680 1641 uz.

196 1719 200 1725 ·
254 1702 375 1737 Nexus
396 1705 434 1736 et
454 1706 685 1736 momentum
709 1700 908 1735 doctrinae.

39 1877 42 1880 ,
162 1822 426 1875 Hactenus
447 1822 610 1873 Deum
632 1827 689 1873 ut
710 1821 760 1872 in
782 1836 837 1872 se
860 1826 938 1871 est
960 1835 1080 1872 con·

89 1897 448 1965 sideravimus,
480 1896 803 1963 eundemque
839 1911 1000 1946 unum
1028 1894 1075 1945 in

93 1972 316 2025 essentia
337 1978 389 2023 et
409 1971 602 2026 trinum
624 1972 672 2022 in
704 1969 940 2021 Personis
968 1985 1079 2020 esse

92 2047 447 2113 cognovimus,
495 2046 719 2099 Plurima
766 2052 939 2109 autem
981 2043 1079 2095 alia

93 2121 230 2173 entia
259 2121 510 2181 existunt,
535 2136 665 2189 quae
686 2135 804 2172 cum
834 2118 938 2170 Deo
966 2134 1083 2170 con·

94 2194 309 2246 fundere
352 2211 450 2246 non
482 2195 619 2255 licet,
663 2195 906 2263 quoniam
933 2210 961 2244 a
992 2209 1083 2244 na-

94 2275 211 2320 tura
251 2268 424 2320 divina
465 2270 667 2336 penitus
705 2269 909 2320 diversa
936 2274 1075 2319 sunt.

65 2340 232 2394 'Deus
270 2343 408 2394 enim
447 2343 858 2410 simplicissimus
897 2348 949 2393 et
989 2342 1083 2392 im-

96 2432 305 2469 mensus
343 2423 459 2480 est3
503 2417 690 2468 dantur
739 2432 860 2468 vero
902 2417 1037 2467 entia
1065 2456 1077 2476 ‚

96 2505 226 2558 quae
265 2507 331 2542 ex
354 2491 583 2559 partibus
609 2496 868 2552 constant,
893 2497 943 2541 et
970 2506 1081 2556 spa-

99 2565 228 2616 tium
265 2571 538 2633 occupant:
584 2565 721 2617 Deus
759 2572 1004 2617 aeternus
1033 2570 1083 2615 et

95 2637 470 2703 immutabilis3
525 2640 722 2708 reliqua
774 2655 896 2691 vero
943 2640 1080 2690 entia

99 2715 269 2765 omnia
309 2715 520 2781 tempori
562 2715 810 2774 subiecta,
855 2713 995 2765 ssuxa
1032 2719 1083 2764 et

100 2787 365 2839 mutabilia
393 2795 534 2839 sunt:
565 2787 703 2839 Deus
730 2787 1083 2855 independens

101 2866 153 2912 et
189 2861 284 2913 sibi
322 2859 785 2914 sufficientissimus
824 2868 939 2925 est3
983 2862 1083 2912 alia

102 2936 238 2986 entia
279 2935 477 3004 legibus
503 2935 754 2995 subiecta,
791 2935 1084 3001 indigentiis

71 3008 341 3072 ›obnoxia,
385 3010 629 3062 limitibus
662 3015 922 3061 coarctata
951 3009 1086 3059 vide-

55 3084 59 3086 ’
105 3097 236 3135 mus,
280 3082 415 3146 1mo,
457 3085 693 3153 quamvis
731 3085 957 3135 animam
999 3100 1087 3134 no-

38 3184 42 3191 ·
105 3161 263 3209 stram
301 3155 605 3227 simplicem,
636 3157 902 3211 intellectu
924 3164 974 3209 et
1003 3173 1087 3210 vo-

108 3227 302 3284 luntate
341 3232 624 3301 praeditam
663 3247 776 3285 esse
812 3247 1085 3300 cognosca-

109 3316 283 3366 muS„
317 3323 480 3376 aeque
537 3313 711 3359 tamen
763 3315 904 3359 certo
945 3307 1087 3359 nobis

109 3383 347 3443 constat,
401 3381 566 3450 ipsam
617 3397 648 3434 a
689 3388 873 3433 natura
913 3381 1086 3433 divina

1138 1595 1360 1657 inclusa,
1405 1595 1620 1664 tempori
1648 1595 1900 1656 subiecta,
1942 1601 1994 1648 et
2021 1610 2135 1648 mu-

1141 1671 1417 1723 tationibus
1444 1671 1665 1723 obnoxia
1689 1677 1786 1730 est,
1819 1672 1972 1721 etiam
2002 1671 2137 1722 inter

1140 1747 1406 1797 scientiam
1431 1746 1657 1798 divinam
1687 1752 1738 1797 et
1759 1745 2028 1796 scientiam
2053 1759 2137 1797 no-

1140 1826 1300 1871 stram
1331 1818 1380 1890 (§
1408 1820 1519 1888 57),
1552 1821 1686 1872 inter
1708 1818 2056 1880 voluntatem,
2077 1818 2136 1870 li·

1142 1893 1414 1951 bertatem,
1450 1894 1730 1945 bonitatem
1760 1891 1849 1944 Dei
1880 1899 1930 1944 et
1960 1893 2139 1944 volun·

1144 1975 1323 2027 tatem,
1354 1969 1640 2020 liberta-tem
1666 1975 1716 2020 et
1739 1968 2018 2019 bonitatem
2046 1984 2138 2019 no-

1142 2042 1356 2112 stram&
1385 2043 1474 2101 66,
1501 2043 1591 2104 68,
1625 2040 1715 2113 75)
1741 2042 1967 2094 maxima
1991 2048 2043 2094 et
2064 2057 2140 2093 es-

1143 2118 1377 2169 sentialia
1418 2118 1713 2169 discrimina
1744 2117 1953 2168 dantur.
1975 2116 2141 2168 —Ex

1145 2192 1250 2258 ipsa
1292 2207 1414 2243 vero
1466 2193 1670 2250 animae
1720 2198 1925 2243 nostrae
1966 2191 2140 2259 cogni-

1146 2269 1283 2318 tione
1307 2273 1443 2318 recte
1466 2267 1776 2331 colligimuS‚
1806 2272 2011 2334 praeter
2037 2282 2141 2318 ma-

1146 2341 1342 2392 terialia
1384 2340 1605 2392 existere
1646 2342 1801 2392 etiam
1829 2341 1967 2392 entia
1996 2341 2141 2408 spiri-

1146 2416 1325 2473 tualia,
1358 2430 1507 2483 quae,
1538 2415 1656 2467 licet
1696 2430 1816 2466 cum
1856 2413 1983 2474 Deo,
2009 2415 2140 2466 Ente

1144 2489 1541 2555 simplicissimo,
1596 2490 1844 2542 omniscio
1883 2493 1935 2539 et
1985 2488 2139 2540 liber·

1146 2564 1272 2615 rimo
1315 2564 1557 2615 maiorem
1610 2562 1995 2615 similitudinem
2055 2561 2142 2614 ba-

1147 2639 1319 2699 beant,
1346 2655 1372 2689 a
1397 2637 1703 2705 perfectione
1727 2644 1897 2694 tamen
1919 2635 2141 2704 Spiritus

1147 2713 1327 2764 infiniti
1372 2712 1666 2779 longissime
1705 2712 1913 2763 absunt.

1218 2787 1399 2839 Omnia
1451 2793 1624 2838 autem
1679 2787 1816 2837 entia
1843 2826 1856 2847 ,
1919 2784 2137 2852 tempori

1146 2862 1375 2913 subiecta
1402 2902 1414 2921 ‚
1471 2860 1717 2912 limitibus
1776 2865 2035 2911 coarctata
2089 2864 2142 2910 et

1149 2936 1514 2987 mutationibus
1577 2933 1797 2986 obnoxia
1823 2974 1836 2996 ‚
1891 2931 2141 3001 appellari

1147 3009 1314 3060 solent
1340 3010 1684 3076 conlinqevltia,
1710 3015 1766 3060 ut
1792 3023 1821 3059 a
1847 3006 1975 3068 Deo,
2008 3006 2139 3058 Ente

1147 3083 1383 3135 absoluto
1411 3090 1463 3134 et
1491 3082 1687 3134 infinite
1710 3081 1934 3150 perfecto
1962 3081 2139 3132 distin-

1146 3165 1393 3223 guantur.
1438 3155 1753 3209 Cunctorum
1794 3171 1916 3207 vero
1943 3156 2140 3207 entium

1148 3232 1559 3296 contingentium
1586 3229 1891 3299 complexus
1916 3229 2139 3282 Mundus

1148 3321 1239 3357 seu
1309 3304 1610 3358 Universum
1680 3305 1779 3358 dici
1846 3303 2135 3356 consuevit.

1151 3379 1370 3432 Mundus
1409 3395 1532 3447 ergo
1595 3386 1675 3433 est
1733 3377 2038 3446 complexus
2088 3391 2141 3427 o·

0 3518 2 3520 ,
36 3467 54 3526 ’ζ
108 3452 317 3506 omnino
341 3454 594 3508 diversam
621 3471 753 3508 esse.
779 3454 910 3508 Nam
938 3470 1088 3524 prae·
1152 3454 1347 3506 mnium
1385 3454 1581 3506 entium
1620 3453 2050 3522 contingentium,
2080 3447 2140 3500 fi-

110 3529 344 3594 terquam
379 3527 512 3597 quod
555 3530 727 3583 anima
768 3532 940 3582 nostra
979 3528 1089 3582 loco
1151 3527 1405 3586 nitor‘um.
1451 3528 1776 3581 mutabilium
1815 3532 1867 3578 et
1910 3526 2046 3578 inter
2082 3534 2141 3573 se
