2332 3860
229 186 238 189 μ
600 145 604 150 v
673 134 791 172 mas
827 135 880 172 ιι.
923 134 1089 173 sectio
1126 135 1162 173 1.
1207 134 1360 173 carn-r
1394 134 1469 173 ut.

41 198 308 290 ‘'ruptumffi
328 210 494 270 etiam
520 229 550 267 a
578 213 914 268 daemonibus
942 216 1038 284 spi·
1101 213 1386 270 Ambrosius
1414 211 1492 287 (Ι)
1525 214 1730 275 asserit,
1791 235 1817 264 «ι
1867 219 1928 269 'uit
1969 215 2089 270 boni

1903 117 2014 175 281·

63 288 613 351 ritibus22a'stutissin1is
664 295 716 341 et
754 290 1041 342 fortissimis
1107 291 1402 358 probentur,
1421 289 1559 358 impii
1618 289 1882 342 uniantur.
1911 289 2090 343 »Deus

63 365 368 438 impugnari,
416 363 485 415 in³
527 361 719 415 malum
774 363 1038 431 pertrahi,

62 449 178 498 emsa
204 438 317 492 «fine
343 452 447 491 *suo
485 436 737 504 impediri.
792 437 1046 490 Tentatio·

62 530 156 570 nes
189 511 467 565 diabolicae
506 524 628 578 ergo
668 518 778 563 tum
832 511 1044 580 physice

26 606 37 610 ··
63 596 172 645 tum
209 585 471 638 moraliter
509 585 848 650 impossibiles
874 585 1046 637 dicen-

63 663 156 719 dae
193 666 329 713 suntt
386 658 462 711 lta
524 658 792 720 standan,
850 658 1041 727 Iunye,

59 736 263 792 Ammon
289 740 341 784 ct
366 732 470 785 alii.

132 806 648 876 Resp.Vehementer
705 813 900 866 errant,
961 807 1043 875 qui

64 883 367 938 tentationes
389 880 664 933 diabolicas
691 879 1046 948 impossibiles,

65 964 115 1012 et
151 962 321 1009 rectae
362 955 543 1007 rationi
587 961 937 1023 repugnantes
978 955 1048 1005 di·

63 1037 202 1085 cunt.
247 1030 379 1082 Sunt
419 1029 554 1080 enim
595 1029 723 1081 istae
763 1043 885 1080 vere
933 1043 1047 1096 pos-

64 1105 233 1160 sibiles
266 1103 482 1172 physice‚
528 1103 645 1171 quia
684 1102 748 1155 ad
789 1118 875 1154 eas
934 1119 1047 1171 per-

65 1179 305 1234 ficiendas
346 1179 481 1229 vires
520 1175 830 1228 sufficientes
865 1178 914 1227 in
945 1176 1049 1229 An-

64 1253 189 1324 gelis
240 1252 394 1319 lapsis
449 1250 635 1303 adsunt
689 1250 735 1322 (ἕ
788 1250 932 1318 tla5).
993 1250 1048 1303 Id

52 1329 230 1398 'potius
269 1331 439 1378 rectae
478 1324 662 1377 rationi
713 1332 1045 1392 repugnaret,

65 1402 257 1471 siquis
295 1398 649 1459 contenderet,
691 1399 902 1465 spiritus
951 1416 1050 1451 non

64 1486 209 1545 posse
250 1473 544 1526 immediate
585 1473 635 1525 in
676 1473 803 1524 alios
841 1473 1051 1540 spiritus

63 1566 237 1618 agere,
280 1563 430 1601 sensa
453 1563 546 1600 sua
566 1547 912 1605 manifestare,
946 1564 1053 1600 mo-

21 1675 28 1679 .
66 1626 170 1678 tiva
210 1637 489 1690 suggerere
511 1628 612 1673 etc.
645 1620 825 1675 Modus
846 1622 1052 1690 quidem

65 1709 163 1769 quo
202 1697 330 1750 haec
369 1696 497 1748 fiant
538 1710 630 1747 nos
671 1694 822 1756 latet,
849 1697 967 1763 quia
991 1696 1054 1749 de

68 1780 252 1827 natura
275 1770 545 1839 spirituum
581 1768 856 1836 perfectam
881 1772 1054 1837 cogni-

68 1848 257 1901 tionem
300 1860 398 1897 non
441 1843 712 1904 hahemus
756 1844 844 1895 sed
886 1858 951 1895 ex
996 1860 1056 1898 eo

30 1978 34 1982 ,
68 1938 148 1975 res
186 1921 295 1989 ipsa
337 1917 572 1987 neganda
613 1932 712 1970 non
760 1925 855 1971 est.
888 1916 1053 1970 Etiam

67 1995 116 2049 id
156 1994 379 2063 perfecte
419 1992 686 2060 concipere
726 1999 774 2044 et
798 1992 1056 2062 explicare

69 2085 169 2122 non
210 2068 463 2128 valemuS,
509 2066 761 2135 quomodo
800 2068 970 2120 anima
1006 2068 1055 2119 in

71 2159 277 2212 corpuS‚
322 2147 374 2194 et
410 2157 597 2209 corpus
636 2142 686 2192 in
728 2143 954 2194 animam
1006 2158 1057 2194 a·

71 2225 180 2287 gat,
222 2223 275 2269 et
313 2222 483 2268 tamen
526 2215 621 2268 hoc
647 2222 885 2268 mutuum
923 2231 1058 2269 com·

71 2292 319 2345 mercium
341 2305 490 2342 nemo
510 2290 715 2357 sapiens
736 2298 909 2358 negat.
934 2291 1061 2344 Mul-

75 2373 126 2420 to
142 2366 304 2432 magis
325 2376 445 2431 ergo
469 2364 531 2415 ob
561 2364 902 2430 ignorantiam
924 2365 1058 2418 modi

74 2441 304 2494 internas
343 2438 652 2491 tentationes
692 2444 742 2489 et
782 2440 1062 2506 suggestio·

76 2531 167 2568 nes
205 2513 467 2567 daemonis
493 2512 762 2565 admittere
791 2512 1057 2572 debemus,

76 2590 345 2658 praecipue
373 2602 491 2639 cum
514 2587 620 2654 ipsa
644 2586 891 2640 revelatio
919 2588 1063 2640 nobis

77 2663 358 2717 earundem
396 2660 632 2728 exempla
662 2668 890 2728 promat:
929 2662 1061 2730 quod

77 2744 250 2791 autem
291 2737 481 2788 factum
522 2742 619 2795 est,
650 2742 791 2786 certe
818 2735 929 2787 fieri
960 2742 1065 2804 pot·

78 2819 177 2864 ests
218 2809 394 2878 Neque
416 2807 616 2861 moralis
646 2809 953 2876 possibilitas
984 2826 1066 2862 ne·

79 2887 187 2955 gari
231 2889 414 2952 potest.
447 2881 578 2934 Nam
604 2882 732 2934 istae
757 2884 1066 2936 tentationes

35 2997 43 3009 ,
80 2959 232 3013 indoli
249 2958 579 3017 daemonum,
596 2956 682 3024 qui
704 2956 817 3008 odio
837 2957 886 3008 in
903 2956 1064 3009 Deum

39 3054 45 3061 ·
81 3033 335 3092 feruntur,
361 3032 571 3098 eiusque
593 3029 804 3083 consilia
839 3030 1067 3083 destrue-

82 3111 138 3160 re
174 3112 399 3164 tentant,
441 3104 670 3172 apprime
710 3105 1064 3166 conveniunt,

16 3210 23 3221 ⁴·
80 3187 136 3234 ct
170 3195 336 3248 neque
373 3178 633 3231 attributis
659 3178 863 3244 divinis,
904 3194 1069 3247 neque

84 3253 173 3307 fini
213 3253 432 3307 hominis
470 3258 817 3320 apponuntur.
851 3253 992 3305 Deus
1018 3269 1070 3305 e·

42 3359 44 3363 ·
86 3328 296 3380 rumex
331 3327 672 3380 sanctissimis
704 3326 1073 3381 finibustenta·

89 3401 250 3468 tiones
290 3401 577 3468 permittit,
598 3415 805 3469 nempe,
834 3406 984 3468 prout
1009 3398 1066 3453 S.

132 3498 186 3544 (ι)
206 3500 248 3535 ι..
272 3499 295 3535 ι
314 3501 353 3536 in
375 3499 462 3536 nuc.
738 3498 794 3545 ω
814 3501 868 3538 ιο.
891 3499 948 3544 12.
973 3500 1027 3537 ει.

1104 365 1258 416 enim?
1277 363 1392 416 vult
1414 379 1571 427 ‘mora
1597 364 1852 415 itatem'et
1871 362 2090 416 beatitu-

1106 439 1282 490 dinem
1313 437 1556 497 hominis,
1587 435 1853 488 sed'simul
1880 438 2093 489 sanctis·

1105 522 1231 564 sune
1271 518 1324 564 et
1361 511 1638 563 iustissime
1679 509 1810 576 vult,
1850 515 1906 561 ut
1931 511 2092 578 ipsius

1109 587 1270 638 virtus
1311 585 1554 654 probetur
1591 599 1652 636 ac
1690 599 1782 651 per
1822 583 1988 636 luctas
2042 591 2095 637 et

1110 660 1347 712 victorias
1385 666 1624 711 aeternas
1662 669 1879 714 coronas
1898 673 2097 727 prome-

1109 741 1322 797 reatin-3
1364 740 1443 785 ast
1485 746 1584 784 non
1626 733 1898 800 permittit,
1930 732 2097 785 utho·

1109 823 1191 859 mo
1229 823 1383 874 supra
1426 808 1563 859 vires
1584 823 1703 859 suas
1734 812 1980 868 tentetur,
2005 806 2095 859 sed

1108 881 1350 941 eundem,
1395 881 1671 934 dummodo
1710 896 1766 933 se
1807 897 1906 933 non
1965 880 2098 933 indi-

1109 972 1267 1022 gnum
1309 955 1498 1017 faciat,
1540 956 1705 1024 gratia
1746 971 1840 1008 sua
1890 955 1959 1007 ita
2009 954 2099 1007 ad-

1110 1032 1274 1088 iuvat,
1318 1037 1376 1082 ut
1415 1030 1718 1082 fortissimas
1758 1042 1960 1098 quoque
1987 1034 2100 1081 ten-

1111 1106 1329 1157 tationes
1371 1104 1594 1171 vincere‚
1634 1111 1684 1156 et
1706 1103 1931 1159 maxima
1954 1118 2099 1172 prae-

1111 1179 1208 1230 mia
1255 1179 1530 1244 promereri
1574 1179 1748 1246 possit.

1185 1251 1290 1305 obi.
1337 1253 1420 1304 2⁸
1448 1252 1679 1305 Christus
1703 1267 1792 1321 per
1815 1251 2103 1320 passionem

1112 1332 1163 1379 et
1203 1333 1420 1379 mortem
1449 1343 1595 1379 suam
1633 1342 1839 1379 omnem
1866 1325 2103 1379 daemoni

1115 1407 1418 1468 potestatem
1476 1401 1705 1465 ademit3
1768 1400 1907 1453 hunc
1941 1401 2103 1470 *enim

1116 1474 1237 1527 Luc.
1281 1474 1393 1537 XI,
1450 1476 1510 1527 ΞΜ
1547 1493 1559 1527 :
1604 1475 1803 1528 Fortem
1853 1482 2105 1528 armatum

1118 1550 1367 1611 nominat,
1411 1556 1463 1602 et
1502 1549 1619 1602 dein
1659 1566 1711 1602 v.
1756 1549 1827 1602 2⁰2
1855 1549 1918 1602 de
1938 1550 2106 1618 seipso

1117 1624 1267 1676 dicit:
1310 1622 1364 1676 Si
1406 1631 1564 1676 autem
1604 1624 1784 1691 fertior
1809 1639 1860 1675 eo
1886 1639 2107 1693 superve-

1115 1698 1253 1749 niens
1292 1698 1466 1750 vicerit
1505 1714 1633 1757 eum,
1677 1698 1907 1765 universa
1964 1713 2107 1751 arma

1117 1773 1221 1823 eius
1263 1773 1470 1839 auferet,
1514 1773 1569 1823 in
1608 1771 1782 1839 quibus
1820 1772 2105 1840 confidebat,

1118 1853 1159 1897 et
1187 1845 1344 1913 spolia
1370 1846 1474 1897 eins
1501 1846 1778 1898 distribuet.
1811 1844 1937 1898 Item
1966 1845 2108 1897 Chri-

1118 1927 1227 1972 stus
1248 1921 1351 1971 ait:
1382 1919 1531 1973 Nunc
1550 1920 1774 1988 princeps
1801 1919 1950 1971 huius
1971 1936 2110 1972 mun-

1119 1994 1167 2046 di
1200 1994 1423 2046 eiicietur
1460 1995 1594 2061 foras
1647 1992 1743 2063 (2).
1798 1992 1916 2046 ldeo
1956 1994 2110 2046 etiam

1122 2068 1315 2120 Paulus
1345 2070 1538 2135 gratias
1578 2069 1686 2135 agit
1714 2067 1856 2121 Deo:
1889 2066 1988 2131 Qui
2014 2068 2111 2121 eri-

1115 2142 1222 2210 puit
1262 2147 1347 2193 no's
1388 2143 1443 2194 de
1477 2150 1703 2210 potestate
1761 2142 2070 2195 tenebrarum
2097 2182 2109 2203 ‚

1120 2225 1162 2267 et
1201 2216 1456 2268 transtulit
1496 2218 1547 2268 in
1595 2231 1800 2283 reynum
1839 2215 1984 2268 ›Fitii
2039 2216 2113 2269 di·

1123 2291 1337 2342 lectionis
1375 2306 1491 2342 suae
1519 2289 1617 2361 (3).
1650 2290 1790 2342 ldem
1852 2296 2070 2342 testatur
2097 2307 2110 2341 ε

1123 2363 1374 2416 Christum
1414 2365 1619 2424 venisse,
1677 2373 1729 2415 ut
1768 2379 1858 2431 per
1911 2373 2115 2415 mortem

1124 2440 1388 2490 destrueret
1427 2453 1535 2490 eum
1576 2439 1661 2505 qui
1702 2437 1902 2490 habebat
1942 2437 2115 2490 mortis

1126 2514 1404 2581 imperium,
1449 2513 1500 2564 id
1538 2519 1624 2572 est,
1668 2511 1916 2563 diabolum
1955 2508 2054 2581 (lt)
2097 2509 2117 2562 1

1125 2587 1195 2638 lo,
1230 2586 1316 2645 ΙΙΙ,
1361 2589 1414 2645 8,
1448 2585 1665 2653 legitur:
1697 2586 1756 2637 In
1786 2585 2120 2653 hocapparuit

1125 2661 1285 2713 Filius
1325 2660 1434 2720 Dei,
1480 2668 1532 2712 ut
1570 2660 1794 2713 dissolvat
1834 2675 1978 2728 opera
2016 2658 2120 2711 dia-

1127 2735 1237 2788 boti.
1270 2733 1501 2802 Denique
1528 2732 1687 2802 Apoc.
1719 2731 1846 2794 XX,
1884 2736 1908 2785 1
1942 2733 2116 2794 dmen,

1126 2824 1338 2879 serpens
1375 2809 1644 2876 antiquuS,
1688 2807 1773 2875 qui
1814 2812 1892 2859 est
1949 2807 2120 2860 diabo-

1131 2886 1207 2935 lus
1274 2890 1323 2936 et
1381 2883 1600 2934 Satanas
1658 2881 1853 2947 ligatus,
1910 2879 2115 2934 dicitur.

1127 2957 1265 3010 Haec
1306 2956 1475 3009 omnia
1515 2955 1812 3016 ostendunt,
1845 2954 2122 3010 daemones

1132 3030 1327 3083 nullam
1365 3030 1587 3097 amplius
1629 3045 1720 3081 nos
1777 3029 2008 3083 tentandi
2072 3035 2123 3081 et

1132 3104 1400 3156 infestandi
1446 3110 1748 3171 potestatem
1790 3102 2000 3156 habere.

1203 3177 1341 3246 Resp.
1379 3177 1509 3229 Loca
1549 3178 1706 3230 citata
1745 3183 2010 3245 tamquam
2049 3175 2122 3228 di-

1134 3254 1283 3304 vinae
1306 3250 1550 3307 Veritatis
1561 3250 1771 3305 oracula
1789 3266 2120 3311 veneramur,

1133 3333 1182 3378 ct
1223 3325 1584 3379 ideo-libenter
1622 3325 1953 3386 confitemur,
1983 3323 2124 3377 Chri-

1133 3406 1266 3452 stum
1311 3405 1481 3453 morter
1512 3414 1606 3453 sua
1643 3399 1889 3454 Satanam
1917 3398 2119 3458 vicisse,

1178 3498 1232 3545 (3)
1251 3498 1328 3536 cot.
1354 3499 1388 3543 ι,
1413 3498 1468 3536 1³.
1780 3498 1840 3544 (4)
1856 3498 1966 3534 naht.
1993 3495 2028 3540 α,
2052 3493 2098 3532 u
