2332 3860
0 285 15 311 ,1
53 237 151 299 ²02.
192 233 579 308 independens:
629 239 683 286 et
730 248 848 286 cum
901 234 1071 287 omnia

0 309 223 384 *thuna
254 311 315 367 et·
346 309 537 379 optima
575 306 722 368 fiant,
765 322 896 376 quae
933 306 1073 360 Deus

13 378 18 382 ’
93 389 223 456 vult,
251 385 334 440 hic
358 398 456 437 nec
482 398 512 435 a
539 381 670 435 bono
698 380 940 443 deficere,
977 397 1073 434 nec

0 499 7 504 -
89 480 121 519 a
161 460 380 516 bonitate
422 456 574 525 priori
601 454 666 508 ad
694 455 954 524 agendum
981 456 1074 508 im-

91 535 214 608 pelli·
248 538 434 603 potest.

162 607 266 663 obi.
311 607 368 658 2⁸
406 604 456 658 Si
487 603 623 656 Deus
649 601 886 655 absoluta
926 602 1077 656 liber-

85 689 194 738 tate
219 681 328 735 sine
355 692 663 749 quocunque
689 678 882 730 motivo
903 677 1073 729 omnia

91 755 354 815 decernit,
409 760 461 806 et
534 751 705 804 omnia
754 751 889 805 bona
955 758 1073 803 sunt

91 830 207 901 quia
245 826 378 892 vult;
422 827 609 895 poterit
647 826 1072 877 etiaminnocen-

29 939 31 942 .
89 913 191 958 tem
229 902 475 955 damnare
510 907 577 952 'et
626 899 840 967 impium
890 898 1078 966 glorifi-

91 994 230 1039 care,
259 982 412 1044 atque
440 973 490 1026 id
520 987 720 1042 quoque
741 973 932 1026 bonum
961 974 1076 1026 erit.

48 1092 50 1094 .
159 1051 297 1119 Resp.
343 1048 490 1102 A'bsit
515 1088 527 1109 ,
588 1053 643 1099 ut
694 1063 760 1099 ex
819 1048 1074 1115 proposita

22 1119 34 1134 ⁷
87 1125 316 1181 doctrina
357 1130 461 1176 tam
501 1136 743 1189 perversa
783 1121 942 1172 illatio
966 1120 1073 1171 fieri

89 1199 260 1269 possit.
306 1196 434 1250 Nam
473 1203 669 1247 certum
698 1196 934 1263 equidem
975 1201 1072 1253 est,

88 1274 254 1326 Deum
282 1287 382 1324 non
410 1287 441 1322 a
469 1269 580 1337 lege
604 1270 684 1321 vel
707 1270 898 1321 motivo
922 1270 1076 1337 priori

39 1371 45 1378 ·
89 1347 328 1400 adactum
357 1345 512 1396 fuisse
538 1344 603 1396 ad
630 1345 883 1396 iustorum
913 1359 1080 1395 remu-

19 1415 24 1418 ’
93 1421 435 1480 nerationem,
465 1425 515 1470 et
541 1419 814 1486 impiorum
857 1418 1078 1486 punitio·

92 1510 212 1548 nem
264 1491 678 1547 decernendamz
738 1491 827 1543 sed
879 1499 1077 1544 certum

24 1581 35 1602 -·
90 1570 282 1638 pariter
321 1574 398 1618 est
449 1582 515 1618 ex
553 1565 869 1618 revelatione
910 1573 961 1618 et
1001 1582 1079 1617 ra-

91 1644 249 1707 tione,
271 1647 328 1693 ut
347 1640 557 1692 inferius
578 1640 894 1708 probabitur,
915 1639 1079 1691 Deum

50 1755 52 1758 ψ
90 1716 353 1769 liberrima
393 1720 444 1766 et
472 1719 682 1765 aeterna
711 1712 978 1765 voluntate
1008 1715 1083 1764 iu-

91 1796 285 1843 storum
334 1788 843 1850 remunerationem,
896 1794 946 1838 et
986 1788 1078 1838 im-

15 1922 28 1928 ,
92 1865 291 1933 piorum
330 1862 648 1929 punitionem
689 1860 999 1924 decrevisse3
1032 1868 1081 1912 et

21 1962 47 1987 ,x
93 1938 211 2007 quia
232 1938 341 1989 eius
362 1934 603 1987 voluntas
626 1934 959 1986 immutabilis
986 1942 1080 2001 cst,

21 2018 24 2025 '
92 2009 480 2069 immutabiliter
520 2010 678 2061 etiam
717 2024 920 2076 semper
971 2009 1082 2060 vult

43 2093 52 2100 '
93 2086 283 2138 iustum
322 2098 655 2136 remunerare
676 2084 961 2150 etimpium
993 2099 1083 2151 pu-

27 2171 36 2183 ²
63 2182 71 2187 ·
97 2160 226 2212 nire.

54 2298 59 2302 ἢ
169 2231 274 2289 obi.
307 2232 365 2284 5⁸
392 2230 621 2284 Libertas
661 2231 750 2284 Dei
781 2247 881 2283 non
919 2237 1085 2299 potest

99 2307 376 2369 consistere
415 2321 534 2357 cum
585 2307 694 2358 eius
751 2305 1085 2358 immutabili-

31 2383 46 2390 ’
99 2388 223 2434 tate:
267 2380 350 2432 vel
391 2381 526 2432 enim
567 2387 714 2432 actus
755 2379 882 2432 liber
923 2380 1086 2447 potuit

23 2509 26 2512 .
99 2455 274 2509 abesse
300 2470 330 2507 a
356 2454 483 2516 Deo,
515 2453 595 2505 vel
625 2469 748 2517 non3
780 2454 821 2505 si
847 2455 1084 2520 primum,

98 2528 348 2598 quomodo
387 2535 465 2580 est
504 2528 867 2580 immutabilis?

29 2603 49 2660 ᾳ.
95 2610 98 2612 ’
171 2592 309 2671 Resp.
354 2600 403 2672 a)
444 2601 523 2654 Ex
562 2601 879 2654 revelatione
930 2608 981 2653 et
1022 2618 1087 2653 ex

20 2678 295 2729 ratione
332 2676 435 2728 iam
473 2676 743 2744 probatum
783 2682 878 2740 est,
923 2674 1085 2727 Deum

27 2757 154 2815 27-34ct
191 2749 563 2802 immutabilem
602 2757 653 2802 et
693 2750 911 2802 liberum
953 2765 1083 2801 esse:

731 151 849 190 PARS
883 151 920 190 1.
963 149 1131 191 SEG'HO
1167 150 1204 190 1.
1251 151 1401 192 CAPUT
1437 153 1493 190 11.

1944 128 2044 194 121

1133 234 1203 286 eit
1240 231 1597 287 habitudinem
1626 249 1730 287 non
1759 237 2124 300 necessariam,

1135 307 1351 362 liberam
1391 322 1522 361 esse.
1552 307 1739 361 ——Sed
1764 308 1893 361 haec
1919 317 2128 364 senten·

1136 383 1225 444 tia,
1268 397 1400 451 quae
1429 378 1646 442 eandem
1674 382 1932 435 actionem
1973 384 2125 437 simul

1137 455 1482 508 necessariam
1522 462 1575 508 et
1614 455 1830 521 liberam
1869 454 2022 516 dicit,
2063 458 2129 511 ab

1135 529 1250 582 aliis
1290 535 1347 582 ut
1393 529 1787 583 contradictoria
1829 529 2126 597 sugillatur:

1136 610 1215 655 ast
1242 603 1582 656 contradictio
1617 603 1759 656 nulla
1798 605 2053 673 sequitur,
2088 605 2129 658 si

1137 676 1492 730 consideratur
1519 678 1773 746 quomodo
1812 694 1843 730 a
1864 678 2011 732 nobis
2039 694 2129 732 vo·

1139 752 1338 812 luntaS‚
1382 767 1484 819 qua
1522 751 1662 804 Deus
1701 752 1928 820 seipsum
1967 758 2128 815 amat,

1138 826 1427 877 neccssaria
1443 825 1665 890 dicatur3
1689 841 1808 878 nam
1832 826 1990 878 etiam
2003 825 2132 879 haec

1140 899 1414 959 voluntas,
1458 900 1593 952 sicut
1632 900 1740 967 ipsa
1790 900 2016 952 essentia
2055 900 2131 952 di-

1139 974 1278 1034 vina,
1323 974 1531 1026 omnino
1566 973 1919 1042 independens
1947 979 2045 1035 est,
2083 981 2132 1026 et

1138 1063 1237 1115 qua
1256 1046 1372 1098 talis
1393 1047 1691 1100 nullatenus
1706 1048 1981 1116 opponitur
1994 1050 2132 1100 actui

1141 1122 1322 1180 libero,
1366 1123 1514 1174 euius
1553 1135 1754 1178 summa
1796 1122 2042 1190 ⁴perfectio
2080 1123 2131 1174 in

1139 1195 1431 1247 omnimoda
1485 1195 1828 1263 dependentia
1874 1196 2130 1249 consistit.

1139 1269 1181 1338 c)
1224 1269 1374 1321 Hisce
1415 1269 1534 1321 addi
1564 1277 1751 1338 potest,
1795 1270 2133 1323 immutabili·

1142 1349 1299 1394 tatem
1330 1358 1420 1410 per
1444 1359 1498 1395 se
1527 1351 1580 1396 et
1607 1344 1953 1397 essentialiter
1981 1343 2134 1396 liber·

1142 1418 1231 1469 tati
1274 1433 1374 1469 non
1399 1419 1607 1485 opponi3
1635 1434 1753 1470 nam
1777 1418 1933 1471 etiam
1964 1417 2136 1485 hom0,

1141 1491 1226 1559 qui
1285 1498 1586 1544 constanter
1645 1499 1695 1545 et
1747 1491 2136 1545 immutabiliter

1141 1566 1272 1617 bono
1307 1565 1572 1626 inhaeret,
1618 1582 1718 1619 non
1760 1566 1874 1619 idco
1913 1583 1944 1619 a
1983 1565 2137 1619 liber-

1144 1646 1247 1691 tate
1288 1655 1380 1691 sua
1421 1640 1633 1692 excidit.
1690 1640 1769 1692 Ex
1819 1640 1927 1693 sola
1975 1639 2139 1692 homi-

1144 1714 1221 1765 nis
1261 1713 1561 1766 infirmitate
1601 1714 1893 1781 contingit,
1956 1719 2014 1765 ut
2055 1713 2136 1765 vel

1144 1788 1193 1838 in
1235 1787 1366 1839 bono
1407 1794 1652 1840 constans
1691 1803 1794 1839 non
1833 1788 1918 1845 sit,
1965 1788 2047 1839 vel
2087 1787 2138 1839 in

1145 1860 1328 1912 melius
1350 1867 1722 1913 commutetur:
1747 1867 2027 1929 utrumque
2048 1877 2138 1913 au-

1145 1940 1246 1986 tem
1276 1935 1325 1986 in
1353 1935 1457 1986 Deo
1487 1935 1657 1987 locum
1688 1951 1787 1987 non
1817 1934 2007 1988 habere
2035 1951 2139 1988 ma-

1144 2009 1386 2061 nifestum
1411 2016 1507 2061 est.
1536 2009 1729 2061 Putant
1750 2009 1987 2078 equidem
2017 2025 2141 2062 non-

1147 2083 1307 2144 nulli,
1353 2083 1485 2151 quod
1528 2085 1715 2136 saltem
1751 2098 1885 2152 posse
1924 2082 2141 2136 volunta-

1147 2164 1239 2208 lem
1264 2173 1406 2209 suam
1434 2164 1643 2219 mutare,
1675 2157 1740 2210 ad
1769 2158 2051 2210 essentiam
2082 2158 2139 2210 li·

1147 2232 1360 2283 bertatis
1401 2233 1677 2298 pertineat:
1723 2232 1812 2283 sed
1854 2232 1897 2284 si
1938 2232 2000 2284 de
2042 2231 2140 2284 hu-

1149 2321 1298 2358 mana
1321 2305 1557 2358 libertate
1581 2306 1630 2357 id
1652 2305 1959 2368 adstruitur,
1991 2304 2142 2358 aliter

1147 2379 1475 2431 sentiendum
1534 2386 1612 2432 est
1671 2380 1734 2431 de
1774 2380 1967 2432 divina.
2013 2378 2139 2431 Cum

1148 2454 1285 2505 enim
1325 2455 1517 2515 omnia,
1561 2469 1691 2522 quae
1725 2453 1863 2505 Deus
1903 2452 2036 2514 vult,
2079 2469 2141 2506 ex

1149 2526 1244 2578 hoc
1286 2529 1392 2594 ipso
1433 2528 1586 2589 bona,
1630 2528 1732 2579 imo
1772 2527 1964 2594 optima
2003 2527 2137 2589 sint,

1150 2603 1199 2652 in
1258 2601 1364 2653 Deo
1419 2616 1570 2685 posse
1630 2600 1954 2653 voluntatem
1993 2616 2142 2654 suam

1151 2682 1373 2736 mutare,
1418 2675 1553 2726 idem
1594 2680 1751 2735 esset,
1780 2689 1842 2726 ac
1883 2689 2031 2741 posse
2054 2674 2143 2727 de·

1150 2750 1305 2802 ficere
1333 2765 1362 2801 a
1383 2749 1515 2802 bono
1538 2755 1590 2801 et
1609 2750 1821 2816 optimo.
1847 2741 1992 2801 Sic'ut
2019 2762 2144 2816 ergo

15 2815 66 2887 ξ’
100 2824 228 2875 duas
248 2838 368 2890 ergo
392 2824 636 2892 veritates
657 2824 972 2876 certissimas
999 2825 1087 2874 ha·

25 2879 76 2966 3}-
102 2898 304 2955 bemus,
347 2911 477 2964 quae
517 2897 611 2948 sibi
640 2898 866 2948 invicem
902 2898 1086 2964 opponi

2 2967 73 3057 ξι
102 2986 201 3024 non
244 2977 475 3038 possunt3
507 2969 653 3022 nobis
680 2977 854 3022 autem
883 2977 1090 3038 propter

21 3030 78 3108 *ᾖ
100 3043 448 3112 ignorantiam
469 3059 653 3106 nexuS,
680 3045 953 3112 praecipue
972 3059 1091 3096 cum

0 3106 82 3184 ³¹³5
104 3117 166 3171 de
191 3117 322 3170 Ente
343 3117 543 3170 infinito
569 3124 773 3185 agatur,
804 3124 896 3170 aut
917 3133 1090 3183 unam,

15 3184 193 3270 ἐπὶ
229 3191 448 3244 alteram
478 3193 747 3244 veritatem
779 3208 965 3259 negare
989 3208 1088 3244 non

28 3259 47 3322 ,⁹¹
73 3261 78 3315 ἶ
103 3263 240 3333 licet.
273 3264 318 3335 b)
348 3264 588 3318 Celebres
619 3264 861 3332 Theologi
889 3266 1086 3327 dicunt,

1152 2823 1362 2876 libertas
1401 2823 1575 2875 divina
1637 2838 1738 2874 non
1792 2822 2100 2874 obscuratur
2127 2863 2139 2884 ,

1150 2913 1269 2950 cum
1309 2897 1525 2958 dicitur,
1569 2912 1685 2948 eam
1726 2911 1826 2948 non
1870 2910 2016 2965 posse
2057 2896 2145 2949 de-

1151 2971 1305 3024 ficere
1345 2987 1435 3023 seu
1476 2986 1726 3039 peccare,
1769 2970 1840 3022 ita
1889 2971 2049 3022 ctiam
2087 2970 2144 3021 li÷

1153 3046 1323 3098 bertas
1362 3045 1538 3096 divina
1580 3059 1679 3095 non
1715 3044 1971 3096 minuitur
2009 3059 2144 3096 asse·

1153 3120 1309 3172 rendo
1336 3160 1348 3180 ,
1391 3118 1718 3171 voluntatem
1764 3118 1995 3170 divinam
2036 3133 2143 3169 mu·

1154 3193 1250 3245 tari
1289 3209 1390 3245 non
1431 3207 1612 3260 posse,
1654 3208 1747 3246 seu
1793 3207 1908 3245 eam
1961 3193 2143 3245 immu·
2185 3204 2188 3207 ·

1156 3266 1365 3320 tabilem
1406 3282 1540 3319 6556.

0 3362 19 3407 ‚5
77 3339 360 3398 ‘actionem
399 3339 648 3401 divinam,
692 3340 745 3392 in
782 3339 887 3392 Deo
927 3340 1093 3392 consi-

0 3412 10 3430 ⁵
88 3410 359 3486 deratam,
403 3415 768 3477 necessariam,
812 3414 901 3466 sed
941 3421 1093 3483 prout

82 3485 370 3549 {creaturas
407 3494 672 3559 connotat,
715 3493 768 3542 et
804 3487 869 3541 ad
908 3504 998 3542 eas
1023 3487 1093 3540 di-

1225 3339 1357 3391 Nota
1395 3340 1449 3392 2.
1480 3339 1560 3393 Ad
1586 3338 1866 3408 imaginem
1893 3339 1988 3391 Dei
2026 3353 2146 3392 con-

1154 3414 1241 3465 diti
1283 3415 1438 3466 etiam
1478 3413 1639 3467 libero
1679 3414 1891 3466 arbitrio
1931 3411 2145 3482 praediti

1153 3503 1353 3541 sumuS.
1414 3486 1484 3542 Ut
1521 3495 1699 3542 autem
1738 3487 1925 3557 dignae
1964 3483 2148 3539 redda-
