2332 3860
740 141 859 180 PARS
896 141 968 178 111.
1014 140 1178 178 suerio
1216 139 1270 177 11.
1314 136 1466 176 cnm·
1502 134 1558 176 11.

27 223 29 231 ’
65 207 232 277 ”west
258 218 356 294 (l).
398 219 608 275 Coelum
646 226 841 282 autem,
873 235 962 273 seu
991 219 1138 273 sedes

34 308 56 357 ς
152 296 417 350 beatorum
458 296 570 348 ideo
627 294 889 364 paradisus
945 310 1139 347 nuncu-

34 370 72 434 ζ]
152 376 320 438 patur‚
363 370 481 438 quia
523 370 662 423 locus
700 375 779 421 est
815 369 1136 436 gaudiorum.

151 443 246 497 Ast
283 444 496 513 quilibet
534 444 704 504 locuS‚
748 443 798 495 in
858 459 956 512 quo
1017 459 1136 496 vera

151 519 336 586 gaudia
380 518 733 576 inveniuntur,
768 518 1031 585 paradisus
1061 533 1137 570 re·

151 599 232 645 ete
271 594 583 646 nominatur.
655 591 959 644 Nullatenus
1017 607 1138 659 ergo

151 668 203 718 in
246 667 415 719 verbis
453 665 639 719 Christi
693 682 782 735 per
846 665 1135 734 paradisum

154 741 441 793 necessario
479 748 568 793 aut
600 741 860 808 paradisus
882 742 1138 792 terrestris

151 822 240 867 aut
306 816 468 883 ipsum
532 814 730 867 coelum
795 814 1134 879 intelligitur,

153 889 239 941 sed
283 888 422 941 locus
462 889 750 956 denotatur,
790 890 840 940 in
893 904 991 957 quo
1051 905 1139 956 per

153 964 345 1015 claram
374 971 423 1015 et
452 964 742 1015 intuitivam
773 962 1017 1015 visionem
1050 962 1136 1014 Dei

154 1052 354 1090 summa
395 1038 654 1090 beatitudo
694 1037 929 1090 habetur.
975 1036 1030 1088 ln
1068 1044 1139 1088 ta-

153 1111 254 1164 lem
295 1119 467 1164 autem
520 1112 688 1165 locum
747 1111 974 1163 Christus
1034 1111 1141 1162 lim-

152 1187 273 1239 bum
314 1188 587 1249 convertit:
619 1202 734 1238 nam
764 1185 921 1238 Eccli.
947 1184 1134 1244 XXIV,

155 1260 246 1321 ἱιὸ,
290 1260 442 1312 dicit:
501 1260 770 1313 Penetrabo
816 1275 975 1311 omnes
1022 1260 1142 1326 infe-

153 1335 310 1386 riores
353 1342 514 1403 partes
568 1342 747 1396 terrae,
798 1343 841 1386 et
884 1334 1142 1401 inspiciam

155 1424 319 1461 omnes
357 1410 671 1471 dormientes,
745 1416 787 1461 et
856 1408 1141 1460 illuminabo

155 1499 315 1535 omnes
364 1492 606 1553 sperantes
646 1484 698 1535 in
734 1483 957 1535 Domino.
993 1483 1141 1535 quta

153 1557 282 1610 baec
323 1559 478 1610 verba
518 1558 747 1610 Christus
778 1559 936 1642 pruno
972 1559 1141 1609 statim

155 1634 407 1684 adventus
447 1634 523 1684 sui
565 1640 822 1685 momento
851 1634 897 1685 in
930 1632 1139 1684 limbum

156 1723 256 1759 non
299 1706 482 1758 latroni
522 1708 690 1769 m0d0‚
716 1708 803 1759 sed
846 1707 1052 1775 reliquis
1074 1714 1145 1759 et·

155 1782 257 1833 iam
298 1781 347 1832 in
390 1781 504 1832 sinu
557 1782 792 1834 Abrahae
844 1782 1144 1850 quiescenti-

155 1855 252 1908 bus
290 1855 559 1907 animabus
595 1856 765 1908 lumen
803 1856 996 1923 gloriae
1030 1872 1146 1908 con-

156 1928 293 1987 tulit,
338 1945 436 1998 quo
482 1930 640 1982 adiuti
688 1932 857 1985 Deum
905 1931 1042 1983 clare
1095 1938 1144 1983 et

158 2004 395 2056 intuitive
436 2004 697 2066 videbant,
742 2006 915 2074 sicque
944 2022 1144 2058 summa

157 2078 471 2130 beatitudine
515 2080 924 2146 perfruebantur.
978 2083 1146 2149 Atque

157 2152 229 2204 ita
294 2153 447 2204 verba
513 2152 696 2206 Christi
766 2154 829 2207 ad
896 2154 1144 2207 latronem

160 2226 293 2278 dicta
328 2226 587 2280 verificata
627 2236 766 2289 sunt,
798 2231 1038 2298 quoniam
1068 2230 1147 2281 hic

159 2301 212 2353 in
256 2300 408 2353 limbo
451 2317 567 2353 cum
628 2302 827 2355 Christo
891 2320 1146 2356 summam

162 2375 531 2428 beatitudinem
576 2384 757 2429 nactus
796 2385 892 2430 est.
938 2377 1045 2430 lam
1086 2378 1141 2431 S.

159 2448 466 2517 Aaqnstinus
514 2449 589 2521 (2)
631 2451 693 2503 de
733 2451 861 2504 Gen.
924 2453 986 2504 ad
1048 2452 1143 2505 litt.

146 2539 254 2598 ‘per
314 2525 604 2592 paradisum
664 2526 919 2578 intellexit
982 2528 1148 2580 sinum

162 2598 419 2661 Abrahae,
460 2616 550 2651 seu
592 2600 801 2653 limbum
827 2619 842 2666 3
872 2602 987 2669 quia
1009 2601 1152 2654 Chri-

164 2679 274 2724 stus
314 2689 403 2739 per
441 2673 743 2730 descensum
798 2692 950 2728 suum
1011 2677 1147 2738 fecit,

164 2754 222 2798 ut
263 2746 448 2799 limbus
487 2757 621 2801 esset
662 2750 946 2817 paradisus,
994 2758 1049 2803 ut
1078 2752 1152 2803 in-

166 2821 256 2872 feri
298 2829 471 2874 essent
509 2823 696 2890 superi,
738 2831 793 2876 ut
820 2825 1051 2878 infernus
1080 2842 1155 2878 es-

166 2901 245 2947 set
282 2896 520 2962 coelum3
567 2897 648 2950 ubi
683 2899 821 2950 enim
878 2907 954 2952 est
1013 2899 1153 2953 Chri-

166 2976 296 3029 stuS,
342 2969 407 3022 ibi
447 2977 525 3023 est
578 2972 872 3038 paradisu53
935 2973 1018 3026 ubi
1079 2983 1155 3028 est

169 3044 295 3095 visio
336 3043 424 3095 Dei
467 3051 519 3097 et
577 3046 875 3110 beatitudo,
945 3048 1012 3101 ibi
1078 3057 1155 3102 est

170 3117 389 3170 coelum.

243 3189 349 3244 obi.
393 3191 470 3244 5³³
490 3190 656 3246 Verba
695 3194 941 3263 symboli:
968 3197 1156 3249 descen-

171 3264 242 3316 dit
284 3266 349 3317 ad
410 3268 610 3335 inferos,
657 3269 998 3336 metaphorice
1037 3281 1157 3324 sunt

170 3337 522 3406 intelligenda,
569 3341 646 3393 vel
688 3342 750 3394 de
790 3344 1042 3412 sepulcro,
1093 3347 1155 3398 ad

173 3412 304 3481 quod
344 3429 525 3482 corpus
564 3417 800 3471 exanime
870 3418 1153 3483 descendit,

221 3514 270 3558 fl)
294 3514 380 3551 Gen.
407 3515 440 3560 2,
462 3515 497 3554 8·

1198 218 1281 272 vel
1319 217 1382 271 de
1420 217 1596 270 infimo
1634 217 1996 273 exinanitionis
2043 217 2184 273 Chri-

1197 295 1260 347 sti
1300 298 1459 352 statu,
1502 293 1552 344 in
1593 309 1692 362 quo
1731 293 1964 346 Christus
2022 293 2186 348 Deum

1199 367 1290 420 sibi
1333 369 1519 421 iratum
1561 369 1790 420 sentiens
1812 373 1863 420 et
1890 367 1952 420 de
1986 370 2186 438 propria

1199 442 1364 495 salute
1404 435 1601 496 timens
1631 457 1751 494 vere
1792 449 2047 495 tormenta
2111 445 2186 495 in-

1200 517 1442 579 ferorum,
1487 531 1670 584 nempe
1692 516 2052 570 damnatorum
2079 532 2186 587 per-

1202 591 1336 644 tulit.

1267 663 1407 733 Resp.
1453 662 1659 717 Absona
1699 670 1840 724 sunt,
1884 681 2014 734 quae
2054 681 2189 719 com·

1202 739 1542 791 miniscuntur
1582 737 1888 791 Calviniani.
1941 739 1995 790 ln
2056 757 2190 810 sym-

1201 812 1327 865 bolis
1367 814 1504 865 enim
1555 813 1855 865 brevissime
1916 815 2191 884 praecipua

1201 887 1453 953 dogmata,
1478 888 1876 956 exprimuntur-3
1921 889 2056 940 unde
2108 888 2190 940 ad-

1203 962 1330 1013 mitti
1374 964 1568 1031 nequit,
1623 963 1942 1031 sepulturam
2000 962 2192 1015 Christi

1201 1035 1387 1104 duplici
1428 1037 1683 1089 sententia
1730 1037 1987 1105 exprimi,
2037 1044 2193 1106 atque

1202 1110 1290 1168 ita,
1338 1117 1392 1164 ut
1433 1112 1680 1179 posterior
1721 1112 1885 1179 priore
1926 1111 2191 1164 obscurior

1202 1192 1354 1237 esset.
1407 1215 1479 1224 —
1523 1184 1734 1237 Infimus
1774 1201 1922 1255 porro
1962 1186 2195 1238 exinani-

1203 1259 1352 1310 tionis
1391 1265 1557 1312 status
1594 1259 1690 1311 fuit
1731 1260 1778 1312 in
1811 1266 2013 1324 morte3
2053 1259 2191 1312 unde

1202 1331 1434 1386 Christus
1474 1335 1580 1403 ipse
1620 1336 1767 1386 morti
1812 1335 2075 1402 proximus
2110 1350 2197 1388 ex-

1204 1407 1486 1461 clamavit:
1531 1407 1931 1461 Consummacam
1977 1416 2082 1470 esb-
2146 1415 2198 1462 et

1205 1481 1393 1534 Paulus
1421 1484 1489 1535 ait
1518 1500 1531 1534 τ
1564 1483 1865 1536 Hamiliavit
1892 1484 2194 1553 semetipsum

1205 1573 1353 1625 usque
1402 1558 1465 1609 ad
1519 1566 1742 1619 mortem,
1784 1566 1990 1610 mortem
2037 1566 2200 1611 mitem

1207 1632 1382 1683 erneis:
1427 1648 1525 1700 quo
1565 1634 1698 1685 dicto
1733 1633 1797 1684 ad
1838 1640 2031 1685 statum
2059 1633 2199 1686 exal-

1207 1707 1411 1759 tationis
1453 1708 1654 1759 transit.
1706 1707 2069 1775 Blasphemum
2122 1713 2201 1760 est

1205 1787 1379 1832 autem
1420 1797 1537 1833 cum
1578 1781 1787 1834 Calvino
1829 1782 1998 1834 dicere
2057 1780 2202 1834 Chri·

1206 1862 1342 1907 stum
1383 1855 1454 1907 ita
1494 1856 1586 1909 sibi
1630 1856 1792 1909 Deum
1834 1857 2023 1909 iratum
2090 1871 2203 1908 sen-

1207 1931 1352 1990 sisse,
1400 1936 1455 1981 ut
1494 1931 1589 1983 sibi
1650 1930 1714 1983 de
1774 1932 1977 1999 propria
2035 1930 2204 1984 salute

1209 2003 1584 2057 formidandum
1625 2005 1839 2069 fuisset3
1886 2005 2006 2057 talia
2071 2003 2204 2058 affir-

1212 2095 1355 2130 mans
1398 2095 1495 2131 non
1538 2079 1701 2132 solum
1752 2080 2099 2132 innocentiam
2151 2085 2204 2132 et

1209 2154 1530 2206 sanctitatem
1573 2154 1780 2216 Christi,
1824 2154 1912 2207 sed
1954 2161 2005 2207 et
2058 2154 2205 2207 unio-

1213 2244 1327 2280 nem
1369 2228 1763 2296 hypostaticam,
1807 2230 2017 2297 eiusque
2075 2228 2203 2280 divi-

1212 2305 1422 2355 nitatem
1452 2311 1624 2371 negat,
1655 2310 1706 2356 et
1738 2304 1811 2356 sic
1840 2304 2199 2356 fundamenta-

1213 2377 1278 2428 lia
1324 2377 1583 2445 religionis
1617 2378 1926 2432 christianae
1965 2378 2203 2447 dogmata

1213 2451 1452 2505 debellat.

1602 2575 1640 2634 ᾗ
1671 2576 1802 2622 225.

1400 2666 1446 2701 11.
1473 2667 1523 2702 De
1547 2666 1815 2702 resurrectione
1839 2665 1983 2703 Christi.

1288 2749 1545 2804 Christum
1585 2766 1702 2802 vere
1741 2767 1770 2803 a
1798 2751 2014 2804 mortuis
2042 2764 2210 2803 resur·
2257 2747 2265 2752 “

1216 2821 1431 2886 rexisse,
1475 2826 1576 2877 iam
1622 2825 1740 2877 alibi
1804 2825 2075 2894 probatum
2131 2831 2211 2878 est

1217 2899 1312 2972 (3).
1345 2900 1604 2963 Quaedam
1643 2906 1815 2951 tamen
1875 2899 1958 2952 hic
2016 2899 2208 2952 addere

1216 2981 1432 3044 oportet,
1483 2981 1539 3026 ut
1597 2980 1880 3042 appareat,
1942 2971 2207 3026 Christum

1217 3066 1315 3119 quo
1357 3050 1517 3116 magis
1558 3049 1606 3099 in
1648 3055 1783 3100 terra
1826 3062 1914 3117 per
1952 3048 2211 3101 atrocissi-

1219 3139 1355 3176 mam
1396 3129 1613 3175 mortem
1652 3139 1798 3175 suam
1827 3122 2128 3175 humiliatus
2155 3129 2207 3174 et

1218 3198 1510 3251 exinanitus
1550 3197 1663 3258 fuit,
1707 3213 1766 3250 eo
1808 3197 1970 3264 magis
2007 3213 2096 3266 per
2136 3212 2211 3248 re-

1218 3273 1587 3324 surrectionem
1627 3272 1912 3326 exaltatum
1958 3277 2008 3324 et
2053 3270 2210 3339 glori·

1220 3348 1426 3400 ficatum
1467 3362 1599 3398 esse.

1296 3422 1345 3473 l.
1391 3420 1713 3474 Resurrectio
1741 3418 1926 3473 Christi
1958 3417 2210 3485 condigna

1267 3522 1316 3566 32.)
1344 3522 1420 3558 Lib.
1435 3521 1492 3566 12,
1513 3531 1544 3558 c.
1571 3521 1625 3558 3⁴.
1747 3521 1796 3565 (3)
1820 3521 1946 3557 Theot.
1970 3521 2059 3556 Gen.
2085 3518 2109 3564 S
2132 3517 2211 3558 13³.
