2332 3860
319 116 436 171 122·
514 151 523 153 ⁴

950 131 1012 169 DE
1050 130 1143 169 1)Εο
1182 128 1233 168 IN
1271 131 1327 168 SE
1363 128 1603 167 SPECTATo

244 229 359 271 mur
398 213 599 268 divinae
657 213 908 267 libertatis
948 213 1231 279 imagineS,
1300 217 1403 264 tate
1430 210 1523 263 Dei
1550 224 1652 262 non
1678 207 2031 276 distinguitur,
2058 220 2158 262 non
2185 213 2290 278 pot-

246 304 511 359 nunquam
532 289 582 341 in
606 288 800 340 malurn
825 287 1120 347 deflectere,
1147 285 1236 338 sed

243 360 376 417 bo'no
415 369 716 415 constanter
763 361 1033 414 inhaerere
1079 359 1234 413 debe-

250 452 382 491 mus,
425 436 518 500 Qui
559 437 766 490 beatum
797 451 851 488 se
892 441 1057 503 putat,
1101 433 1236 502 quod

244 510 544 564 facultatem
599 510 787 563 habeat
824 508 962 561 male
1011 507 1231 575 agendi,

244 585 401 638 miser
439 590 539 637 est:
587 585 817 636 miserior
856 589 953 644 est,
993 597 1053 634 ac
1079 582 1237 634 servi-

245 659 346 712 lem
386 659 494 724 agit
533 658 725 719 vitam,
770 658 852 726 qui
898 656 1031 713 male
1090 657 1230 724 agit.;

243 748 384 795 nam,
417 735 503 800 qui
527 733 644 800 facit
666 739 934 802 peccatum,
977 746 1143 783 servus
1171 737 1236 783 est

196 806 203 808 ’
242 807 423 876 peccati
464 804 560 877 (⁴)-

653 927 691 985 ᾖ
713 930 826 973 69.

525 1017 577 1052 De
599 1015 863 1059 omnipotentia
887 1015 964 1050 Dei.

318 1100 417 1153 Per
455 1100 878 1167 omnipotentiam
927 1096 1237 1164 intelligitur

251 1175 324 1227 vis
345 1174 527 1242 agendi
550 1173 767 1234 infinita,
793 1189 891 1241 qua
915 1172 1052 1224 Deus
1066 1173 1236 1223 omnia

247 1249 386 1301 entia
425 1248 775 1315 contingentia
799 1245 971 1307 efficit,
1005 1253 1054 1317 ct
1083 1246 1235 1297 etiam

250 1323 420 1375 omnia
478 1321 736 1390 possibilia
786 1321 850 1372 ad
909 1320 1237 1372 existentiam

248 1395 528 1465 perducere
556 1395 715 1447 valet.
746 1394 887 1446 Haec
914 1395 1237 1462 omnipoten-

249 1471 317 1523 tia
358 1469 548 1522 limites
588 1485 690 1520 non
741 1469 896 1521 habet
935 1483 1029 1519 nec
1069 1468 1234 1536 quoad

247 1545 523 1605 obiectum,
553 1543 674 1611 quia
703 1549 813 1595 tum
834 1542 898 1594 ad
919 1543 1088 1594 omnia
1106 1558 1237 1593 ,con-

247 1618 519 1685 tingentia‚
550 1632 681 1685 quae
709 1623 827 1668 actu
851 1617 1102 1677 existunt,
1130 1623 1236 1667 tum

245 1691 309 1743 ad
337 1691 510 1744 omnia
540 1690 821 1758 possibilia,
853 1705 986 1758 quae
1013 1691 1236 1741 existere

246 1772 496 1834 possunt,
540 1764 878 1827 extenditur3
938 1780 1031 1815 nec
1070 1764 1233 1831 quoad

247 1839 482 1899 modum,
525 1837 643 1905 quia
684 1838 827 1889 nulla
867 1838 1083 1888 materia
1125 1837 1238 1887 nul-

247 1912 397 1981 loque
436 1911 671 1963 adiutore
712 1910 927 1977 indiget,
959 1917 1009 1962 et
1031 1911 1140 1962 sine
1170 1910 1237 1962 la-

246 1987 380 2038 boris
419 1992 471 2037 et
511 1984 752 2052 temporis
780 1984 1055 2052 impendio,
1090 1985 1238 2036 unico

246 2058 529 2112 voluntatis
551 2065 677 2110 nutu
699 2059 870 2111 omnia
893 2060 962 2110 ita
992 2059 1238 2126 perlicere

249 2133 410 2195 valet,
454 2138 511 2184 ut
538 2148 567 2184 a
597 2132 738 2184 nulla
766 2133 864 2184 alia
896 2134 1122 2200 potentia
1151 2132 1239 2183 lie-

246 2207 411 2260 betari
452 2206 533 2258 vel
557 2206 790 2275 impediri
815 2208 992 2275 possit.
1020 2205 1239 2258 —Non-

249 2280 377 2333 nulli
422 2287 605 2348 putant
663 2280 818 2332 latius
858 2287 1035 2348 patere
1101 2281 1238 2332 obie-

247 2362 389 2407 ctum
416 2355 834 2422 omnipotentiae,
873 2370 1026 2422 quam
1061 2353 1239 2405 volun-

248 2429 368 2486 tatis
407 2428 634 2489 divinae,
678 2428 816 2495 quia,
851 2434 904 2479 ut
932 2429 1003 2480 ait
1029 2427 1102 2480 Cl.
1132 2427 1241 2479 Lie-

252 2502 446 2554 bermcm
488 2499 585 2572 (⁰2):
609 2520 635 2550 «
677 2501 816 2553 Deus
855 2502 1024 2558 omnia
1051 2508 1235 2570 potest,

257 2590 387 2644 quae
429 2574 579 2636 vult,
623 2575 712 2627 sed
751 2590 851 2626 non
893 2576 1066 2644 omnia
1129 2576 1241 2627 vult

251 2665 382 2717 quae
400 2655 583 2716 pot'est3
604 2649 828 2716 potentia
843 2650 1050 2716 respicit
1071 2651 1240 2701 omnia

253 2722 536 2790 possibilia,
579 2722 818 2777 voluntas
868 2730 985 2775 actu
1026 2720 1243 2774 efficien-

257 2795 339 2847 da.
370 2814 396 2844 »
439 2795 534 2847 Sed
560 2796 677 2864 quia
710 2797 881 2848 omnia
902 2796 1149 2848 attributa
1173 2797 1243 2847 di-

256 2869 374 2920 vina
415 2869 619 2921 realiter
659 2871 793 2921 inter
832 2886 886 2922 se
929 2886 1028 2921 non
1070 2870 1243 2922 distin--

254 2948 518 3008 guuntur‚
562 2942 652 2994 sed
702 2950 822 2996 sunt
873 2944 982 3011 ipsa
1021 2945 1241 2996 essentia

255 3015 429 3066 divina
450 3016 843 3083 simplicissima,
875 3017 970 3069 hoc
994 3016 1124 3070 idem
1154 3019 1246 3069 sic-

256 3094 314 3140 ut
354 3088 417 3139 de
461 3088 725 3142 intellectu
754 3097 806 3143 et
834 3090 1097 3143 voluntate
1131 3091 1241 3152 Dei,

213 3163 217 3165 ’
257 3162 330 3214 ita
368 3161 524 3213 etiam
563 3162 625 3214 tle
664 3165 1033 3232 omnipotentia
1074 3165 1243 3218 divina

1298 292 1378 338 est
1403 283 1809 351 omnipotentiae
1840 284 2097 336 obiectum
2127 285 2291 352 magis

1298 366 1573 425 extensum
1611 372 1765 426 quam
1799 357 2053 410 voluntati
2083 357 2294 412 divinae*

1297 432 1580 499 assignari,
1622 431 1713 484 sed
1752 430 1891 484 Deus
1948 432 2081 485 sicut
2119 433 2292 485 omnia

1299 506 1563 573 cognoscit
1595 512 1647 558 et
1686 505 1857 558 onmia
1898 512 2083 572 potest,
2114 506 2186 558 ita
2212 513 2290 559 et-

1299 581 1401 632 iam
1459 578 1631 632 omnia
1685 578 1818 630 vult.
1876 577 2056 632 Omnia
2114 581 2285 638 enim.

1298 670 1429 723 quae
1458 670 1485 705 a
1508 653 1653 705 nobis
1674 653 1770 705 sub
1790 653 1991 706 ratione
2010 654 2143 706 entis
2164 669 2291 706 con-

1299 730 1581 796 cipiuntur,
1609 727 1691 779 vel
1718 729 1768 778 in
1791 728 2039 795 potentia,
2066 727 2147 779 vel
2170 735 2298 780 actuv

1300 803 1563 863 existunt,
1609 801 1658 852 id
1700 807 1779 853 est
1806 843 1818 862 ‚
1863 800 1943 852 vel
1987 802 2243 870 possibilia
2274 842 2286 863 ,

1299 876 1381 927 vel
1421 883 1539 928 actu
1581 876 2032 927 existentia‘sunt.
2077 875 2215 927 Deus
2241 891 2292 928 o-

1299 950 1437 1001 mnia
1475 950 1738 1016 cognoscit
1777 949 2081 1023 et'vultnac
2107 965 2292 1016 cogno·

1299 1024 1487 1076 scendo
1509 1031 1560 1076 et
1600 1022 1820 1076 volendo
1860 1021 2033 1075 efficit:
2077 1023 2164 1075 sed
2191 1023 2291 1076 alia

1299 1098 1436 1151 Deus
1476 1098 1735 1166 cognoscit
1763 1104 1814 1150 et
1839 1097 1945 1149 vult
1972 1104 2028 1150 ut
2054 1105 2172 1150 actu
2199 1113 2291 1150 seu

1300 1172 1508 1224 realiter
1535 1172 1831 1236 existentia3
1864 1171 1964 1223 alia
1992 1187 2114 1225 vero
2153 1171 2292 1224 Deus

1299 1247 1562 1315 cognoscit
1601 1253 1653 1298 et
1681 1245 1793 1298 vult
1821 1245 1989 1298 solum
2030 1247 2081 1298 in
2112 1251 2291 1314 poten-

1302 1322 1403 1379 tia,
1447 1337 1539 1372 seu
1580 1326 1637 1372 ut
1678 1319 1933 1388 possibilia
1960 1361 1971 1381 ,
2030 1321 2115 1373 ubi
2155 1320 2292 1372 Deus

1300 1396 1563 1461 cognoscit
1604 1401 1655 1446 et
1693 1394 1807 1446 vult
1836 1395 1998 1461 ipsam
2038 1410 2184 1447 suam
2214 1410 2292 1448 es·

1299 1470 1519 1520 sentiam
1558 1468 1756 1520 infinite
1796 1466 2083 1530 efficacem,
2128 1475 2179 1521 et
2208 1484 2294 1536 po-

1303 1544 1488 1595 tentias
1528 1559 1556 1594 a
1596 1558 1651 1594 se
1692 1549 1925 1606 creatas3
1981 1549 2032 1595 et
2071 1545 2144 1594 sic
2185 1543 2294 1610 ipsa

1299 1618 1522 1685 cognitio
1563 1623 1614 1668 et
1655 1615 1828 1668 volitio
1868 1616 2043 1669 divina
2093 1616 2293 1669 infinite

1300 1689 1482 1743 efficax
1522 1696 1660 1742 recte
1712 1689 2094 1757 Omnipotentia
2143 1706 2296 1743 voca·

1302 1772 1402 1817 tur.
1431 1793 1499 1802 --
1523 1764 1687 1816 Deum
1736 1764 2142 1832 omnipotentem
2182 1781 2294 1818 esse

1300 1846 1377 1890 est
1417 1839 1601 1905 dogma
1629 1837 1974 1901 catholicum,
2017 1839 2152 1908 quod
2182 1855 2295 1910 pro-

1301 1913 1451 1965 batur

1375 1987 1426 2038 l.
1470 1987 1553 2038 Em
1591 1984 1664 2037 Ss,
1699 1985 1915 2038 Litteris,
1949 1984 2079 2039 Gen.
2115 1986 2203 2049 17,
2237 1988 2290 2050 l,

1300 2060 1437 2112 Deus
1478 2061 1584 2125 ipse
1642 2059 1770 2111 dixit
1809 2059 2141 2113 Abrahamo:
2185 2061 2293 2129 qu

1302 2135 1429 2186 Dens
1469 2134 1787 2201 omnipotens3
1820 2141 1870 2186 ct
1899 2135 1967 2187 ib.
2002 2132 2099 2206 (5):
2133 2135 2295 2187 Num·

1300 2210 1418 2276 qnid
1459 2209 1558 2260 Deo
1607 2209 1876 2276 quidquam
1930 2216 1996 2260 est
2053 2209 2296 2279 difficile?

1301 2283 1387 2334 lob
1428 2281 1503 2354 (lt)
1545 2284 1616 2335 ait
1654 2282 1717 2334 ad
1760 2282 1951 2334 Deum:
1994 2281 2134 2344 Scio,
2178 2283 2295 2350 qaia

1302 2357 1469 2408 omnia
1525 2363 1669 2424 potes,
1728 2355 1794 2407 Is.
1844 2355 1910 2407 116
1939 2397 1951 2418 ‚
1997 2357 2086 2418 10,
2131 2357 2296 2425 inquit

1302 2430 1459 2481 Deus:
1484 2428 1653 2482 Omnis
1676 2431 1902 2482 voluntas
1923 2445 2029 2481 mea
2057 2435 2154 2495 fiet.
2169 2429 2290 2498 Sap.

1306 2505 1393 2563 ll,
1440 2505 1530 2565 ⁶252,
1576 2510 1702 2555 etc.:
1755 2503 1940 2556 Virtuti
1969 2503 2157 2556 brachii
2190 2505 2290 2566 tui,

1303 2578 1412 2645 quis
1454 2577 1716 2629 resistet?.
1750 2616 1792 2628 ..
1837 2576 1920 2628 sed
1957 2577 2207 2629 misereris
2246 2594 2294 2630 o-

1304 2652 1512 2711 mnium,
1556 2651 1674 2718 qtte'a
1713 2652 1878 2702 omnia
1908 2658 2060 2719 potes.
2107 2651 2293 2704 Esther

1308 2725 1395 2781 15,
1421 2724 1471 2791 9,
1500 2723 1871 2777 Martlochaeus
1898 2724 2176 2777 exclamat:
2201 2725 2296 2777 Do·

1305 2798 1432 2849 mine
1460 2839 1471 2859 ‚
1515 2813 1605 2850 rem
1644 2798 1977 2865 omnipotenS,
2021 2799 2076 2851 iu
2113 2792 2295 2852 ditione

1307 2880 1390 2923 tna
1430 2880 1596 2924 cuncta
1639 2878 1752 2923 sunt
1783 2874 1964 2941 posita,
2006 2880 2050 2924 et
2087 2888 2185 2926 non
2229 2878 2297 2924 est

1305 2947 1394 3013 qui
1430 2946 1578 3014 possit
1617 2946 1841 2999 resistere
1880 2946 2115 3010 voluntati
2164 2953 2292 2998 tuae.

1308 3019 1427 3070 Luc.
1461 3023 1510 3079 1,
1556 3019 1643 3086 57,
1672 3018 1904 3088 Angelus
1940 3021 2031 3072 ait:
2062 3018 2178 3073 Non
2204 3020 2298 3072 erit

1310 3093 1599 3161 impossibile
1644 3094 1773 3161 apud
1810 3094 2148 3146 Deaetm‘omne
2189 3109 2297 3146 ver·

1309 3166 1437 3218 buna.
1464 3166 1647 3219 Matth.
1670 3167 1757 3227 to,
1778 3168 1865 3234 Qfi,
1895 3167 2129 3220 Christus
2150 3167 2308 3222 dic-itt.

260 3234 535 3288 dicendum
563 3243 660 3299 est3
691 3244 742 3289 et
768 3238 907 3300 ideo,
938 3238 1058 3307 quia
1085 3240 1246 3291 omni·
1308 3237 1449 3307 Apud
1488 3240 1643 3291 Deum
1671 3241 1834 3293 omnia
1867 3240 2121 3310 possibilia
2158 3246 2291 3293 sunt.
2321 3244 2323 3250 '

261 3309 487 3378 potentia
500 3308 749 3362 realitera
766 3312 978 3365 scientia
995 3319 1047 3365 et
1069 3313 1247 3366 volun·
1311 3311 1386 3384 (5)
1425 3313 1668 3367 Voluntati
1692 3315 1797 3367 eius
1823 3316 1934 3383 quis
1961 3314 2170 3368 resistit?
2196 3311 2319 3386 (6).5

286 3472 288 3474 ,
323 3438 342 3475 1
372 3433 435 3486 Io.
456 3438 511 3481 ³4,
529 3437 561 3474 8.
1348 3441 1390 3484 (4
1430 3442 1512 3485 cap.
1530 3441 1585 3481 42,
1603 3442 1634 3477 2.

306 3437 360 3528 ω
383 3481 474 3527 t..1,
489 3492 524 3519 c.
539 3481 572 3526 3,
590 3481 614 3528 S
632 3481 667 3526 3,
681 3482 757 3518 obs.
775 3483 805 3518 ἢ.
1354 3440 1406 3530 (53

931 3483 983 3528 (³)
1007 3485 1089 3529 cap.
1107 3484 1164 3529 18,
1186 3484 1237 3521 14.
1429 3486 1534 3534 nom.
1560 3485 1614 3529 19,
1639 3485 1692 3522 πο.
1892 3487 1945 3533 (6)
1969 3487 2020 3526 cr.
2047 3488 2137 3532 spu.
2158 3485 2195 3531 3,
2218 3478 2275 3524 20.

2123 3674 2130 3681 „
2231 3591 2332 3683 ,iiii
