2332 3860
349 141 475 218 510‘

658 182 721 218 DE
757 182 849 219 DEO
889 182 1019 220 LAPS!
1058 183 1246 220 HUMAN!
1282 181 1486 221 GENERIS
1522 182 1855 221 REDEMPTORE.
1908 227 1914 229 ξ

2203 23 2220 35 .,
2260 0 2332 86 ἢ

2271 73 2298 105 'i¹·
2320 91 2332 108 z

2287 112 2302 122 a·
2318 110 2332 123 ’ἣ

2257 213 2268 234 Ι

238 267 342 328 get,
374 260 556 323 saltem
579 261 849 317 redamare
876 279 976 321 non
1006 245 1226 332 pigeat.»
1294 261 1612 317 individuum
1651 263 1931 326 humanum
1970 260 2280 331 constituens·-
2327 282 2332 283 ⁷

236 334 288 398 S,
311 334 407 398 Leo
432 335 506 390 M.
536 333 611 407 (t)
633 337 841 391 scribit:
889 357 915 387 «
948 336 1230 391 Autborem

238 423 390 462 suum
427 409 654 466 humana
702 418 921 470 natura,
982 411 1188 464 sciendo
1214 452 1226 471 ,

237 489 484 551 quantum
522 484 586 538 ab
626 500 685 537 eo
736 487 803 541 sit
842 485 1026 538 dilecta
1051 526 1063 547 ,
1118 485 1231 553 plus

238 557 434 625 diligat.
466 558 737 612 Miserendi
760 560 897 613 enim
926 560 1083 612 nostri
1112 575 1230 612 cau-

237 647 346 760 {ailn
376 631 513 685 Deus
540 634 637 686 nisi
667 635 718 704 in
747 651 839 687 sua
868 635 1094 688 bonitate
1128 650 1227 687 non

276 722 303 759 a
347 707 438 760 uit.
469 726 495 757 »

626 866 663 924 §
699 867 843 915 253.

423 961 474 996 De
495 961 762 996 incarnationis
792 962 1042 1005 possibilitate.

311 1072 563 1143 Quidquid
596 1080 842 1142 apertam.
868 1081 917 1127 et
943 1074 1255 1127 absolutam-

236 1148 691 1201 contradictionem
733 1165 832 1201 non
875 1149 1110 1210 involvit,
1143 1167 1228 1217 per

235 1222 667 1291 omnipotentiam
698 1223 922 1275 divinam
965 1221 1091 1275 effici
1123 1231 1228 1291 pot-

237 1304 345 1358 est,
389 1312 450 1349 ac
489 1298 601 1350 ideo
643 1298 880 1365 possibile
931 1305 1007 1349 est
1060 1298 1228 1349 dicen-

235 1370 376 1422 dum.
431 1369 584 1440 Atqui
629 1371 770 1423 nulla
811 1379 888 1423 est
938 1379 1116 1439 aperta
1156 1388 1230 1424 re-

234 1445 515 1513 pugnantia
573 1452 664 1497 aut
701 1446 933 1498 absoluta
975 1447 1226 1498 contradi-

233 1520 353 1581 ctio,
398 1518 530 1588 quod
572 1519 795 1574 Verbum
840 1520 1070 1573 divinum
1119 1522 1227 1572 vin-

233 1593 348 1646 culo
374 1594 659 1646 arctissimo
687 1601 737 1645 et
768 1595 1100 1646 indissolubili
1134 1595 1225 1652 sibi

234 1668 438 1736 copulet
479 1675 716 1720 naturam
764 1670 1064 1734 bumanam3
1107 1685 1228 1736 ergo

234 1742 614 1795 concedendum
658 1749 766 1805 est,
818 1742 1227 1797 incarnationem

235 1816 526 1886 possibilem
555 1833 685 1870 esse.

310 1891 361 1943 1.
407 1890 685 1943 positivum
710 1898 1094 1958 argumentum,
1130 1907 1227 1960 quo

234 1965 517 2016 certissime
575 1966 853 2033 probatur,
919 1966 1228 2018 lucarnatio·

233 2054 351 2091 nem
382 2046 549 2091 rectae
579 2040 759 2091 rationi
791 2056 887 2091 non
916 2056 1223 2107 repugnare,

234 2114 426 2181 ‘petitur
466 2129 532 2164 ex
559 2113 690 2165 sacta
721 2114 863 2166 nobis
898 2113 1226 2167 Revelatione

237 2187 431 2239 divina.
477 2186 684 2239 Certum
725 2189 860 2239 enim
903 2196 978 2240 est
1005 2230 1016 2249 ‚
1044 2196 1123 2240 ‘ut
1164 2205 1227 2246 ex

233 2261 482 2314 hactenus
524 2262 748 2329 probatis
787 2270 1003 2329 constat,
1044 2270 1229 2331 myste-

235 2335 364 2388 rium
415 2335 786 2388 iucarnationis
844 2353 870 2388 a
925 2337 1027 2389 Deo
1087 2338 1229 2389 nobis

235 2409 519 2462 revelatum
576 2426 706 2462 esse.
764 2410 1014 2480 Quidquid
1056 2418 1228 2462 autem

236 2483 372 2536 Deus
413 2483 629 2545 revelat,
675 2483 857 2536 salsum
887 2501 998 2536 esse
1038 2491 1128 2537 aut
1156 2502 1230 2536 re-

234 2565 348 2610 ctae
389 2558 569 2610 rationi
600 2574 889 2626 repugnare
918 2575 1016 2611 non
1042 2566 1223 2626 potest,

236 2633 353 2701 quia
393 2631 530 2684 Deus
552 2633 658 2700 ipse
686 2631 883 2685 Veritas
911 2642 1006 2691 est,
1042 2640 1092 2684 et
1122 2640 1226 2686 tum

235 2722 324 2774 per
364 2707 612 2758 rationem
656 2714 765 2758 tum
818 2722 906 2773 per
947 2706 1230 2758 Revelatio-

238 2795 353 2832 nem
393 2780 454 2832 ad
498 2797 589 2832 nos
648 2780 859 2848 loquens
898 2781 991 2841 sibi
1032 2786 1228 2832 contra-

234 2854 401 2906 dicere
443 2857 636 2923 nequit.
678 2854 809 2921 Ergo
838 2853 1123 2907 Incarnatio
1151 2871 1228 2906 re-

235 2935 346 2980 ctae
388 2929 571 2982 rationi
614 2945 711 2981 non
755 2935 1039 2996 repugnat,
1082 2928 1230 2981 adeo·

234 3017 332 3070 que
360 3018 666 3071 quacunque
699 3018 764 3055 ex
798 3009 941 3072 parte
981 3002 1231 3070 possibilis

237 3082 317 3128 est
356 3076 586 3128 dicenda.

280 3149 362 3219 2.
407 3150 644 3219 Aliquam
685 3149 838 3202 huius
897 3149 1127 3219 mysterii
1170 3149 1233 3201 si-

234 3222 612 3288 militudinem,
675 3225 878 3276 tametsi
937 3224 1231 3290 longissime

236 3299 537 3357 distantem,
584 3298 726 3350 uobis
782 3298 1072 3366 suppeditat
1113 3313 1232 3349 con-

183 3375 186 3377 *
235 3371 428 3429 iunctio
485 3371 687 3423 animae
746 3387 864 3430 cum
918 3387 1129 3443 corpore
1168 3371 1232 3427 ad

285 3501 338 3545 (1)
361 3501 474 3535 serm.
503 3499 547 3541 13
567 3500 613 3533 de
637 3500 818 3535 passione.

286 3546 336 3591 (23
361 3545 471 3591 Epist.
495 3545 542 3581 ad
566 3544 817 3580 Volusianum.

1294 336 1435 394 dum.
1467 335 1712 402 Quamvis
1739 339 1876 391 enim
1900 338 2072 395 anima
2098 339 2165 391 sit
2192 345 2298 399 nas-2
2326 351 2332 410 s

1295 418 1438 462 turae
1477 427 1508 463 a
1546 427 1757 478 corpore
1783 413 1989 467 omnino
2028 413 2332 482 diversae‚·-

1296 491 1468 552 utpote
1516 486 1832 553 spiritualiS‚
1891 487 2052 553 potuit
2108 494 2286 542 tamen

1292 558 1465 618 divina
1504 561 1869 628 omnipotentia
1896 562 1966 618 ita
2008 567 2287 631 utrumque

1293 634 1625 701 coniungere,
1656 641 1711 686 ut
1744 651 1844 692 una
1873 635 1990 687 inde
2010 635 2288 698 resultaret
2328 684 2332 685 γ

1295 707 1517 760 bumana
1539 714 1739 775 natura,
1762 725 1921 762 unum
1943 709 2288 783 individuum,

1295 797 1393 834 una
1435 798 1668 850 persona.
1727 783 1839 835 Pari
1882 784 2080 836 ratione
2120 785 2280 852 potuit

1294 855 1429 908 Deus
1471 863 1706 908 naturam
1735 856 2013 911 humanam
2053 857 2145 911 sibi
2177 865 2311 912 tam·

1292 937 1431 982 arcte
1471 930 1735 998 copulare,
1781 938 1837 984 ut
1875 947 2035 984 unum
2066 946 2290 1000 exurge.-

1293 1012 1371 1055 ret
1397 1006 1715 1072 suppositum
1743 1005 1972 1059 divinum
2002 1006 2052 1060 in
2082 1005 2284 1060 duabus-

1294 1082 1487 1131 naturis
1538 1079 1838 1137 subsistens.
1892 1079 1998 1132 Hoc
2046 1079 2182 1131 idem
2207 1095 2322 1137 art«

1291 1161 1595 1219 gumentum
1647 1154 1881 1220 indigitat
1944 1152 2003 1207 S.
2053 1151 2290 1221 Augusti-2

1291 1243 1382 1278 ηας
1423 1226 1499 1296 (9.)
1541 1227 1749 1279 dicens:
1798 1248 1824 1277 «
1867 1227 2082 1291 Quidam
2141 1227 2288 1292 reddi

1291 1301 1383 1353 sibi
1426 1302 1672 1353 rationem
1725 1301 1989 1369 flagitant,
2033 1301 2288 1369 quomam

1292 1374 1425 1427 Deus
1492 1375 1680 1427 bomini
1732 1377 2013 1442 permixtus
2074 1376 2183 1438 sitq
2233 1383 2284 1435 ut

1294 1465 1392 1500 una
1444 1449 1589 1501 fieret
1630 1465 1843 1516 persona
1886 1449 2113 1511 Christi,
2164 1457 2290 1512 cum

1292 1522 1384 1575 hoc
1424 1523 1581 1575 semel
1622 1525 1731 1575 lieri
1783 1524 2094 1592 oportuerit,
2156 1536 2288 1593 qua-

1290 1598 1329 1648 si
1372 1598 1619 1650 rationem
1675 1597 1767 1666 ipsi
1818 1598 2033 1650 reddant
2082 1597 2144 1649 de
2193 1614 2284 1664 re,

1291 1687 1419 1739 quae
1470 1671 1691 1740 quotidie
1744 1670 1837 1734 fit,
1880 1671 2132 1740 quomodo
2187 1673 2284 1725 mi-

1290 1752 1491 1797 sceatur
1520 1746 1691 1798 anima
1718 1749 1930 1814 corpori,
1958 1756 2014 1799 ut
2053 1761 2156 1798 una
2195 1746 2287 1807 fia!

1293 1836 1504 1887 persona
1564 1820 1800 1872 bominis.
1862 1819 1990 1872 Nam
2043 1821 2174 1873 sicut
2231 1820 2327 1872 in'·

1294 1896 1487 1946 unitate
1552 1910 1798 1962 personae
1867 1895 2040 1947 anima
2103 1894 2280 1946 unitur
2319 1921 2326 1925 *-

1291 1969 1507 2036 corpori,
1553 1975 1609 2020 ut
1652 1968 1799 2019 bomo
1840 1969 1924 2031 sit,
1970 1970 2039 2020 ita
2081 1968 2130 2019 in
2173 1968 2260 2020 uni

1295 2049 1395 2093 tate
1453 2042 1709 2094 Personae
1761 2041 1904 2094 Deus
1968 2043 2144 2097 unitur
2195 2041 2281 2093 ho·
2321 2054 2332 2120 5

1292 2117 1435 2176 mini,
1479 2123 1536 2167 ut
1576 2115 1807 2169 Christus
1834 2117 1918 2168 sit.
1963 2116 2018 2167 In
2048 2115 2133 2167 illa
2163 2131 2282 2183 ergo
2322 2139 2332 2195 3

1295 2206 1506 2256 persona
1564 2191 1780 2242 mistura
1839 2197 1916 2242 est
1973 2190 2174 2241 animae
2232 2196 2282 2242 et
2315 2206 2332 2245 a*

1292 2264 1535 2331 corporis;
1580 2265 1629 2315 in
1672 2263 1767 2316 hac
1806 2254 2029 2316 P-ers‘ona
2071 2265 2280 2315 mistura
2320 2282 2332 2299 ²-

1292 2345 1368 2390 est
1408 2338 1497 2389 Dei
1538 2344 1590 2388 et
1629 2337 1867 2401 bominis3
1910 2339 1950 2390 si
1994 2346 2164 2390 tamen
2207 2305 2332 2400 resi

1293 2411 1439 2464 cedat
1477 2411 1679 2464 auditor
1717 2428 1747 2463 a
1781 2412 2150 2470 consuetudine
2178 2395 2332 2467 cor-'i

1295 2501 1509 2553 porum,
1554 2501 1654 2552 qua
1706 2485 1871 2538 solent
1926 2485 2024 2537 duo
2065 2485 2330 2553 liquores<

1293 2562 1360 2614 ita
1402 2560 1746 2620 commisceri,
1797 2565 1854 2610 ut
1895 2562 2075 2610 neuter
2113 2565 2319 2615 servet

1293 2634 1640 2698 integritatem
1679 2648 1845 2693 suam,
1889 2647 2198 2700 quamquam
2233 2637 2284 2699 et
2315 2630 2317 2642 '

1294 2710 1341 2759 in
1383 2708 1504 2773 ipsis
1563 2707 1857 2773 corporibus
1896 2707 2028 2757 aeris
2087 2707 2176 2758 lux
2214 2706 2287 2759 in-

1292 2786 1530 2846 corrupta
1572 2780 1845 2832 misceatur
1874 2786 1971 2832 etc,
2018 2799 2040 2828 »
2075 2778 2172 2849 (5).
2297 2830 2301 2841 .

1365 2854 1417 2906 5.
1451 2853 1506 2904 In
1538 2855 1791 2921 praesenti
1820 2854 2166 2906 controversia
2195 2859 2302 2908 nos*¹

1295 2943 1558 2980 versamur
1581 2929 1630 2980 in
1661 2928 1998 2995 propositione
2029 2922 2303 2996 negativa,55

1293 3008 1343 3057 et
1383 3002 1533 3070 pleno
1575 3002 1680 3053 iure
1712 3000 1902 3053 tamdiu
1933 3016 2200 3068 negamus,
2232 3002 2305 3066 in,

1295 3077 1524 3128 doctrina
1565 3075 1627 3126 de
1650 3076 1893 3144 mysterio
1916 3068 2299 3140 lucarnationia‘

1294 3149 1745 3202 contradictionem
1775 3149 2013 3213 inveniri,
2042 3146 2301 3216 quamdin

1293 3222 1573 3281 adversarii
1647 3222 1780 3275 banc
1844 3237 1943 3275 non
2013 3221 2295 3290 evincunt»,-

1294 3296 1638 3355 Contradictio
1686 3296 1823 3348 enim
1878 3294 2116 3361 supponit

1295 3369 1477 3431 saltem
1500 3369 1638 3422 ideas
1665 3369 1830 3427 claras
1857 3374 1907 3431 et
1933 3374 2121 3427 certas,

2317 2271 2322 2281 ι

1338 3498 1391 3543 (3)
1409 3498 1460 3534 Cf·
1495 3499 1655 3538 ventura
1679 3499 1725 3533 La
1750 3497 1899 3540 ragione
1935 3497 2107 3534 filosofica
2130 3506 2150 3532 e
2173 3498 2217 3534 tav
2263 3493 2283 3528 Y.·

1294 3544 1402 3587 sione
1424 3542 1606 3586 canonem
1629 3542 1766 3580 contet.
1790 3543 2133 3589 Wst’lsscflrrtazione
2153 3540 2212 3586 1:²1
