2332 3860
61 19 74 35 Ι
87 0 106 15 Ἰ.

37 113 64 157 Ϊ,“

0 238 24 268 Τ

0 271 16 325 t'

0 342 2 354 .

52 300 269 368 gratiam
299 274 488 349 Christi
539 294 772 363 sequitur
816 293 1042 347 charitas

0 369 23 413 {—
53 374 237 432 PatriS,
279 376 331 423 et
369 369 769 422 communicatio*
822 367 1042 437 Spiritus

0 446 266 500 ss'Sancti:
309 450 414 496 tres
454 458 576 510 ergo
626 439 830 495 divinas
870 453 1039 511 perso-

3 570 8 574 .
56 536 151 574 nas
186 517 438 587 agnoscit,
482 516 666 586 quibus
694 517 1043 584 operationem

0 641 14 647 -
53 600 258 648 nostrae
298 591 479 644 salutis
518 590 784 652 adscribit,
811 590 1045 659 quamvis

1 683 7 719 .·
54 683 214 721 unum
227 666 393 719 Deum
416 665 603 734 ubique
627 663 702 734 (l)
727 664 1042 733 profiteatur.

0 740 21 807 ζ
52 770 127 782 -
145 741 198 795 S.
226 740 407 793 Petrus
430 737 506 811 (2)
530 739 677 799 dicit,
703 737 917 790 ludaeos
944 736 1045 790 ele-

7 876 15 884 ,
56 822 164 868 ctos
211 830 322 867 esse
366 813 632 866 secundum
669 811 1046 880 praescientiam

13 904 21 922 ·'
55 889 146 942 Dei
171 888 333 940 Patris
361 889 412 939 in
450 886 888 956 Sanctificotionem
929 885 1046 952 Spi-

55 964 202 1023 ritus,
228 963 280 1013 in
308 961 628 1014 obedientiam
655 968 696 1011 et
719 961 1048 1027 aspersionem

2 1066 13 1072 -
56 1037 316 1105 sanquinis
355 1035 467 1087 Ieszt
506 1033 713 1086 Christi:
759 1050 824 1086 ex
864 1034 1048 1103 quibus

15 1152 19 1154 ἡ
54 1126 234 1164 rursus
258 1116 479 1169 constat,
498 1109 702 1161 Patrem
726 1115 774 1160 et
791 1107 974 1159 Filium
1000 1114 1049 1159 et

53 1185 300 1254 Spiritum
327 1185 575 1236 Sanctum
605 1199 717 1235 esse
742 1189 844 1234 tres
882 1197 1051 1250 perso-

3 1270 26 1326 f
56 1274 147 1312 nas
175 1258 462 1317 distinctaS,
486 1273 602 1309 cum
625 1256 759 1308 Patri
793 1257 1051 1308 tribuatur

2 1339 27 1390 ·;'
55 1333 287 1393 scientia,
327 1331 453 1383 Filio
488 1331 706 1399 expiatio
729 1346 819 1382 seu
859 1330 1053 1382 satisfa-

55 1407 154 1460 ctio
170 1422 259 1475 pro
287 1405 597 1466 hominibuS,
623 1411 673 1457 et
694 1404 904 1471 Spiritui
927 1404 1052 1457 San-

55 1487 139 1534 cto
160 1480 515 1544 sanctificati03
530 1495 660 1547 quae
681 1480 910 1530 actiones
928 1495 1054 1530 non-

57 1556 152 1607 nisi
203 1555 476 1621 suppositis
523 1553 928 1619 intelligentibus
946 1593 958 1614 ‚
1004 1560 1051 1604 et

57 1628 264 1697 quidem
288 1628 488 1680 nonnisi
506 1629 737 1695 personis
759 1626 945 1678 divinis
968 1628 1055 1678 tri-

19 1728 21 1730 ·
58 1703 145 1755 hui
169 1709 398 1770 possunt.
434 1701 576 1753 —S.
606 1701 823 1752 loannes
848 1700 922 1769 (3)
953 1702 1051 1751 ait:

62 1776 176 1828 Tres
195 1783 328 1835 sunt,
360 1777 447 1843 qni
487 1775 813 1826 testimoniavit
841 1775 957 1825 dant
1004 1775 1056 1825 in

59 1849 202 1918 coelo;
229 1850 396 1910 Pater,
413 1848 620 1902 Verbum
639 1855 680 1899 et
701 1847 918 1915 Spiritus
932 1848 1058 1900 San-

62 1932 187 1985 ctus‚·
208 1930 251 1975 et
284 1923 335 1975 hi
362 1930 457 1975 tres
485 1937 640 1974 urium
666 1930 797 1973 stmt.
833 1921 1057 1974 Realiter

61 2013 203 2066 ergo,
223 2004 273 2049 et
297 2013 396 2049 non
427 1998 634 2048 nomine
659 2002 860 2047 tantum
883 1995 1051 2056 Pater,

22 2138 25 2141 .
62 2071 287 2127 Verbum
316 2078 366 2123 et
406 2070 625 2139 Spiritus
662 2069 884 2122 Sanetus
925 2071 1058 2121 inter

20 2206 26 2211 ,
66 2161 119 2199 se
145 2145 568 2213 distinguuntur3
600 2144 728 2196 alias
755 2161 858 2196 non
886 2151 1056 2196 essent

50 2227 173 2272 .tres
231 2225 408 2280 testeS,
470 2219 559 2271 sed
622 2234 759 2270 unus
821 2225 1053 2282 tantum3

67 2292 201 2363 quod
229 2307 375 2346 sacro
399 2294 561 2345 textui
591 2299 925 2362 repugnaret:
957 2309 1059 2344 una

34 2374 242 2420 *autem
282 2368 438 2420 trium
478 2383 811 2435 personarum
836 2368 1058 2419 essentia

73 2442 319 2494 asseritur
358 2442 480 2493 dum
521 2441 750 2493 additur.-
806 2449 847 2492 et
889 2441 941 2492 Izi
965 2449 1060 2492 tres

17 2506 34 2573 ἶ
71 2531 228 2568 unum
267 2523 399 2567 stmt.
444 2514 620 2583 Neque
660 2515 709 2566 id
768 2514 932 2566 solum
999 2515 1061 2565 de

39 2607 43 2611 ·
71 2590 261 2642 unione
283 2588 462 2642 morali
493 2589 708 2657 intelligi
732 2595 915 2656 potest3
943 2604 1061 2640 nam

73 2665 115 2716 si
161 2679 263 2716 una
320 2663 602 2732 eademque
667 2679 767 2714 non
827 2669 961 2715 esset
1011 2664 1061 2714 in

73 2736 240 2791 Verbo
267 2743 318 2788 et
344 2736 533 2804 Spiritu
555 2737 743 2789 Sancto
765 2737 986 2789 essentia
1004 2753 1065 2788 ae

78 2818 283 2871 natura,
320 2810 480 2862 Filius
508 2818 558 2862 et
584 2810 803 2878 Spiritus
840 2809 1064 2863 Sanctus

23 2911 36 2927 ··
76 2885 280 2937 infinito·
314 2884 588 2936 intervallo
628 2885 878 2936 distarent
916 2901 943 2936 a
973 2884 1066 2936 Pa-

23 2955 40 2989 '‘·
77 2964 155 3011 tre
181 3000 194 3020 ,
261 2964 314 3010 et
361 2965 500 3010 certe
550 2973 815 3026 nunquam
856 2957 918 3008 de
958 2959 1019 3009 iis
1052 2999 1063 3019 ‚

22 3038 209 3101 ,Jss-quae
248 3033 462 3085 inter-se
487 3031 687 3083 infinite
716 3031 927 3087 distant.
972 3032 1068 3083 dici

23 3102 53 3170 1¹}
79 3112 267 3175 posset:
340 3122 496 3158 unum
558 3112 690 3166 sunt,
741 3103 1069 3174 quemadmo-

31 3179 60 3194 με

25 3195 38 3214 vt

42 3214 51 3226 ι

25 3273 51 3301 Q.

20 3320 47 3352 du

0 3598 14 3613 ,ν
143 3572 177 3618 2)
203 3575 220 3608 1
241 3575 304 3619 Ep.
330 3573 364 3619 1,
387 3575 420 3612 2.

62 3180 200 3232 -dum
246 3181 438 3249 absque
496 3194 729 3232 summae
794 3179 1070 3247 impietatis

54 3259 201 3311 ‚nota
255 3254 318 3306 de
357 3254 463 3306 Deo
521 3260 573 3306 et
622 3253 684 3305 de
724 3253 922 3306 duobus
970 3254 1073 3304 An-

23 3349 53 3378 ,-:
83 3326 213 3394 gelis
250 3327 349 3380 dici
389 3343 491 3380 non
531 3333 723 3407 posset:
765 3334 808 3379 et
872 3326 924 3379 hi
972 3329 1073 3380 tres

2 3443 3 3446 ,
60 3415 240 3452 ¹uittam
276 3408 408 3454 sunt.

125 3527 181 3617 ξι)
204 3529 306 3564 nom
333 3530 368 3572 3,
391 3530 448 3576 ao,
472 3533 563 3578 epu.
583 3533 618 3577 4,
641 3531 674 3570 δ.

775 3575 827 3621 (s)
850 3576 866 3612 1
890 3576 954 3621 Ep.
979 3576 1013 3612 5.
1039 3574 1072 3611 7.

689 213 806 252 rans
843 214 879 252 ι.
922 190 1088 252 saci-io
1127 213 1182 251 ιι.
1226 212 1379 250 CAPUT
1415 213 1450 248 1.

1176 293 1326 347 Nota.
1389 290 1725 360 Argumentis
1778 290 1978 346 biblicis
2015 308 2096 347 se-

1104 368 1317 437 quentia
1356 362 1690 419 obiicimitur:

1179 441 1286 495 obi.
1334 441 1418 495 4⁸.
1458 434 1591 493 Gen.
1637 439 1700 502 t,
1744 437 1815 491 26
1853 437 1994 491 Deus
2039 454 2097 492 u-

1110 517 1235 568 titur
1274 514 1459 584 plurali
1489 529 1705 567 numero
1732 512 1797 565 ad
1825 513 2100 582 designan-

1108 590 1225 641 dam
1263 604 1410 642 suam
1475 589 1819 649 maiestatem,
1862 594 1921 640 ut
1962 586 2101 656 prin-

1108 665 1245 732 cipes
1284 664 1453 715 facere
1501 662 1688 726 solent3
1739 660 1822 713 vel
1875 659 2101 729 Angelos

1109 738 1408 807 alloquitur,
1451 752 1579 805 quos
1618 737 1720 790 iam
1771 740 1914 790 ante'
1940 735 2100 789 homi·

1109 827 1224 863 nem
1254 818 1544 863 creaverat.

1182 885 1326 953 Resp.
1370 883 1478 937 Mos
1506 883 1570 936 ad
1599 882 1974 951 designandam
2001 899 2108 936 ma·
2159 930 2167 934 ,

1111 960 1343 1012 iestatem
1374 960 1425 1010 in
1454 974 1668 1011 numero
1691 957 1874 1026 plurali
1899 958 2106 1027 loquen-

1111 1034 1159 1084 di
1215 1034 1451 1086 insolitus
1492 1040 1601 1085 crat
1642 1033 1777 1100 apud
1818 1030 2101 1086 Hebraeos

1112 1108 1276 1175 Reges
1316 1109 1469 1160 etiam
1512 1107 1910 1160 ambitiosissimi
1952 1107 2014 1160 de
2054 1123 2109 1160 se

1115 1198 1328 1234 numero
1393 1182 1644 1249 singulari
1705 1180 1972 1249 loquentes
2036 1182 2110 1233 in-

1115 1257 1477 1315 troducuntur,
1523 1262 1580 1308 ut
1627 1254 1826 1307 Pharao
1866 1252 1967 1326 (lt),
2010 1255 2114 1308 Na·

1115 1330 1473 1382 btteltodonosor
1490 1327 1589 1400 (ὅ),
1609 1329 1738 1381 Dari
1745 1345 1798 1380 ets
1817 1328 2112 1400 (6).Recen·

1118 1405 1330 1457 tioribus
1371 1404 1688 1472 temporibus
1715 1403 1978 1471 Principes
2000 1404 2111 1473 plu-

1117 1478 1211 1530 rali
1255 1494 1468 1531 numero
1499 1478 1654 1531 locuti
1684 1484 1824 1539 sunt,
1869 1484 1927 1530 ut
1979 1478 2110 1530 indi-

1117 1559 1255 1615 cent,
1299 1570 1352 1605 se
1382 1569 1483 1605 non
1512 1568 1658 1605 suam
1691 1558 1894 1604 tantum
1922 1551 2111 1605 volun-

1120 1634 1297 1688 tatem,
1341 1627 1431 1678 sed
1473 1633 1523 1678 et
1549 1627 1857 1697 optimatum
1898 1627 2114 1682 consilia

1118 1702 1281 1769 sequi.
1327 1700 1640 1766 Nullatenus
1679 1707 1854 1752 autem
1884 1700 1982 1752 dici
2026 1717 2114 1769 po-

1119 1774 1648 1842 test‚DeumAngelos
1670 1774 1956 1826 allocutum
1978 1790 2111 1838 esse,

1119 1849 1237 1917 quia
1266 1849 1328 1900 de
1369 1848 1582 1916 Angelis
1624 1847 1766 1901 nulla
1806 1849 1999 1901 mentio
2029 1865 2112 1901 oc-

1119 1923 1300 1983 currit,
1345 1924 1462 1990 quia
1522 1922 1710 1990 ubique
1765 1922 1958 1974 creatio
2019 1923 2113 1976 soli

1119 1997 1224 2048 Deo
1252 1996 1582 2057 adscribitur,
1627 2003 1678 2048 et
1704 1995 1894 2048 ibidem
1919 1996 1972 2048 in
2002 2013 2116 2067 spe·

1119 2072 1194 2122 cie
1236 2070 1441 2123 dicitur:
1486 2073 1667 2123 creavit
1704 2070 1836 2123 Deus
1875 2070 2118 2123 hominem

1120 2146 1183 2196 ad
1212 2145 1473 2214 imaqinem
1495 2160 1664 2206 suarm
1706 2151 1757 2196 et
1778 2145 1896 2214 quia
1926 2161 2118 2214 nequa-

1121 2235 1274 2288 quam
1317 2234 1419 2272 una
1459 2226 1537 2272 est
1575 2218 1667 2271 Dei
1709 2225 1761 2272 et
1799 2218 2120 2287 Angelorum

1123 2295 1310 2359 imago,

1198 2366 1304 2420 Obi.
1353 2369 1437 2418 9⁸.
1497 2365 1650 2419 Fides
1695 2367 1746 2418 in
1815 2367 2122 2436 mysterium

1123 2441 1385 2493 Trinitatis
1445 2442 1515 2493 ita
1581 2441 1805 2510 pertinet
1844 2441 1909 2493 ad
1951 2441 2012 2493 N.
2058 2441 2116 2494 T.
2167 2501 2170 2506 ¹
2252 2446 2262 2453 “

1126 2523 1182 2567 ut
1224 2516 1364 2567 nulla
1395 2515 1506 2566 eius
1552 2514 1801 2567 revelatio
1841 2515 1892 2566 in
1937 2514 2001 2570 V.
2058 2514 2116 2568 T.

1125 2589 1328 2641 admitti
1371 2589 1549 2657 possit.

1198 2663 1337 2731 Resp.
1383 2661 1654 2715 Conclusio
1694 2661 1822 2714 haec
1850 2661 1979 2715 falsa
2019 2668 2120 2725 est,

1126 2738 1245 2807 quia
1285 2737 1424 2789 clara
1471 2737 1592 2788 dicti
1651 2736 1885 2806 mysterii
1925 2736 2125 2789 revela·

1130 2814 1198 2864 tio
1223 2811 1557 2863 nihilominus
1585 2827 1716 2862 novo
1744 2809 1959 2863 Foederi
1987 2826 2126 2864 com-

1131 2887 1276 2954 petit,
1320 2886 1556 2954 quamvis
1609 2885 1658 2936 in
1701 2883 1764 2938 V.
1821 2883 1878 2957 T..
1925 2885 2124 2938 divina-

1130 2976 1245 3011 rum
1296 2959 1643 3012 Personarum
1696 2957 1965 3025 pluralitas
2031 2975 2124 3012 va·

1133 3034 1220 3085 riis
1258 3034 1422 3085 modis
1488 3032 1757 3099 indigitata
1824 3032 1995 3085 suerit.
2064 3033 2128 3085 Et

1132 3123 1256 3159 sane
1295 3107 1410 3159 Gal.
1456 3106 1510 3164 5,
1543 3106 1614 3157 24
1642 3105 1850 3159 dicitur:
1896 3106 1974 3159 lea:
2007 3123 2128 3176 paen

1133 3182 1343 3250 doyoqus
1382 3187 1544 3232 noster
1581 3180 1682 3247 fuit
1719 3180 1773 3232 -ἰη
1801 3178 2024 3242 Christo;
2078 3188 2130 3232 et

1133 3253 1241 3306 Col.
1286 3257 1341 3315 ᾖ,
1388 3254 1475 3306 17:
1511 3255 1590 3306 leae
1627 3253 1801 3306 umbra
1839 3255 2128 3322 futurorum

1136 3334 1368 3381 vocatur.
1412 3326 1523 3380 Non
1566 3343 1688 3396 ergo
1747 3335 2021 3397 repugnat,
2072 3334 2130 3380 ut

1135 3402 1357 3464 dicatur,
1400 3400 1662 3457 Trinitatis
1700 3418 1904 3473 quoque
1938 3408 2127 3471 myste-

1182 3530 1231 3575 (4)
1256 3532 1319 3566 Ex.
1346 3530 1381 3573 5,
1406 3531 1460 3569 ιι.

1180 3576 1231 3622 (ὅ)
1256 3577 1344 3611 Dan.
1369 3575 1406 3620 4,
1841 3574 1891 3618 (6)
1918 3573 2024 3609 Esdr.
2045 3570 2081 3608 6.
2103 3615 2106 3617 ¹
