2332 3860
304 112 374 164 62

230 208 408 276 igitur,
439 216 496 264 ut
522 210 652 280 haec
690 229 846 282 opera
886 213 1058 265 divina
1088 212 1222 264 indi-

230 289 346 336 cato
385 279 565 337 ordine
603 293 1004 355 pertractentur.
1031 285 1222 339 Ultimo

232 354 602 411 declarandum
627 367 725 422 est,
756 360 1010 429 quomodo
1049 378 1079 412 a
1122 360 1223 413 Deo

233 429 336 485 uno
375 439 428 485 et
477 435 612 486 tiino
650 437 823 487 omnia
863 450 1223 487 consummen-

234 512 340 568 tur,
371 513 423 560 et
447 507 512 559 ad
541 507 671 562 fines
698 525 819 561 suos
846 508 1219 577 perducantur3

232 580 366 648 quod
407 581 614 652 quidem
634 584 770 635 eirca
792 583 1024 635 homines
1051 582 1108 634 fit
1136 597 1225 651 per

235 652 515 716 iudicium,
562 657 1034 709 remunerationem
1073 657 1226 708 bono-

234 743 370 789 rum,
401 736 453 780 et
479 732 799 798 punitionem
837 731 1129 799 impiorum.
1157 760 1223 767 —

233 801 384 854 Hunc
424 820 536 855 esse
567 805 856 871 legitimum
883 805 1117 856 ordinem
1143 820 1229 855 ve·

237 879 415 929 ritates
447 877 727 943 Religionis
753 878 1064 931 christianae
1086 877 1227 930 theo-

235 952 422 1004 reticas
452 954 828 1019 pertractandi,
856 960 994 1019 patet
1015 968 1080 1003 ex
1108 951 1228 1019 ipsis

234 1025 513 1094 symbol-is,
556 1026 849 1094 Apostolico
885 1034 935 1078 ct
985 1025 1231 1078 Nicaeno-

237 1099 459 1160 ortano,
501 1100 552 1151 in
593 1101 778 1168 quibus
807 1101 944 1152 circa
984 1098 1230 1151 articulos

236 1172 355 1225 fidei
383 1173 519 1224 idem
558 1174 663 1226 fere
704 1174 827 1227 ordo
856 1174 1082 1226 breviter
1121 1173 1230 1242 qui-

238 1247 375 1308 dem,
407 1247 495 1299 sed
525 1249 650 1300 satis
676 1248 815 1300 clare
842 1247 1095 1299 innuitur.

311 1321 364 1372 2.
381 1319 533 1373 quta
546 1322 785 1375 traditam
802 1322 1053 1374 theoriam
1069 1320 1231 1372 Theo·

236 1394 374 1462 logia
411 1395 866 1449 theoretica'recte
914 1397 963 1448 in
1006 1395 1231 1463 quinque

238 1475 411 1537 partes
438 1469 703 1522 dividitur.

313 1541 438 1595 Pars
464 1543 484 1595 1
514 1545 620 1611 agit
647 1544 702 1595 de
723 1543 822 1595 Deo
851 1545 902 1596 in
930 1559 979 1595 se
1006 1549 1227 1610 spectata,

242 1631 428 1685 nempe
470 1618 532 1670 de
573 1617 678 1669 Deo
721 1634 823 1669 uno
863 1625 915 1669 et
956 1618 1110 1677 trin0‚
1142 1631 1231 1667 seu

240 1689 302 1742 de
323 1691 585 1746 attributis
607 1691 796 1744 divinis
825 1691 958 1743 etde
986 1690 1234 1759 mysterio

240 1763 527 1817 [trinitatis.

670 131 989 169 INTRODUCTiO
1027 132 1077 168 IN
1114 129 1427 169 THEOLOGIAM
1453 132 1810 189 THEORE‘HCAM.

1355 212 1480 265 Pars
1520 212 1564 265 ΙΙ
1603 214 1711 282 agit
1749 213 1804 265 de
1838 212 2015 264 Deoia
2033 212 2268 273 relatione

1284 287 1348 339 ad
1397 286 1687 339 Universum
1714 287 2032 347 considerate,
2074 284 2272 349 scilicet

1285 361 1347 412 de
1387 360 1493 412 Deo
1532 359 1795 422 Creatore,
1820 361 2196 414 Conservatore
2222 364 2272 410 et

1286 433 1644 487 Gubernatore
1677 476 1688 494 ‚
1756 450 1848 487 seu
1902 435 1965 485 de
2004 432 2274 485 Creatione

1285 508 1484 569 muudi,
1527 505 1846 574 Angelorum
1891 514 1943 559 et
1981 507 2270 567 hominum,

1285 598 1347 635 ac
1387 582 1449 633 de
1491 581 1664 633 divina
1707 580 2052 632 Providentia.

1360 655 1485 707 Pars
1512 654 1578 706 ΙΙΙ
1616 655 1723 722 agit
1743 655 1798 707 de
1821 654 1918 705 Deo
1949 652 2071 721 lapsi
2091 653 2279 720 qeneris

1288 730 1493 782 himzani
1531 728 1867 797 Redemptor-e,
1896 743 2079 795 nempe
2107 727 2170 778 de
2197 726 2280 778 ln-

1289 804 1589 856 carnatione
1618 802 1731 854 Filii
1766 802 1879 864 Dei,
1906 808 1958 853 et
1987 801 2048 853 de
2073 808 2279 869 peracta

1291 893 1380 946 per
1407 877 1573 944 ipsum
1604 876 1992 944 Redemptione.

1365 950 1488 1006 Pars
1527 949 1592 1003 lV
1619 950 1740 1017 agit
1791 952 1847 1001 de
1887 950 1985 1002 Deo
2027 947 2282 1000 hominum

1290 1024 1663 1093 Sanctificacore
1703 1039 1790 1091 per
1829 1023 2085 1091 gratiam,
2136 1022 2283 1073 cuius

1294 1106 1498 1158 natura,
1542 1099 1867 1166 operationes
1895 1103 1946 1149 et
1974 1098 2285 1149 instrumen-

1293 1179 1383 1233 ta,
1440 1171 1638 1224 scilicet
1687 1171 2025 1226 Sacramenta
2058 1210 2071 1232 ,
2127 1184 2282 1237 expo-

1295 1252 1508 1298 nuntur.

1366 1320 1490 1372 Pars
1517 1319 1560 1373 V
1589 1320 1695 1386 agit
1721 1319 1776 1371 de
1802 1319 1899 1373 Deo
1927 1318 2150 1370 omnium
2177 1332 2287 1369 con·

1293 1401 1607 1457 summalore;
1636 1394 1720 1445 ubi
1743 1394 1966 1461 primum
1989 1392 2196 1444 decreta
2215 1390 2288 1441 di-

1298 1470 1434 1529 vina,
1463 1468 1738 1535 praecipue
1759 1467 2028 1519 hominum
2048 1480 2288 1518 consum-

1294 1543 1574 1594 mationem
1613 1541 1979 1593 concernentia
2019 1539 2288 1592 declaran-

1296 1623 1414 1678 tur3
1459 1623 1509 1667 et
1569 1614 1685 1666 dein
1728 1615 2059 1666 decretorum
2098 1629 2288 1665 execu-

1299 1690 1364 1741 tio
1395 1690 1724 1755 intempore,
1775 1695 1827 1741 ct
1872 1690 1923 1741 in
1979 1688 2288 1741 aeternitate

1297 1763 1608 1815 ostenditur.
