2332 3860
203 202 310 252 57⁶2

130 373 328 426 Christo
366 373 625 426 scribens:
682 370 860 424 Omnia
920 370 1119 424 subiecit

129 445 308 516 (Deus)
360 447 447 499 sub
480 446 680 516 pedibus
717 449 843 507 eius,
880 453 922 497 et
961 447 1118 513 ipsum

129 520 258 573 dedit
296 530 439 589 caput
466 536 611 589 super
637 535 829 572 omnem
856 518 1118 587 Ecclesiam

128 610 249 660 quae
287 603 354 647 est
402 610 576 664 corpus
631 595 783 663 ipsius
828 592 926 663 (1)‚·
965 598 1016 645 et
1053 593 1117 644 ad

126 667 320 720 Colos:
362 668 427 720 Ει
469 671 567 738 ipse
610 677 677 721 est
715 675 856 736 caput
903 668 1118 736 corporis

127 741 366 794 Ecclesiae
421 741 518 812 (Q).
579 772 647 784 ·—
690 741 939 805 Quoniam
997 757 1118 807 ergo

127 814 360 870 Christus
387 824 466 868 est
503 832 801 885 supremum
861 815 1117 868 Ecclesiae

126 905 154 941 a
194 905 248 942 se
289 891 552 942 institutae
605 897 777 958 caput,
840 891 989 958 plena
1038 906 1120 958 po-

129 970 312 1016 testate
354 964 568 1017 eandem
599 964 807 1031 regendi
833 965 1117 1033 praeditum

127 1039 206 1090 cui
247 1039 417 1090 omnia
458 1039 594 1090 illius
646 1039 873 1091 membra
927 1054 982 1091 se
1034 1055 1117 1090 su-

127 1112 315 1165 biicere
379 1118 656 1177 tenentur3
718 1114 887 1165 omnia
947 1114 1118 1179 regiae

127 1185 388 1254 dignitatis
427 1187 669 1254 requisita
710 1187 760 1239 iu
801 1185 1001 1239 Christo
1044 1190 1119 1238 in·

128 1262 424 1321 veniuntur,
469 1261 736 1330 ipsumque
772 1277 935 1314 verum
963 1277 1118 1329 reqem

127 1350 237 1387 esse
277 1334 499 1387 dubitari
540 1351 641 1387 non
675 1342 859 1403 potest.

521 1457 559 1516 ς
593 1457 728 1503 zsn.

272 1546 494 1583 uem-istus
519 1548 595 1582 Rex
620 1547 959 1584 excellentissimus.

196 1629 427 1684 Christus
467 1632 748 1684 rectissime
791 1632 997 1684 dicitur:
1035 1649 1117 1684 ex-

127 1705 275 1757 celsus
309 1722 432 1774 prae
463 1706 653 1773 reqibus
694 1715 849 1759 terrae
878 1706 980 1777 (5);
1009 1709 1116 1759 sive

127 1780 261 1831 enim
301 1781 404 1832 eius
461 1781 715 1842 attributa,
784 1782 894 1833 sive
960 1782 1117 1848 ipsius

126 1854 290 1921 regni,
334 1855 465 1922 quod
506 1856 780 1921 gubernat,
824 1856 1112 1923 amplificem,

127 1928 320 1980 duratio
348 1935 399 1980 et
428 1930 540 1997 finis
570 1929 939 1986 consideretur.
974 1930 1117 1981 facile

130 2008 290 2070 patet,
341 2004 620 2070 ipsummet
659 2019 836 2055 omnes
878 2019 1022 2071 reges
1069 2012 1117 2056 et

130 2075 386 2143 principes
429 2084 593 2129 terrae
634 2076 928 2146 longissime
979 2085 1119 2131 ante·

127 2149 333 2202 cellere.

205 2224 256 2276 1.
300 2223 548 2276 Attribuca
572 2226 889 2278 terrestrium
919 2241 1117 2293 regum,

130 2299 364 2366 quamvis
405 2298 643 2351 hincinde
708 2316 809 2351 non
867 2301 1117 2352 immerito

132 2372 331 2439 magnis
373 2371 607 2424 laudibus
635 2374 970 2435 extollantur,
1001 2390 1115 2426 cum

130 2444 340 2499 infinitis
364 2454 531 2498 tamen
558 2447 949 2514 perfectionibus
977 2446 1117 2500 Chri-

130 2520 194 2572 sti
257 2520 346 2573 Dei
412 2521 629 2574 hominis
693 2523 974 2590 comparari
1018 2539 1115 2574 non

134 2601 365 2662 possunt.
411 2594 574 2658 Reges
615 2597 753 2648 enim
794 2603 961 2648 terrae
1010 2597 1118 2648 loco

132 2669 622 2722 circumscribuntur
641 2671 995 2738 maximaeque
1009 2687 1121 2722 suo-

131 2757 247 2793 rum
285 2743 605 2795 subditorum
636 2746 761 2812 parti
795 2746 992 2796 nonnisi
1017 2761 1119 2796 mo·

134 2814 308 2868 raliter
350 2832 438 2884 per
478 2819 736 2870 ministros
776 2819 984 2880 adsunt,
1045 2826 1121 2870 at-

135 2905 231 2958 que
269 2906 467 2952 eorum,
511 2908 640 2960 quae
678 2893 742 2944 ab
785 2892 860 2944 his
908 2898 958 2943 et
1023 2893 1121 2944 illis

139 2972 467 3030 peraguntur,
484 2966 697 3033 plurima
716 2966 971 3030 ignorant.
985 2964 1122 3017 Chri·

137 3044 246 3088 stus
285 3045 454 3090 autem
503 3041 736 3107 quamvis
799 3056 894 3091 non
956 3041 1118 3108 quoad

139 3110 530 3173 humanitatem,
600 3120 770 3165 tamen
839 3115 1122 3165 secundum

139 3185 456 3236 divinitatem
495 3185 762 3239 immensus
818 3194 869 3239 et
935 3188 1121 3257 ubique

141 3274 381 3327 praesens
419 3266 515 3319 est,
559 3267 610 3312 et
665 3277 782 3313 cum
841 3262 906 3314 sit
968 3263 1122 3315 omni-

138 3333 286 3393 scius,
328 3347 388 3384 ao
414 3339 671 3386 scrutetur
693 3351 841 3387 renes
868 3342 916 3388 et
946 3338 1117 3398 corda,

139 3422 239 3458 non
279 3405 445 3458 solum
485 3413 724 3459 externas
750 3410 996 3469 actiones,
1033 3411 1120 3462 sed

187 3535 237 3579 (1)
260 3537 343 3580 cap.
369 3537 403 3578 1,
427 3535 484 3574 22.
509 3542 576 3571 etc.

774 3539 826 3581 (2)
850 3539 929 3582 Cap.
944 3540 975 3580 1,
1002 3539 1044 3575 18

184 3580 235 3624 (3)
258 3582 300 3615 ln
322 3581 462 3617 Psalmo
484 3580 541 3622 88,
569 3592 598 3616 iu
626 3580 681 3616 28.

772 3584 824 3628 (4)
848 3584 948 3620 toan.
972 3585 1004 3627 ⁶,
1029 3584 1087 3621 44.

545 215 607 254 nr:
646 215 738 254 nno
775 214 912 253 narsi
950 211 1139 252 numm
1177 213 1379 254 cennius
1417 211 1752 254 annumerem.
2115 266 2118 267 ⁷
2173 255 2177 261 ,

131 279 261 368 huod
300 297 449 351 docet
481 296 676 351 Paulus
714 297 779 351 ad
819 297 1004 367 Ephes.
1057 296 1118 348 de
1144 303 1155 346 l
1180 297 1335 348 etiam
1372 297 1601 352 internas
1657 297 1989 366 cogitationes
2049 284 2166 352 suti»

1180 369 1401 423 ditorum
1440 387 1648 425 suorum
1689 372 2168 441 perfectissimam-

1179 445 1397 512 gnoscit.
1440 475 1512 484 ——
1543 445 1707 515 Reges
1745 453 1913 499 terrae
1950 454 2166 516 quanta·

1180 534 1382 588 cunque
1433 522 1655 586 potentia
1724 521 1938 582 praediti
2005 521 2166 574 multa

1181 599 1351 645 tamen
1394 591 1595 646 efficere
1636 601 1916 663 nequeunt,
1985 594 2048 647 ad
2113 610 2167 646 o-

1181 683 1300 735 pera
1341 683 1432 719 sua
1475 667 1781 735 perficienda
1819 669 2036 721 aliorum
2076 683 2167 720 au-

1180 741 1317 793 xiliis
1357 741 1607 809 indigent,
1652 743 1978 812 ipsorumque
2032 742 2167 794 vires

1179 815 1243 867 ab
1281 815 1394 867 aliis
1442 816 1666 868 hebetari
1730 824 1959 884 possunt.
2022 814 2165 869 Chri-

1179 896 1290 941 stus
1329 896 1503 942 autem
1541 891 1836 958 omnipotens
1875 898 1971 952 est,
2016 891 2067 942 in
2115 907 2168 942 a·

1183 965 1344 1016 nimos
1384 981 1583 1033 quoque
1605 965 1867 1016 hominum
1891 965 2169 1033 potentiam

1179 1054 1324 1090 suam
1366 1042 1549 1097 exerit,
1594 1055 1719 1107 quos
1757 1040 1820 1091 ad
1868 1055 1923 1091 se
1978 1038 2165 1098 trahit,

1181 1111 1256 1182 (li)
1286 1119 1336 1164 et
1377 1114 1425 1164 in
1468 1113 1651 1182 quibus
1679 1120 1920 1181 operatur
1956 1111 2087 1165 velle
2120 1119 2172 1164 et

1183 1186 1424 1253 perficere
1479 1186 1554 1257 (5)
1594 1228 1606 1245 ,
1674 1193 1826 1256 atque
1890 1186 2171 1239 Ecclesiam

1180 1276 1325 1312 suam
1366 1262 1435 1313 ita
1469 1268 1749 1328 sustentat,
1791 1268 1846 1313 ut
1886 1267 2063 1329 portae
2101 1261 2173 1312 in-

1182 1334 1270 1386 feri
1321 1351 1420 1387 non
1481 1336 1671 1403 possint
1734 1337 2030 1403 praevalere
2083 1335 2172 1386 ad-

1183 1424 1360 1460 versus
1400 1425 1509 1461 eam
1542 1407 1638 1479 (6).
1682 1439 1756 1448 —
1794 1409 1957 1477 Reges
1985 1417 2171 1472 terrae,

1180 1484 1413 1551 quamvis
1452 1484 1625 1535 multis
1666 1483 1963 1536 consiliariis
2023 1489 2172 1535 utan-

1183 1565 1281 1618 tur,
1326 1574 1356 1609 a
1394 1559 1639 1625 sapientia
1670 1558 1887 1609 deficere
1914 1565 1965 1610 et
2000 1558 2171 1610 carnis

1182 1631 1503 1698 prudentiam
1546 1633 1686 1701 sequi
1731 1639 1967 1699 possunt;
1997 1639 2048 1684 et
2071 1647 2171 1683 non

1181 1722 1293 1757 raro
1333 1707 1602 1771 contingit,
1648 1714 1703 1758 ut
1723 1706 1933 1758 consilia
1961 1722 2054 1758 sua
2088 1722 2171 1757 sa-

1183 1781 1490 1846 pientissime
1512 1782 1636 1832 inita
1668 1780 2032 1833 >deficientibus
2070 1795 2173 1831 me-

1180 1855 1293 1914 diis,
1337 1862 1427 1906 aut
1467 1855 1787 1907 obstantibus
1839 1855 2171 1923 impedimen·

1182 1930 1244 1980 tis
1283 1931 1465 1997 exequi
1509 1945 1607 1981 non
1660 1929 1882 1981 valeant.
1941 1927 2172 1980 Christus

1179 2010 1351 2055 autem
1393 2003 1591 2055 infinita
1631 2003 1717 2054 illa
1756 2003 2003 2071 Sapientia
2069 2010 2166 2061 est,

1179 2094 1309 2145 quae
1342 2078 1546 2145 allinqz't
1585 2093 1613 2128 a
1651 2077 1744 2146 fine
1786 2092 1934 2144 usqae
1997 2076 2060 2127 ad
2118 2076 2173 2144 fi·

1179 2168 1287 2202 nem
1351 2153 1572 2218 fortiter,
1638 2158 1679 2201 el
1738 2151 1945 2218 disponit
2010 2152 2172 2201 omnia

1179 2229 1392 2277 suaviter
1431 2225 1538 2294 (7);
1585 2225 1710 2276 haec
1750 2225 1928 2292 impios
1991 2223 2172 2275 adver·

1180 2301 1427 2350 sariorum
1451 2304 1664 2350 conatus
1691 2298 1870 2359 eludit,
1895 2295 2167 2366 efficitque,

1182 2381 1235 2425 ut
1276 2373 1414 2425 dirae
1458 2374 1856 2440 persecutiones,
1900 2388 2030 2441 quae
2077 2371 2169 2424 Ec·

1181 2447 1389 2499 alesiam
1453 2449 1709 2514 extirpare
1767 2447 2042 2512 deberent,
2105 2444 2169 2498 ad

1182 2522 1410 2574 eiusdem
1436 2527 1770 2585 augmentum
1802 2522 2024 2572 maxime
2051 2535 2170 2571 con·

1182 2596 1364 2647 ferant.
1401 2625 1469 2635 --
1496 2595 1725 2664 Denique
1767 2609 1913 2663 reges
1954 2601 2120 2645 terrae
2153 2633 2165 2654 ,

1181 2671 1434 2738 quamvis
1475 2669 1709 2721 hincinde
1750 2685 1840 2736 per
1897 2666 2170 2735 splendida

1182 2745 1314 2795 dona
1355 2744 1631 2795 bonitatem
1672 2758 1818 2794 suam
1879 2747 2169 2795 contesten-

1185 2825 1284 2879 tur,
1329 2825 1558 2870 attamen
1602 2833 1700 2869 non
1755 2832 1930 2869 omnes
1990 2818 2170 2867 iuvare

1186 2900 1414 2959 possunt,
1464 2899 1511 2944 et
1563 2907 1821 2959 persaepe,
1884 2890 2017 2959 quod
2083 2889 2168 2940 uni

1184 2967 1435 3026 tribuunt,
1479 2966 1627 3018 alteri
1655 2965 1957 3018 subtrahere
1978 2978 2169 3029 cogun-

1185 3047 1284 3092 tur.
1330 3040 1561 3092 Christus
1600 3047 1794 3100 autem,
1838 3039 1979 3090 cuius
2029 3037 2169 3088 mise·

1183 3115 1404 3166 ricordia
1462 3114 1607 3182 ple-na
1660 3122 1728 3165 est
1787 3121 1918 3164 terra
1976 3108 2073 3181 (8),
2117 3116 2169 3161 et

1183 3189 1422 3240 bonitatis
1462 3188 1688 3239 infinitus
1734 3193 1811 3239 est
1871 3185 2164 3244 thesaurus,

1185 3278 1282 3313 non
1324 3262 1490 3314 solum
1529 3262 1660 3313 dona
1699 3277 1811 3320 sua,
1855 3257 1942 3310 sed
1983 3264 2036 3310 et
2092 3273 2169 3308 se-

1183 3337 1349 3405 ipsum
1412 3335 1702 3388 hominibus
1768 3331 1980 3396 tribuit3
2025 3346 2164 3393 nam,

1186 3429 1212 3459 «
1249 3425 1302 3462 se
1344 3425 1560 3462 nascens
1598 3409 1736 3463 dedit
1773 3406 1990 3467 socium,
2051 3420 2169 3458 con·

1735 3537 1784 3579 (oi
1812 3535 1936 3572 Matth.
1963 3535 2022 3578 18,
2046 3533 2098 3572 18.

1243 3540 1264 3575 s
1302 3540 1389 3574 vnn.
1404 3539 1436 3580 2,
1462 3539 1517 3575 13.

1225 3539 1279 3629 ἔτί
1739 3580 1791 3625 (s)
1813 3579 1943 3617 enan.
1965 3578 2021 3626 ει,
2046 3579 2078 3616 ε.

1297 3585 1380 3627 Sap.
1401 3583 1438 3616 8.
1461 3583 1493 3618 1.
