2332 3860
318 126 424 180 172

241 221 605 291 mulieresqui
645 226 756 275 erat
807 238 873 276 ex
912 222 1018 275 Deo
1078 221 1228 274 Patre

237 297 444 365 genitus
457 312 530 348 -ex
546 303 691 349 utero
706 303 826 348 ante
853 296 1161 349 Luciferum.
1197 314 1224 346 »

241 371 421 428 Patres
458 369 640 438 Synodi
671 368 1000 423 Antiochenae
1046 367 1122 440 (l)
1166 370 1227 422 de

239 443 443 499 Christo
507 445 716 497 dicunt:
766 464 793 493 α
842 445 992 496 Hunc
1053 450 1227 496 autem

238 516 430 572 Filium
458 519 868 586 unigenitum...
914 518 1141 571 Verbum
1168 533 1228 570 ac

239 593 486 645 virtutem
523 592 614 644 Dei
678 599 799 644 ante
857 592 1063 644 saecula
1129 608 1228 644 non

243 666 660 734 praecognitione
699 666 789 718 sed
829 666 1111 718 substantia
1179 672 1229 718 et

242 741 503 809 hypostasi
544 739 730 800 Deum,
764 755 879 792 cum
903 740 953 792 in
978 739 1042 793 V.
1074 746 1125 791 et
1162 739 1222 791 N.

242 813 380 867 Test.
409 815 824 880 cognoverimuS‚
845 814 1151 865 confitemur
1179 820 1229 865 et

242 888 618 956 praedicamus.
651 907 673 935 »
718 887 776 940 S.
809 887 952 939 Felix
973 887 1032 939 R.
1060 887 1117 940 P.
1152 885 1228 958 (2)

239 962 416 1014 scribit
469 961 531 1012 de
584 960 830 1014 Christo:
871 981 896 1009 «
942 960 1069 1012 Cum
1119 977 1228 1029 per-

238 1035 403 1088 fectus
442 1034 580 1087 Deus
621 1042 777 1096 esset,
835 1035 999 1087 factus
1048 1042 1126 1086 est
1166 1036 1229 1086 si-

239 1109 346 1161 mul
411 1108 563 1161 homo
610 1110 867 1176 perfectus
907 1125 973 1161 ex
1020 1109 1229 1177 Virgine

238 1184 558 1235 incarnatus,
607 1204 633 1232 »

311 1255 462 1309 Nota.
507 1255 799 1309 Adversarii
842 1256 1092 1309 nonnulla
1130 1256 1229 1307 Pa-

242 1336 378 1383 trum
401 1332 861 1384 antenicaenorum
885 1331 1018 1383 dicta
1045 1332 1225 1387 citant,

245 1411 302 1456 ut
370 1405 691 1467 ostendant,
759 1421 846 1457 eos
909 1406 1231 1457 divinitatem

239 1476 426 1531 Christi
469 1495 567 1531 non
608 1479 900 1546 agnovisse.
946 1479 1044 1547 Ipsi
1095 1479 1229 1531 Peta-

239 1552 350 1604 vius
420 1549 504 1623 (5)
565 1553 927 1605 nonnullorum
994 1559 1229 1605 veterum

238 1624 556 1694 Scriptorum
598 1627 750 1678 fidem
791 1633 1082 1693 suspectam
1123 1626 1233 1678 red·

240 1698 330 1751 dit.
375 1699 566 1753 Verum
626 1700 748 1752 locis
796 1701 1006 1752 obiectis
1056 1701 1233 1753 obscu-

240 1773 461 1826 rioribus
519 1775 823 1841 opponimus
888 1775 1040 1825 citata
1124 1774 1231 1826 loca

240 1846 401 1908 clara,
446 1848 631 1914 quibus
671 1848 1004 1899 Divinitatem
1045 1846 1229 1899 Christi

242 1920 566 1987 profitentur.
630 1920 974 1973 Observamus
1033 1923 1230 1986 etiam,

242 1994 420 2046 Patres
449 2001 569 2046 ante
612 2002 817 2047 enatam
841 1995 1076 2047 haeresin
1100 1997 1231 2047 aria·

241 2083 362 2120 nam
403 2067 631 2129 liberiuS‚
688 2076 738 2121 et
779 2085 878 2122 non
920 2071 1042 2121 satis
1081 2085 1231 2121 accu-

241 2149 353 2194 rate
379 2141 578 2194 locutos
605 2158 736 2194 esse.
765 2142 995 2211 Denique
1027 2144 1233 2209 regulas

241 2215 800 2284 quasdamadiicimuffi
845 2219 1030 2285 quibus
1068 2225 1231 2269 atten-

241 2290 306 2342 tis
334 2289 647 2342 obiectiones
687 2307 753 2343 ex
782 2291 1016 2344 Patribus
1045 2293 1232 2359 petitae

240 2362 388 2416 facile
427 2364 716 2416 solvuntur.

286 2437 368 2501 ,1.
438 2437 687 2490 Hincinde
758 2438 932 2491 Patres
994 2438 1233 2490 videntur

241 2508 440 2563 Christo
491 2512 853 2564 aeternitatem
913 2513 1228 2574 abiudicare‚

239 2586 356 2652 quia
385 2584 581 2647 dicunt,
613 2586 798 2642 Filium
841 2585 930 2638 Dei
970 2603 1061 2638 seu
1108 2587 1231 2640 Ver·

239 2657 361 2710 bum
403 2675 502 2710 nou
555 2660 619 2712 ab
676 2666 907 2721 aeterno,
971 2660 1061 2712 sed
1113 2667 1232 2712 ante

243 2746 324 2783 res
365 2740 596 2785 caeteras
635 2733 791 2785 fuisse
822 2733 1098 2800 prolatum,
1142 2750 1230 2786 seu

242 2806 474 2870 genitum
502 2823 533 2859 a
561 2806 688 2869 Dec,
722 2814 777 2859 ut
807 2823 895 2874 per
923 2807 1058 2859 istud
1099 2807 1232 2860 hanc

244 2893 415 2930 terum
500 2881 894 2934 universitatem
969 2881 1230 2934 conderet.

239 2949 334 3003 Ast
361 2951 537 3004 Patres
585 2956 670 3022 qui
711 2955 782 3007 ita
817 2954 1113 3024 loquuntur,
1146 2956 1234 3008 du-

242 3023 426 3092 plicem
454 3025 604 3080 Verbi
632 3030 1018 3096 generationem
1055 3029 1232 3082 distin-

239 3105 438 3165 guunt,
484 3115 640 3152 unam
702 3103 958 3156 internam
1012 3110 1063 3156 et
1122 3120 1233 3172 pro·

242 3172 351 3239 prie
391 3171 601 3235 dictam,
645 3191 744 3243 qua
785 3176 1011 3231 Verbum
1046 3177 1111 3230 ab
1150 3193 1233 3230 ae-

242 3252 387 3298 terno
427 3252 538 3298 erat
582 3248 741 3301 veluti
807 3252 856 3302 in
910 3252 1026 3303 sinu
1068 3251 1231 3304 Patiis

243 3319 522 3402 inclusum3
553 3320 769 3373 alteram
797 3331 1088 3390 externam,
1121 3341 1227 3379 me-

286 3493 339 3540 (¹)
361 3495 405 3531 ln
427 3495 492 3540 Ep.
517 3495 563 3531 ad
585 3494 682 3533 Paul.
718 3494 855 3532 Samos.

2044 27 2058 37 t
2106 30 2138 48 ,Ι
2215 14 2223 17 -
2268 15 2291 42 J?
2311 16 2332 35 “⁷

927 141 992 179 DE
1027 139 1121 180 otto
1159 141 1211 179 ΙΝ
1247 140 1302 178 SE
1339 140 1600 180 specum.

1290 222 1627 290 taphoricam‚
1653 236 1746 274 seu
1766 221 2040 306 improprie
2067 222 2332 289 dictam&

1289 295 1491 363 quando
1532 294 1759 349 Verbum
1797 297 1944 365 quasi
2001 313 2068 349 ex
2132 297 2332 352 Pan-ei

1289 370 1423 421 foras
1463 369 1650 437 prodiit
1686 370 1766 423 in·
1781 385 1956 423 rerum
1995 372 2293 426 creatione:

1288 442 1609 510 Comparatio
1667 459 1699 495 a
1761 446 2013 497 creaturis
2075 452 2289 513 sumpta

1289 523 1383 570 est.
1423 516 1506 569 Sic
1546 518 1598 569 in
1639 516 1845 569 homine
1878 519 2057 571 existit
2090 520 2322 597 cogita?

1290 591 1379 651 tio,
1416 606 1506 643 seu
1548 590 1764 645 verbum
1807 591 1858 642 in
1899 599 2073 645 mente
2100 594 2284 645 conce-

1290 671 1455 732 ptum,
1486 665 1620 733 quod
1646 670 1819 716 tamen
1839 666 2041 733 proprie
2066 667 2294 720 verbum'·
2327 668 2332 670 ’

1289 754 1380 790 seu
1419 754 1586 790 sermo
1634 754 1734 789 non
1789 739 2118 806 appellatur,
2186 741 2284 793 nisi

1290 812 1494 880 quando
1543 812 1790 865 exterius·
1821 813 2104 879 profertur,
2148 813 2284 883 quod

1291 887 1341 937 in
1368 893 1538 938 mente
1562 886 1772 938 latebat.
1791 885 2037 939 Sichomo
2061 888 2112 939 in
2139 895 2286 941 utero
2316 939 2332 945 „

1291 961 1468 1012 matris
1530 976 1685 1011 verus
1736 961 1945 1027 quidem
1992 961 2142 1014 homo
2182 969 2281 1024 est,

1291 1041 1343 1086 at
1382 1034 1519 1085 filius
1548 1035 1748 1104 proprie
1789 1050 1890 1086 non
1937 1035 2143 1097 dicitur,
2188 1035 2308 1089 nisi

1292 1108 1413 1159 dum
1460 1109 1613 1160 fuerit
1673 1124 1763 1176 per
1827 1116 2033 1176 partum
2090 1109 2280 1162 editus,

1291 1182 1504 1244 Quando
1533 1198 1654 1247 ergo
1694 1182 1870 1234 Patres
1917 1183 2115 1244 dicunt,
2159 1182 2286 1237 Ver-

1293 1257 1413 1307 bum
1480 1256 1724 1324 prodiisse
1757 1298 1769 1317 ,
1824 1271 1914 1308 seu
1980 1256 2286 1325 productum

1293 1345 1403 1382 esse
1431 1346 1460 1382 a
1501 1330 1671 1390 Patre,
1703 1330 1827 1383 dum
1851 1331 2102 1382 mundum
2142 1346 2285 1384 crea-

1294 1411 1390 1465 ret,
1466 1403 1746 1471 loquuntur
1819 1404 1883 1456 de
1954 1405 2287 1473 generatione

1292 1493 1381 1530 seu
1411 1478 1472 1529 de
1503 1478 1916 1530 manifestatione
1944 1478 2122 1543 Verbi3
2167 1479 2284 1530 nul·

1296 1552 1499 1603 latenus
1538 1559 1715 1604 autem
1764 1559 1954 1619 negant
1993 1553 2286 1621 generatio-'-

1295 1641 1413 1677 nem
1454 1627 1730 1688 internam,
1762 1642 1917 1695 quam
1947 1633 2004 1679 ut
2020 1633 2286 1680 aeternam

1295 1700 1386 1767 ipsi
1426 1714 1628 1768 quoque
1660 1700 1959 1752 defendunt.

1366 1774 1417 1824 2.
1464 1772 1516 1824 Si
1575 1773 1781 1841 quidam
1847 1773 2026 1826 Patres
2085 1774 2284 1838 dicunt,

1294 1845 1479 1898 Filium
1508 1848 1663 1898 etiam
1683 1847 1850 1915 quoad
1894 1855 2135 1901 naturam
2163 1850 2290 1902 divi-

1296 1936 1412 1972 nam
1448 1936 1558 1972 esse
1601 1920 1750 1973 Patre
1798 1921 2114 1984 inferiorem,
2147 1930 2198 1975 et
2243 1922 2286 1976 si

1294 1995 1354 2045 ad
1383 1995 1431 2045 id
1463 1995 1779 2061 probandum
1802 1997 1958 2048 verba
1987 1995 2173 2049 Christi
2197 1997 2288 2065 ad·

1296 2069 1489 2135 legant:
1527 2067 1684 2121 Pater
1733 2072 1895 2122 maior
1949 2086 2022 2122 me
2073 2078 2163 2123 est:
2207 2070 2305 2124 hisi

1295 2143 1443 2194 dictis
1485 2143 1609 2194 nihil
1637 2143 1776 2195 aliud
1806 2144 2099 2206 voluerant,
2127 2160 2284 2212 quam

1294 2217 1426 2284 quod
1458 2217 1626 2284 ipsum
1665 2215 1949 2270 Concilium
2004 2217 2286 2272 Nicaenum

1295 2292 1538 2358 exprimit
1576 2290 1655 2342 his
1692 2293 1880 2345 verbis:
1913 2292 2044 2344 Deus
2084 2293 2139 2345 de
2162 2292 2280 2354 Ιὶιειο,1

1295 2365 1479 2432 quihus
1526 2365 1836 2427 insinuatur,
1904 2366 2110 2418 Patrem
2152 2367 2288 2419 inter

1295 2446 1345 2489 et
1397 2437 1589 2490 Filium
1641 2439 1873 2491 ordinem
1914 2452 2026 2492 esse
2094 2441 2285 2493 intuitu

1296 2513 1549 2579 principii,
1584 2528 1684 2564 non
1712 2513 2128 2579 praecellentiam
2146 2515 2282 2573 aevi,
2309 2519 2311 2522 ’

1298 2587 1559 2652 potestatis
1599 2592 1650 2637 et
1695 2586 1979 2651 dignitatis,
2042 2587 2286 2649 Quamvis

1294 2660 1449 2725 igitur
1503 2665 1686 2711 natura
1727 2660 1900 2712 divina
1951 2667 2003 2713 et
2041 2661 2178 2714 Patri
2231 2667 2283 2714 et

1294 2732 1420 2785 Filio
1460 2740 1736 2818 competat,
1769 2741 1846 2787 est
1886 2741 2061 2788 tamen
2090 2735 2137 2787 id
2184 2734 2286 2787 dis—

1294 2807 1542 2867 criminis,
1567 2809 1712 2875 quod
1735 2807 1886 2861 Pater
1925 2810 1991 2862 sit
2029 2809 2168 2867 solus
2205 2814 2284 2861 et-

1296 2882 1397 2932 iam
1423 2881 1731 2950 hypostatice,
1757 2883 1793 2934 i.
1827 2898 1875 2935 e.
1908 2876 2311 2935 etiamiatione*

1295 2955 1674 3023 peisonalitatis
1699 2971 1727 3007 a
1755 2957 1920 3040 seipso
1942 2956 2115 3020 Deus3
2112 2955 2332 3026 Filiusssg

1293 3036 1465 3082 autem
1508 3030 1707 3082 ratione
1734 3031 1945 3098 originis
1984 3037 2037 3083 et
2082 3032 2302 3101 proces-5}

1293 3104 1468 3163 sioniS,
1513 3109 1570 3154 ut
1610 3102 1783 3154 divina
1823 3104 2132 3173 hypostasis,
2171 3108 2263 3178 ῐιοῐΙ

1292 3183 1369 3228 est
1395 3193 1426 3227 a
1465 3191 1519 3227 se
1541 3191 1670 3243 ipso
1714 3177 1823 3228 sed
1842 3192 1872 3229 a
1900 3175 2068 3229 Patre.
2113 3175 2248 3229 Etia·
2284 3171 2316 3248 tu}

1291 3249 1378 3303 alii
1424 3249 1600 3301 Patres
1641 3249 1703 3302 de
1731 3251 1915 3318 quibus
1954 3265 2105 3302 nemo
2132 3235 2314 3333 (ἰωή-ξ

1293 3329 1385 3385 tat,
1416 3323 1549 3392 quod
1587 3322 1920 3378 Divinitatem
1947 3321 2062 3378 Filii
2104 3330 2157 3381 et
2189 3308 2332 3384 firm

1335 3452 1387 3497 (2)
1411 3455 1452 3486 In
1476 3454 1538 3497 Ep.
1564 3454 1609 3488 ad
1633 3453 1784 3490 Maxim.
1809 3452 1924 3497 Episc.
1947 3388 2332 3513 εεῑ(ἰ18ι·.Δ“Ῑεὶ.’ζὲξ

1338 3498 1383 3541 (3)
1410 3498 1449 3540 L,
1471 3497 1491 3534 1
1515 3498 1674 3534 de'lrin.
1697 3506 1730 3533 c.
1756 3499 1789 3544 3,
1812 3504 1882 3535 ete.
2283 3510 2314 3522 -··-
