2332 3860
239 133 342 177 510

135 236 248 274 nam
283 219 496 273 Messiae
537 220 696 289 primo
755 218 1121 288 Hierosolymis

134 293 547 363 praedicandam,
591 300 643 346 et
681 293 796 346 dein
838 294 1121 361 adgentes

133 368 512 437 propagandam
553 383 684 427 esse,
727 367 806 420 his
859 368 1026 420 verbis
1067 381 1122 416 u-

134 444 288 495 titur:
334 442 402 494 De
438 441 554 493 Sion
594 441 742 494 exibit
796 442 873 494 lex
924 449 967 493 et
1019 456 1119 494 ver-

133 517 243 568 bnm
281 515 481 569 Domini
521 516 576 568 cle
617 516 878 569 Ierusalem
906 513 999 585 (l).
1034 515 1122 566 Eo-

133 591 246 643 tlem
289 591 436 642 modo
477 590 757 643 doctrinam
798 590 1010 643 Messiae
1059 588 1119 658 le-

133 667 201 734 qis
244 664 446 716 nomine
502 664 735 718 decorat:
793 663 963 731 Le9em
1019 663 1121 714 eius

133 738 318 791 insulae
349 737 663 808 expectabant
717 735 812 808 (⁵2).
859 737 996 788 Idem
1050 737 1119 788 ita

133 813 366 866 Messiam
407 814 709 866 annuntiat:
759 812 1001 864 Dominus
1047 811 1123 862 iu-

133 888 222 941 fleoe
261 895 442 950 noster,
474 887 711 939 Dominus
740 886 908 954 leyifer
943 894 1120 952 noster,

134 962 370 1015 Dominus
415 977 505 1014 rex
555 969 735 1025 noster,
777 961 874 1030 ipse
924 959 1121 1012 salvabit

133 1053 216 1090 nos
245 1034 340 1109 (5).

204 1111 238 1162 ‘2
314 1109 391 1163 Ss.
447 1109 588 1162 Libri
648 1108 776 1161 Novi
835 1108 1123 1160 Testamenti

133 1184 390 1237 Christum
431 1200 523 1236 ceu
550 1199 729 1235 verum
758 1182 1121 1252 Legislatorem

133 1259 412 1312 clarissime
451 1257 747 1310 ostendunt.
793 1257 846 1308 ln
897 1257 1123 1310 celeber-

133 1334 260 1386 rimo
324 1348 557 1385 sermone
614 1332 666 1383 in
724 1338 895 1383 monte
950 1332 1121 1383 habito

133 1406 383 1468 Christus,
416 1407 589 1459 relatis
618 1406 771 1458 variis
793 1405 856 1460 V.
884 1405 940 1457 T.
979 1422 1123 1457 man-

133 1481 283 1543 datis,
327 1481 628 1550 subiungit:
675 1481 774 1549 qu
831 1489 989 1532 antem
1019 1481 1123 1532 dieo

132 1556 261 1609 vobis
299 1562 398 1608 ete.
435 1554 550 1626 (ίι);
594 1556 677 1623 qui
727 1555 963 1623 loquendi
1024 1571 1124 1606 mo-

134 1630 231 1682 dus
272 1629 538 1682 manifeste
591 1636 996 1690 commonstrat,
1060 1629 1123 1680 ab

131 1705 240 1773 ipso
281 1704 421 1772 leges
460 1704 637 1756 eadem
672 1705 975 1756 auctoritate
1003 1703 1119 1755 ferri

131 1795 230 1847 qua
271 1778 332 1831 V.
379 1778 437 1831 T.
502 1779 741 1830 mandata
801 1780 1121 1846 promulgata

130 1854 360 1917 fuerunt3
393 1852 528 1905 unde
558 1870 622 1904 ex
652 1853 860 1905 Mattb.:
893 1851 1125 1904 Admira-

130 1927 308 1979 bantnr
329 1927 494 1979 turbae
518 1944 663 1996 super
683 1927 953 1979 doctrinam
979 1933 1119 1978 eius:

130 2009 232 2054 erat
272 2002 403 2052 enim
443 2004 611 2053 docens
650 2017 726 2053 eos
763 2002 886 2053 sicut
918 2009 1123 2069 potesta-

133 2084 223 2127 tem
265 2075 438 2127 habens
468 2075 563 2144 (ὃ).
603 2074 827 2143 ldipsum
869 2082 1008 2143 patet
1059 2092 1122 2126 ex

131 2149 245 2202 aliis
262 2149 499 2219 loquendi
522 2150 770 2215 formulis,
785 2151 967 2217 quibus
985 2148 1125 2200 Chri-

133 2231 244 2276 stus
262 2229 267 2234 '
283 2225 525 2276 utebatur
548 2241 560 2275 3
606 2224 895 2275 Mandatum
947 2240 1123 2276 novum

133 2298 193 2350 do
232 2298 375 2360 vobi8‚
420 2303 518 2350 etc.
561 2297 658 2368 (6):
690 2298 791 2350 Hoc
830 2306 896 2349 est
928 2314 1124 2367 praece-

131 2380 268 2444 ptum
307 2388 486 2431 meum,
550 2378 649 2424 etc.
708 2370 805 2442 (7);
850 2373 899 2423 in
942 2373 1124 2440 quibus

133 2447 303 2499 verbis
344 2446 520 2515 utique
561 2447 725 2497 maius
745 2446 863 2515 quid
887 2448 1123 2511 occurrit,

134 2536 285 2590 quam
316 2520 561 2587 simplicis
590 2521 818 2588 magistri
847 2521 1125 2573 documen-

133 2601 263 2647 tum.
281 2590 349 2634 -ἓ-
372 2593 543 2646 Facile
564 2597 715 2646 etiam
740 2602 836 2655 est,
863 2608 1041 2658 τιον-35,
1076 2603 1125 2648 et

134 2670 183 2719 in
226 2668 289 2721 V.
334 2668 391 2720 T.
427 2685 630 2736 prorsus
659 2669 941 2734 incognitas
988 2669 1125 2738 leges

134 2742 345 2804 afferre,
416 2758 542 2811 quas
588 2741 820 2794 Christus
880 2743 1018 2803 tulit,
1075 2752 1125 2796 et

134 2817 451 2883 gravissimis
490 2818 838 2869 sanctionibus
876 2816 1119 2870 firmavit.

133 2889 218 2941 Sic
255 2889 435 2942 Matth.
467 2889 702 2958 XXth,
757 2891 846 2952 49,
891 2890 1125 2944 Christus

137 2963 388 3030 Apostolis
429 2965 704 3033 praecepit,
732 2972 787 3016 ut
810 2981 986 3016 omnes
1006 2982 1127 3033 gon-

135 3043 215 3090 tes
254 3036 469 3090 doceant
508 3045 558 3091 et
597 3039 855 3102 baptizent
916 3039 967 3089 in
1025 3040 1126 3091 No-

544 128 608 188 nii
643 138 737 176 nso
774 137 904 176 mesi
943 136 1132 176 numm
1167 133 1370 174 cananis
1406 135 1739 175 amcam-roan.

1182 216 1543 285 obligationem
1585 218 1842 287 imposuit,
1862 225 1920 272 ut
1946 215 2183 278 diceret}

1183 291 1302 343 Nisi
1338 291 1448 359 qais
1485 300 1684 344 renatus
1721 293 1873 359 fuerit
1929 310 1992 346 ex
2040 311 2168 368 aqna

1181 373 1223 417 et
1261 364 1449 434 Spiritu
1488 363 1686 425 Sancto,
1730 382 1827 418 non
1881 377 2042 435 potest
2090 370 2169 422 in-

1183 439 1334 491 troire
1373 440 1426 490 in
1455 455 1658 507 reqnnm
1700 439 1789 493 Dei
1817 438 1912 510 (8).
1970 441 2043 495 lt‘a
2086 458 2172 512 pa-

1185 517 1306 564 riter
1346 511 1578 565 Christus
1616 514 1990 568 Eucharistiam
2030 533 2060 568 a
2114 533 2170 572 se

1183 588 1467 639 institutam
1508 595 1750 656 perpetuo
1809 589 2060 643 conficere
2120 598 2172 644 et

1184 678 1386 714 sumere
1427 662 1572 714 iussit
1610 661 1816 715 dicens:
1878 663 1980 716 Hoc
2030 665 2172 733 facite

1183 737 1237 788 in
1274 751 1429 788 meam
1456 737 1959 790 commemorationem
1989 737 2087 810 (9);
2119 746 2171 793 et

1186 811 1359 863 loann.
1393 808 1477 878 VI,
1507 810 1596 871 aa,
1629 810 1860 863 dixerat:
1892 812 2010 864 Nisi
2034 829 2174 866 nian-

1184 885 1477 937 ducaveritis
1515 900 1710 937 carnem
1747 885 1841 954 lilii
1867 884 2096 948 homini3‚
2129 895 2174 940 el

1186 959 1397 1011 biberitis
1448 959 1552 1010 eins
1596 960 1900 1027 sanquinem,
1945 977 2044 1013 non
2091 961 2175 1014 ha-

1185 1033 1348 1086 bebitis
1388 1034 1534 1086 vitam
1573 1034 1625 1085 in
1664 1033 1811 1085 vobis.
1842 1065 1915 1073 --
1948 1034 2060 1087 Huc
2099 1052 2175 1088 re-

1186 1108 1438 1170 seruntur,
1482 1124 1612 1177 quae
1651 1107 1883 1160 Christus
1909 1109 2046 1162 circa
2071 1109 2174 1162 alia

1183 1181 1516 1235 Sacramenta
1555 1198 1585 1234 a
1625 1198 1679 1234 se
1719 1183 1951 1236 instituta
1978 1183 2176 1236 ordina·

1185 1257 1277 1318 vit,
1319 1273 1380 1309 ac
1422 1257 1691 1325 praecipue
1730 1257 1866 1309 circa
1918 1259 2176 1311 matrimo-

1187 1332 1348 1391 nium,
1393 1331 1736 1400 polygamiam
1776 1332 1826 1383 in
1868 1330 1928 1384 V.
1975 1331 2029 1384 L.
2063 1349 2176 1401 per-

1188 1407 1413 1466 missam,
1458 1413 1509 1458 et
1548 1405 1821 1457 divortium
1844 1406 2175 1461 interdicens,

1185 1480 1418 1532 Christus
1457 1481 1563 1548 ipse
1603 1479 1911 1533 documenta
1938 1497 1967 1533 a
1996 1497 2052 1534 se
2078 1489 2179 1534 tra·

1186 1555 1290 1606 dita
1330 1555 1560 1606 mandata
1600 1562 1881 1623 nuncupat,
1926 1555 2007 1607 vel
2034 1571 2178 1625 prae-

1185 1637 1314 1698 cepta
1334 1647 1351 1679 .·
1394 1629 1452 1680 Si
1479 1629 1681 1697 dz‘liqitis
1705 1646 1795 1691 me,
1823 1630 2008 1699 inquit,
2040 1646 2177 1682 man-

1186 1704 1298 1755 data
1336 1719 1441 1755 mea
1469 1711 1648 1756 servate
1677 1701 1811 1775 (10):
1844 1711 1915 1756 et:
1961 1703 2056 1768 Qut
2095 1700 2178 1756 Ῐια-

1187 1778 1257 1830 bet
1295 1779 1525 1830 mandata
1562 1794 1687 1838 meo,
1732 1786 1775 1830 et
1801 1785 1958 1830 servat
1985 1795 2060 1840 ea,
2093 1778 2176 1831 ille

1185 1863 1269 1919 est,
1324 1854 1409 1921 qui
1448 1852 1606 1917 diligit
1645 1868 1717 1904 me
1746 1851 1879 1923 (tt).
1937 1852 1992 1904 Si
2035 1869 2176 1919 prae·

1186 1935 1315 1996 cepta
1354 1942 1458 1979 mea
1496 1928 1771 1988 servarem,
1821 1926 2077 1979 manebitis
2118 1927 2172 1978 in

1186 2002 1431 2053 dilectione
1489 2018 1593 2053 mea
1629 1999 1763 2071 (lmz
1807 2001 1869 2052 ad
1919 2000 2175 2068 apostolos

1186 2083 1396 2127 autem:
1445 2076 1628 2127 Euntes
1666 2075 1820 2126 docete
1859 2091 2020 2127 omnes
2067 2091 2177 2143 yen-

1188 2158 1319 2202 tes...
1377 2150 1588 2201 docentes
1632 2165 1707 2202 eos
1746 2165 1936 2201 servare
1982 2151 2174 2212 omnia,

1187 2239 1512 2291 quaecumque
1562 2224 1792 2276 mandavi
1842 2223 1972 2275 vobis
2041 2221 2175 2295 (15).

1186 2298 1502 2366 Quicumque
1538 2314 1658 2365 ergo
1700 2304 1874 2365 negat,
1919 2297 2176 2349 Christum

1190 2389 1309 2424 vera
1351 2371 1589 2423 mandata
1631 2371 1831 2432 tulisse,
1894 2387 2176 2441 verumque

1188 2446 1529 2513 legislatorem
1571 2447 1743 2513 fuisse,
1784 2446 1942 2514 ipsius
1993 2444 2176 2499 Christi

1188 2522 1358 2573 verbis
1399 2527 1574 2589 aperte
1613 2520 1935 2572 contradicit.

1262 2596 1311 2647 5.
1358 2594 1439 2648 Ss.
1484 2592 1697 2646 Patriam
1761 2601 2004 2646 constans
2062 2609 2166 2661 per·

1189 2670 1356 2722 suasio
1396 2676 1446 2720 et
1486 2669 1715 2721 doctrina
1757 2669 1870 2727 fuit,
1915 2666 2175 2721 Christum

1190 2760 1367 2795 verum
1411 2743 1775 2810 legislatorem,
1834 2749 1884 2794 et
1941 2742 2175 2807 Evangess

1192 2818 1311 2869 lium
1354 2833 1529 2869 veram
1565 2819 1727 2883 legem
1769 2816 1975 2869 esse.S.
2021 2814 2176 2884 Chry·

1189 2901 1426 2944 sostomus
1449 2892 1558 2962 (lli)
1583 2892 1630 2943 in
1676 2894 1770 2943 ista
1795 2891 1972 2943 verba:
2017 2889 2177 2942 Nolite

1185 2975 1377 3034 putare,
1422 2967 1547 3033 qnod
1569 2966 1780 3018 venerim
1801 2965 1981 3016 solvere
2009 2963 2176 3033 leynam,

1188 3048 1273 3092 aut
1306 3040 1580 3109 prophetas,
1644 3040 1837 3108 inquit:
1881 3058 1908 3088 «
1970 3037 2076 3101 Qua
2117 3037 2180 3089 de

136 3109 267 3162 mine
306 3108 478 3163 Patris
538 3120 580 3163 et
637 3113 760 3166 Filii
814 3121 856 3165 et
911 3111 1127 3182 Spiritus
1189 3130 1343 3166 causa
1386 3115 1480 3166 boc
1519 3114 1687 3167 dixit?
1728 3129 1826 3165 non
1893 3112 2176 3172 incassum,

139 3183 349 3245 Sancti‚·
406 3184 694 3239 hominibus
743 3203 864 3240 vero
906 3186 999 3239 hoc
1042 3190 1126 3241 ba·

142 3259 386 3327 ptismum
429 3261 701 3327 recipiendi
750 3268 854 3314 tam
915 3278 1126 3330 gravem

203 3373 236 3414 1)
264 3373 312 3407 Is.
337 3381 377 3408 ca
408 3400 415 3407 .
442 3372 475 3412 2,
497 3382 532 3408 V.
557 3374 593 3409 3.
762 3378 804 3421 (2
841 3379 990 3422 Cap.42‚
1017 3388 1051 3414 v.
1078 3379 1111 3415 4.

205 3417 242 3461 3)
264 3417 350 3461 cap.
400 3416 434 3457 3,
459 3427 493 3451 v.
521 3418 574 3452 22.
767 3378 820 3466 (43
844 3424 878 3456 M
903 3425 969 3457 tth.
996 3423 1027 3457 δ.

188 3462 240 3504 (¹⁵1
267 3462 388 3496 Mani..
423 3462 456 3503 7,
481 3461 538 3506 28,
562 3468 630 3498 etc.

187 3506 242 3551 (6)
265 3505 433 3542 man-13.
455 3505 507 3539 34.
785 3508 837 3552 (7)
860 3512 955 3545 loan.
984 3510 1040 3555 15,
1065 3511 1119 3547 12.

1192 3204 1285 3240 nec
1324 3188 1531 3255 frustra,
1591 3187 1680 3240 sed
1740 3187 1858 3257 quia
1919 3185 2178 3238 veteribus

1193 3263 1474 3331 praeceptis
1515 3262 1706 3314 maiora
1747 3261 1946 3313 laturus
1985 3266 2112 3312 erat.
2148 3278 2175 3308 »

1234 3378 1284 3422 (8¹
1309 3380 1409 3413 Ioan.
1437 3377 1472 3419 3,
1497 3378 1531 3413 5.
1811 3375 1863 3419 (9)
1886 3377 1903 3410 l
1941 3376 2020 3410 Cor.
2033 3375 2090 3417 11,
2109 3375 2164 3411 24.

1234 3422 1308 3467 (10)
1333 3425 1432 3457 Ioan.
1458 3423 1513 3462 14.
1539 3422 1582 3458 15
1792 3418 1876 3464 (11)·
1895 3420 2033 3454 lbidein
2061 3428 2095 3454 v.
2117 3419 2173 3454 21.

1235 3467 1308 3511 (12)
1335 3469 1433 3501 [0³¹1.
1460 3467 1514 3507 15,
1541 3468 1594 3502 10.
1796 3464 1869 3508 (13)
1894 3466 2016 3499 natm.
2043 3462 2098 3505 28.
2122 3463 2175 3500 2⁰.

1235 3511 1309 3557 (14)
1332 3513 1435 3547 Hom.
1463 3511 1516 3546 16.
1544 3514 1579 3545 in
1604 3509 1771 3552 Maubai,
1796 3509 1851 3544 17.
