2332 3860
314 224 422 279 598

239 327 285 373 et
322 329 536 391 tempora
573 323 852 391 fructifera,
896 323 1101 392 implens
1127 320 1245 376 cibo
1288 329 1471 389 potest,
1515 323 1685 376 omnia
1723 340 1752 395 a

236 401 283 447 et
321 395 505 450 laetitia
543 398 689 450 corda
729 406 896 451 nostra
924 397 1021 468 (l).
1085 397 1222 449 Idem

239 469 517 538 Apostolus
543 473 751 528 scribi-t:
796 472 901 541 Ipse
938 480 1005 524 ese
1043 479 1154 523 ante
1180 488 1227 523 o-

237 557 392 607 mnes,
434 555 478 599 et
498 547 662 598 omnia
679 547 733 599 in
758 547 860 615 ipso
887 554 1099 599 constant
1123 543 1218 615 (Ξ).

307 619 362 672 2.
392 618 470 672 Ss.
501 620 668 673 Patres
687 622 1130 673 conservationem
1151 621 1225 672 di-

236 692 413 745 vinam
452 709 552 747 non
593 695 758 747 solum
790 695 1110 764 profitentur,
1134 695 1220 747 sed

238 767 393 820 etiam
433 770 703 830 creaturis,
765 786 830 823 ne
888 770 938 821 in
1006 769 1220 821 nihilum

201 841 555 904 relabantur,
619 859 826 911 prorsus
883 845 1220 897 necessariam

235 915 429 970 dicunt.
474 917 760 969 Laclantius
789 916 865 988 (5)
891 920 992 970 ait:
1048 938 1069 967 «
1126 918 1222 971 Na-

235 995 352 1042 tura
383 1032 396 1051 ,
439 998 635 1043 remota
676 992 993 1060 providentia
1033 1000 1084 1044 et
1138 1010 1221 1060 po·

238 1070 424 1117 testate
463 1065 655 1126 divina,
691 1082 897 1133 prorsus
920 1066 1044 1118 nihil
1073 1074 1169 1118 est.
1192 1087 1217 1115 n

231 1136 284 1190 S.
316 1136 526 1205 Greqor.
559 1139 692 1192 Naz.
726 1138 801 1210 (li)
836 1140 987 1193 dicit:
1037 1161 1059 1190 «
1091 1140 1221 1203 Quo·

234 1228 352 1264 nam
393 1214 542 1266 modo
583 1215 823 1267 universa
864 1215 991 1267 haec
1048 1231 1219 1267 rerum

237 1287 396 1339 moles
435 1288 517 1340 vel
558 1289 807 1356 producta
846 1305 1070 1358 unquam
1100 1290 1220 1341 fuis-

236 1366 334 1420 set,
377 1362 460 1413 vel
499 1363 836 1422 consisteret>
867 1364 961 1415 nisi
1001 1365 1144 1417 Deus
1171 1381 1221 1416 o·

230 1435 371 1487 mnia
409 1436 460 1487 in
499 1452 674 1489 rerum
714 1444 950 1490 naturam
986 1439 1221 1505 protulis-

233 1516 332 1570 set,
358 1516 510 1578 atque
533 1513 898 1564 conservaret?
929 1531 954 1561 »
977 1512 1034 1566 S.
1067 1511 1221 1581 Chry-

233 1591 468 1636 sostomus
507 1585 656 1639 Hom.
701 1586 762 1637 de
787 1587 947 1654 paral.
973 1587 1035 1639 ad
1064 1587 1216 1639 finem

232 1664 303 1710 :ta
342 1657 603 1728 loquitur:
639 1681 665 1709 «
697 1660 805 1712 Non
847 1661 1012 1714 solum
1078 1677 1219 1714 crea-

230 1737 396 1785 turam
438 1734 678 1801 produxit
715 1734 873 1798 Beue,
917 1735 1006 1787 sed
1036 1737 1219 1803 produ-

229 1812 364 1858 ctam
423 1809 578 1861 etiam
632 1810 788 1871 fovet,
831 1817 883 1862 et
922 1818 1212 1863 conservat.

229 1880 351 1932 Sive
392 1887 445 1934 tu
487 1882 711 1950 Angelos
737 1884 948 1945 dixeriS,
980 1885 1089 1936 sive
1126 1884 1220 1936 Ar-

230 1954 527 2023 changelOS‚
558 1960 666 2009 sive
704 1957 950 2010 coelestes
978 1960 1213 2019 virtuteS,

111 2079 116 2086 ,
167 2064 171 2069 ‚
232 2028 355 2082 sive
384 2030 599 2083 visibilia
639 2033 809 2083 omnia
849 2039 899 2084 et
926 2032 1216 2097 invisibilia,

229 2102 356 2156 haec
420 2104 556 2156 illius
597 2107 913 2171 providentia
953 2106 1212 2168 fruuntur,

231 2193 294 2229 ac
332 2178 374 2230 si
401 2179 511 2231 eius
539 2178 809 2232 efficientia
849 2181 1212 2241 destituantur,

229 2251 441 2314 abeunt,
486 2259 537 2305 et
564 2253 803 2306 diffluunt
828 2270 888 2307 ac
915 2263 1150 2323 pereunt.
1187 2275 1212 2304 »

227 2324 281 2378 S.
323 2326 653 2395 Hieronymus
684 2327 759 2400 (5)
787 2330 991 2382 scribit:
1025 2349 1051 2379 (ι
1083 2329 1218 2384 Scia·

230 2415 371 2462 mUS,
415 2417 507 2455 nos
547 2401 671 2454 nihil
735 2419 867 2465 esse,
931 2403 1028 2455 nisi
1084 2404 1216 2473 quod

230 2474 457 2535 donavit,
481 2476 532 2528 in
556 2477 700 2529 nobis
732 2478 839 2547 ipse
859 2481 1210 2531 servaverit...

229 2547 374 2601 Velle
412 2556 464 2603 et
502 2566 709 2604 currere
749 2567 921 2604 meum
968 2559 1066 2613 est,
1127 2554 1216 2605 sed

230 2622 395 2690 ipsum
436 2639 608 2678 meum
648 2626 758 2678 sine
786 2625 877 2678 Dei
900 2641 1102 2694 semper
1128 2643 1219 2678 au·

230 2697 353 2750 xilio
375 2714 473 2751 non
495 2701 592 2753 erit
612 2715 829 2753 meum..
842 2699 1061 2770 (Deus)
1090 2716 1218 2753 sem·

234 2787 323 2837 per
361 2771 591 2840 largitor,
634 2790 836 2843 semper
874 2774 1088 2826 donator
1114 2781 1209 2828 est.

230 2842 340 2897 Non
380 2847 501 2899 mihi
541 2846 745 2910 sufficit,
789 2848 922 2918 quod
944 2847 1102 2900 semel
1131 2849 1217 2901 do·

233 2919 393 2980 navit,
461 2923 555 2975 nisi
618 2938 820 2991 semper
866 2922 1212 2975 donaverit.»

233 2992 291 3046 S.
326 2991 627 3061 Auyustinus
666 2995 741 3068 (6)
789 2997 990 3066 inquit:
1055 3017 1076 3046 «
1134 2995 1217 3047 Sic

233 3067 521 3131 credamuS‚
563 3078 673 3133 aut,
698 3073 739 3124 si
770 3086 1036 3139 possumus
1062 3074 1214 3123 etiam

235 3141 600 3208 intelligamus,
644 3161 804 3213 usque
845 3148 982 3198 nuhc
1018 3146 1215 3213 operari

234 3214 418 3276 Deum,
459 3222 511 3268 et
548 3219 590 3269 si
622 3220 939 3273 conditis-ab
978 3235 1036 3272 eo
1065 3219 1216 3272 rebus

234 3289 459 3358 operatio
497 3290 607 3344 eius
662 3292 1034 3347 subtrahatur.
1051 3295 1216 3346 'inte-

238 3369 417 3416 reant.
438 3381 466 3413 i)

642 243 704 282 DE
741 243 835 281 nEo
873 243 925 281 ΙΝ
962 242 1235 280 RELATIONE
1273 242 1337 279 An
1368 240 1571 279 MUNDUM
1606 241 1869 280 selmum.

1793 322 1898 376 Deo
1920 315 1938 337 ⁹
1954 323 2266 382 conservari.
2296 316 2314 366 ’-

1286 396 1414 449 Nam
1453 397 1696 467 quidquid
1740 405 1887 451 extra
1942 396 2107 464 Deum
2165 399 2301 452 exi·-

1246 488 1247 491 ’
1285 472 1394 531 stit,
1436 471 1740 540 contingens
1778 479 1874 524 est.
1919 469 2069 524 Entia
2097 471 2270 526 autem

1286 546 1638 612 contingentia
1678 547 1929 598 rationem
1969 555 2100 598 >suae
2128 547 2268 598 *exi-

1286 621 1503 671 stentiae
1542 617 1876 672 sufficientem
1920 621 2133 673 non-in
2191 630 2268 673 se*-

1286 694 1532 761 metipsiS‚
1574 694 1663 746 sed
1704 695 1754 746 in
1809 694 1938 756 De0‚
2002 695 2164 763 prima
2219 701 2299 752 et,

1284 775 1492 820 aeterna
1533 769 1761 819 omnium
1799 783 1973 820 rerum
2000 785 2153 820 causa
2182 769 2270 824 lia-

1286 843 1424 895 bent.
1468 842 1720 911 Quidquid
1761 857 1882 910 ergo
1921 849 2042 894 sunt
2081 838 2132 895 e't
2181 843 2271 895 ha-

1285 917 1425 978 bent,
1481 919 1588 969 sive
1647 917 1769 968 dum
1826 932 1939 968 esse
1995 918 2266 985 incipiunt,

1284 991 1393 1042 sive
1432 991 1554 1042 dum
1595 1007 1706 1043 esse
1747 997 1986 1060 pergunt,
2030 990 2195 1044 solum
2240 1008 2269 1044 a

1285 1066 1446 1132 prima
1486 1065 1785 1117 earumdem
1825 1081 1979 1118 causa
2006 1106 2019 1127 ,
2070 1081 2160 1118 seu
2206 1062 2270 1119 ab

1286 1140 1410 1191 Ente
1449 1139 1681 1192 absoluto
1721 1140 1994 1207 recipiunt.

1354 1214 1484 1265 Νοια
1501 1215 1551 1266 1.
1577 1215 1704 1265 Cum
1723 1215 1784 1266 de
1808 1214 1955 1266 modo
1968 1212 2270 1283 explicando

1282 1288 1469 1354 agitur,
1513 1304 1612 1356 quo
1652 1288 2057 1355 contingentium
2098 1303 2271 1341 rerum

1281 1363 1600 1414 conservatio
1629 1362 1908 1429 perficitur,
1939 1372 2046 1415 non'-
2069 1378 2171 1414 una
2193 1370 2271 1415 est

1281 1438 1509 1488 omnium
1550 1440 1821 1488 sententia.
1865 1435 1963 1488 Alii
2007 1437 2142 1489 enim
2183 1453 2273 1505 ‘po-
2326 1468 2329 1469 ν

1280 1511 1416 1563 sitive
1455 1511 1501 1562 id
1537 1511 1645 1562 fieri
1690 1512 1835 1562 aiunt
1873 1518 1923 1562 et
1945 1511 2121 1562 directe
2146 1526 2271 1578 qua-

1282 1591 1431 1636 tenus
1471 1584 1608 1637 Deus
1647 1586 1750 1652 iugi
1791 1584 2010 1652 quodam
2069 1584 2268 1637 influxu

1283 1674 1362 1710 res
1389 1660 1619 1711 conditas
1646 1662 1695 1710 in
1724 1660 1998 1711 existentia
2022 1660 2262 1723 retineat3

1281 1732 1365 1784 alli
1406 1749 1526 1784 vero
1554 1734 1764 1800 neqative
1792 1733 2083 1794 dumtaxat,
2104 1735 2268 1786 omni-

1281 1823 1379 1875 que
1443 1809 1658 1859 actionis
1716 1809 1963 1875 positione
2029 1814 2224 1860 remota
2249 1849 2262 1870 ,

1280 1882 1519 1949 quoniam
1584 1881 1647 1933 ad
1711 1897 1885 1934 rerum
1942 1882 2265 1934 conditarum

1282 1957 1718 2022 perseverantiam
1781 1956 1962 2023 oppido
2033 1954 2266 2009 sufficere

1279 2030 1612 2091 arbitrantur,
1657 2031 1697 2082 si
1737 2029 1874 2082 Deus
1903 2030 2017 2083 illas
2047 2046 2146 2082 non
2176 2030 2263 2083 de·

1281 2103 1505 2156 molitur.
1550 2103 1716 2167 Quare
1755 2106 2009 2157 sententia
2030 2105 2262 2173 superior

1277 2179 1570 2231 conservatio
1603 2179 1835 2246 positiva,
1886 2180 2132 2246 posterior
2183 2195 2263 2231 ne·

1276 2254 1432 2319 qativa
1470 2254 1818 2305 nominantur.
1863 2253 2008 2306 Hanc
2042 2254 2264 2307 defendit

1278 2325 1404 2378 Klee
1443 2326 1475 2379 Ι.
1517 2343 1562 2379 c.
1607 2325 1719 2397 35,
1750 2329 1984 2396 quamvis
2039 2327 2263 2397 aliquam

1280 2399 1367 2451 Dei
1408 2416 1584 2453 curam
1632 2417 1722 2453 seu
1782 2403 2034 2454 actionem
2091 2402 2262 2469 positi-

1281 2489 1395 2526 vam
1437 2476 1780 2528 necessariam
1816 2476 1974 2537 dicat,
2002 2490 2183 2547 neres
2210 2475 2263 2528 in

1278 2548 1532 2601 elementa
1555 2566 1644 2602 sua
1677 2549 1929 2611 diffluant,
1954 2549 2087 2619 quod
2115 2565 2260 2618 prae·

1277 2622 1423 2690 cipue
1462 2624 1525 2675 de
1565 2623 1950 2691 homine-lapso
1989 2630 2042 2677 ct
2097 2631 2263 2677 morte

1277 2696 1505 2749 subiecto
1544 2697 1831 2749 adseverat.
1883 2696 1983 2749 Sed
2036 2697 2264 2768 plerique

1280 2770 1498 2837 theologi
1538 2778 1588 2823 et
1630 2771 1911 2840 philosophi
1950 2773 2264 2826 conservatio·

1277 2860 1384 2896 nem
1418 2848 1673 2912 positivam
1701 2851 2043 2914 propugnant,
2074 2853 2126 2898 et
2157 2847 2264 2915 qui-

1278 2917 1393 2969 dem
1433 2920 1569 2971 omni
1597 2920 1736 2973 iure:
1766 2935 1885 2972 nam
1914 2921 2021 2987 ipsa
2045 2918 2100 2972 S.
2131 2918 2263 2972 Scri-

1281 3000 1427 3060 ptura
1467 2994 1746 3061 operationi
1791 2994 1995 3046 divinae
2033 2993 2260 3046 omnium

1277 3068 1717 3120 conservationem
1793 3067 2080 3120 adscribit·
2063 3104 2081 3131 ,
2146 3065 2263 3120 id'eo
2316 3130 2322 3133 ¹

1278 3140 1414 3192 Deus
1447 3141 1632 3192 dicitur
1668 3142 1868 3210 firmare
1896 3144 2120 3208 comm
2160 3156 2259 3192 nu-

1278 3215 1399 3265 trire
1449 3215 1721 3276 animalia,
1770 3215 1939 3268 vestire
1968 3213 2101 3274 litia,
2144 3207 2261 3267 dart
2309 3222 2319 3261 '.

1279 3289 1422 3340 vitam
1462 3295 1504 3340 el
1537 3289 1958 3358 inspirationem,
1975 3292 2023 3338 et
2067 3284 2255 3341 omnia.

1276 3361 1354 3414 Se.
1381 3361 1558 3414 Patres
1585 3374 1795 3432 quoque
1819 3362 2306 3415 conserwationeffi

311 3437 365 3490 5.
391 3437 488 3491 Ex
526 3437 720 3492 ratione
759 3455 959 3510 quoque
1018 3441 1216 3511 probari
1279 3442 1334 3489 ut
1372 3438 1624 3489 actionem
1664 3435 1891 3487 divinam
1947 3435 2322 3505 proponunt,

280 3569 333 3657 {³3
357 3567 591 3649 tram
602 3621 634 3648 c.
660 3612 703 3648 ,π
841 3569 894 3655 {2²3
918 3616 1017 3649 om
1044 3613 1099 3650 a

916 3570 1047 3606 coloss
1074 3571 1108 3613 1,
1131 3570 1187 3608 1¹1.
1320 3570 1372 3657 (Β)

1493 3564 1559 3604 133
1581 3567 1623 3602 ad
1646 3567 1735 3603 etesi
1763 3567 1798 3602 h.
1823 3575 1860 3601 n
1885 3564 1918 3602 ὓ.

1320 3567 1459 3646 (⁵12¹,
1469 3610 1755 3652 ³,deGen.a
1769 3610 1893 3645 litte
1927 3604 2126 3650 §aaut
