2332 3860
248 124 358 179 Qlt8

173 295 357 364 Angeli
397 296 460 349 ad
504 297 817 350 laudandum
847 298 1013 350 Deum
1053 313 1167 365 pro·

172 377 453 430 vocantur:
489 371 766 425 Benedicite
803 371 1050 433 Domino,
1098 372 1171 428 ait

177 442 450 506 Psalmita‚
488 461 655 499 omnes
693 444 868 512 Anyeli
906 447 1031 506 eiu-s,
1082 462 1169 514 po-

176 524 332 571 tentes
359 519 556 580 virtute,
586 521 817 586 facientes
868 519 1062 571 verbum
1112 519 1170 571 il·

173 591 304 643 lius.-
350 593 510 644 item:
573 593 791 646 Laudate
845 610 955 646 eum
1007 609 1169 646 omnes

169 665 349 733 Anqeli
390 669 499 719 eius
545 665 656 739 (1):
713 684 779 719 ex
832 684 932 736 quo
985 674 1163 735 patet,

169 755 270 791 non
306 739 472 791 solum
512 740 739 808 Angelos
785 743 1028 803 existere,
1079 742 1164 794 sed

168 820 220 866 et
257 813 526 866 inferiores
565 815 670 867 Deo
694 855 710 874 ,
754 831 907 884 quem
957 815 1167 868 laudare

169 894 454 940 tenentur:
516 895 596 940 ast
636 888 861 954 Angelos
902 896 1166 958 praestan·

167 961 323 1014 tiores
362 978 474 1014 esse
515 962 806 1015 bominibus
862 971 1061 1016 constat
1100 981 1164 1019 ex

167 1035 346 1088 codem
405 1035 674 1090 Psalmista
725 1037 786 1089 de
842 1038 1047 1090 homine
1091 1039 1165 1089 ‹li-

165 1116 349 1162 cente:
415 1110 650 1163 Minuisti
705 1127 814 1163 eum
869 1112 1016 1181 paulo
1074 1115 1167 1164 mi·

166 1199 260 1236 nus
317 1183 376 1235 ab
412 1181 610 1253 Anqelis
654 1183 750 1254 (2).
807 1216 881 1224 -
931 1186 1165 1239 Christus

166 1257 228 1309 de
271 1259 500 1325 parvulis
542 1259 755 1327 loquens
795 1260 946 1312 dicit:
992 1258 1165 1327 Anqeli

165 1346 335 1383 aarum
361 1332 415 1383 in
441 1332 581 1384 coelis
602 1349 790 1402 semper
810 1334 966 1386 vident
985 1335 1164 1401 faciem

165 1405 331 1457 Patris
369 1407 484 1468 mei,
535 1410 620 1474 qui
668 1408 896 1460 incaelis
948 1416 1015 1460 est
1061 1407 1157 1478 (5).

165 1479 449 1532 Confutans
486 1479 814 1534 Sadducaeos
862 1489 913 1534 et
972 1489 1162 1535 statum

166 1553 434 1606 hominum
474 1555 525 1606 in
568 1556 739 1607 futura
761 1557 866 1607 vita
894 1556 1163 1608 declarans

166 1630 269 1679 ait:
296 1628 355 1679 In
394 1630 748 1682 resurrectione
787 1646 937 1697 neque
960 1630 1159 1689 nubent,

165 1718 317 1770 neque
357 1702 605 1754 nubentur
631 1705 714 1756 secl
739 1713 886 1756 erunt
914 1703 1043 1757 sicut
1065 1703 1164 1756 An·

166 1776 261 1842 qeli
301 1776 391 1827 Dei
420 1778 618 1828 incaelo
647 1777 744 1848 (lt).
778 1777 913 1830 Num
930 1777 1163 1831 Christus

166 1850 397 1902 indicare
437 1850 621 1912 voluit,
668 1852 899 1904 homines
940 1858 1052 1919 post
1081 1869 1160 1905 re-

164 1925 537 1976 surrectionem
578 1940 724 1976 suam
747 1926 940 1978 realem
966 1933 1057 1978 aut
1079 1943 1161 1977 ra·

165 1998 412 2050 tionalem
470 1999 814 2052 substantiam
881 2000 1162 2053 amissuros

165 2070 327 2124 esse?

240 2146 294 2198 5.
341 2145 592 2209 Ecclesia,
637 2163 769 2216 quae
809 2148 917 2200 sola
945 2147 1163 2200 authen-

165 2220 268 2272 tice
308 2226 360 2271 et
399 2220 734 2273 infallibiliter
759 2221 811 2273 S.
842 2222 1161 2289 Scripturam

164 2295 552 2362 interpretatur,
593 2295 654 2347 de
697 2295 1016 2363 Angelorum
1056 2299 1162 2348 exi-

165 2369 356 2421 stentia
400 2375 722 2422 constantem
766 2371 917 2423 fidem
962 2371 1155 2424 habuit.

164 2442 313 2500 Hanc
351 2444 690 2512 antiquissimi
755 2445 929 2497 Patres
987 2453 1163 2499 conte-

165 2523 387 2569 stantur.
427 2517 485 2570 S.
515 2516 732 2570 Clemens
757 2518 895 2571 Rom.
924 2517 1001 2590 (5)
1024 2518 1165 2572 Chri·

167 2592 360 2642 stianos
416 2591 480 2643 ad
539 2591 883 2645 obedientiam
943 2600 995 2645 et
1045 2595 1163 2647 sub-

166 2665 440 2717 iectionem
499 2681 623 2733 erga
685 2665 778 2718 Dei
840 2668 1160 2720 voluntatem

167 2736 489 2801 hortaturus,
521 2739 818 2809 exemplum
847 2741 1160 2808 Angelorum

170 2815 425 2879 proponit,
471 2814 675 2867 dicens:
712 2834 735 2864 «
769 2813 1162 2868 Consideremus

171 2887 457 2939 exercitum
500 2888 838 2957 Angelorum,
877 2890 959 2957 qui
997 2889 1159 2941 Deum

171 2959 514 3023 circumdant,
557 2969 609 3015 et
647 2963 758 3014 eius
787 2962 1038 3015 voluntati
1080 2964 1164 3014 ob-

170 3039 483 3100 temperant.
534 3054 556 3082 n
612 3035 664 3088 S.
722 3031 941 3088 Iustinus
975 3037 1048 3089 M.
1084 3035 1159 3107 (6)

170 3106 378 3158 scribit:
410 3126 431 3155 «
465 3106 691 3162 Colimus
730 3111 1015 3163 exercitum
1045 3127 1162 3164 san-

169 3185 371 3231 ctorum
423 3179 771 3248 Angelorum,
821 3185 903 3253 qui
964 3184 1071 3236 Deo
1109 3202 1162 3238 o-

170 3251 407 3315 bediunt,
450 3261 501 3305 et
543 3256 633 3322 ipsi
681 3258 874 3311 similes
935 3266 1076 3311 sunt.
1126 3278 1156 3307 »

232 3364 251 3402 1
293 3365 662 3410 Ps.102,20,et148,
689 3368 720 3402 2.

233 3408 254 3444 3
293 3410 578 3452 Matin.18,10.

214 3453 267 3496 (5)
291 3454 353 3498 Ep.
378 3454 409 3490 1
431 3464 463 3489 e.
491 3455 545 3490 34.

218 3497 270 3545 1¹¹1)
293 3463 382 3536 Ad'v.
408 3500 503 3536 haer.
533 3500 557 3533 1.
582 3499 615 3542 4,
638 3507 670 3534 c.
698 3499 755 3543 37,
779 3509 805 3535 n

812 3370 860 3413 2)(
887 3372 942 3405 Ps.
964 3370 998 3412 8,
1023 3371 1055 3406 6.

811 3413 862 3456 (4
889 3416 1011 3450 Mami.
1025 3415 1082 3458 22,
1106 3414 1160 3451 30.

811 3458 873 3538 Ι((ὶί
886 3460 987 3502 Apol.
1014 3459 1047 3501 1,
1067 3470 1101 3495 n.
1127 3460 1161 3494 6.

534 164 541 174 .
582 142 645 180 nn
683 142 778 182 nno
813 141 867 179 ῑΝ
904 139 1176 189 anemone
1213 141 1278 181 An
1315 141 1520 180 minnan
1557 142 1819 185 spnc‘rmo.
2223 194 2227 196 ,

175 222 422 275 stentiam
459 222 660 292 probat.
692 223 1012 293 Frequenter
1032 224 1168 276 enim
1229 222 1282 276 S.
1315 223 1564 280 Iraeneus
1562 222 1650 296 (7)
1677 225 1874 295 inquit
1915 245 1940 275 «
1965 225 2124 281 Deus
2133 215 2300 314 lig-“s

1231 298 1354 350 mini
1409 297 1734 355 facultatem
1771 299 1995 368 eligendi
2060 302 2308 368 Ἴ

1231 373 1365 424 sicut
1405 378 1457 424 et
1494 373 1704 440 Angelis
1732 372 1875 445 (nam
1914 375 2105 442 Angeli
2149 377 2251 434 ina,

1231 445 1440 498 tellectu
1484 447 1697 514 praediti
1715 446 1878 519 sunt),
1902 456 1961 502 ut
1981 449 2228 503 obedien-
2242 506 2274 528 (Δ
2291 472 2309 514 4,

1233 526 1309 571 tes
1342 520 1474 572 iuste
1516 520 1647 573 bona
1690 523 1983 589 possideant
2027 539 2059 575 a
2117 510 2309 595 Deos>

1230 609 1493 646 concessa
1527 613 1550 643 »
1592 593 1646 647 S.
1678 595 1963 649 Ambrosius
1990 595 2066 667 (8)
2096 597 2309 704 haec}

1231 667 1419 720 habet:
1479 687 1506 717 «
1560 667 1670 722 Non
1727 676 1804 722 est
1843 669 1982 723 solus
2023 652 2302 806 (homo)={32.'j

1230 741 1584 806 rationabilis3
1626 743 1819 796 scimus
1869 745 2006 797 enim
2066 746 2302 807 ratio·

1228 816 1414 868 nabilia
1475 832 1586 868 esse
1650 823 1702 869 et
1765 817 2006 871 coelestia
2066 830 2267 887 opera

1228 889 1339 949 Dei,
1383 889 1607 957 Angelos
1648 898 1698 943 et
1738 890 2090 960 Archangelos
2139 901 2310 946 τεαῖς.

1230 964 1496 1016 tionabiles
1560 965 1884 1018 eonfitemur.
1945 985 1972 1015 »
2020 965 2072 1019 S.
2117 965 2223 1023 Au·
2262 989 2277 1026 ,·

1226 1039 1449 1104 qustinus
1490 1037 1565 1108 (9)
1612 1040 1716 1091 ait:
1751 1059 1777 1087 «
1832 1039 2078 1103 Quamvis
2116 1057 2221 1094 non
2260 1051 2269 1062 ·
2302 1037 2306 1039 ’

1228 1112 1494 1164 videamus
1517 1113 2216 1182 apparitionesAngelorum,
2302 1174 2310 1180 ,

1229 1192 1397 1238 tamen
1441 1186 1667 1254 Angelos
1706 1203 1839 1249 esse,
1885 1191 2126 1241 novimus
2151 1205 2220 1243 ex
2266 1202 2274 1209 ²

1228 1259 1345 1322 fide,
1390 1268 1442 1312 et
1498 1260 1674 1312 multis
1733 1263 2032 1329 apparuisse
2095 1263 2218 1330 legi-

1228 1349 1358 1389 muS.
1396 1354 1421 1383 »
1452 1333 1504 1386 S.
1539 1333 1805 1400 Gregorius
1831 1336 1905 1388 M.
1935 1334 2047 1406 (10)
2073 1337 2214 1389 dicit:

1231 1407 1412 1459 «Esse
1461 1408 1682 1477 Angelos
1746 1416 1795 1461 et
1861 1410 2216 1478 Archangelos
2263 1420 2284 1445 ’ν

1226 1498 1403 1535 omnes
1444 1483 1548 1534 sere
1588 1484 1718 1535 sacri
1772 1482 1957 1551 eloquii
2001 1484 2217 1551 paginae

1228 1556 1525 1624 loquuntur.
1564 1575 1586 1604 »
1630 1586 1703 1594 —
1746 1555 1881 1624 Ergo
1923 1557 2080 1610 verbo
2126 1558 2218 1611 Dei

1229 1637 1333 1682 tum
1377 1632 1563 1698 scripto
1604 1637 1712 1683 tum
1769 1631 1953 1683 tradito
1980 1632 2219 1685 innititur

1227 1704 1413 1756 decisio
1481 1704 1686 1756 Concilii
1748 1705 2109 1758 Lateranensis-
2146 1703 2226 1758 IV

1225 1793 1339 1845 cap.
1384 1778 1656 1829 Firmiter:
1716 1777 1876 1830 Unum
1915 1787 1982 1830 est
2021 1781 2217 1832 univer-

1224 1867 1391 1902 sorum
1413 1853 1713 1920 principium
1741 1851 1945 1904 Creator
1973 1855 2213 1913 omnium,

1225 1926 1494 1977 visibilium
1532 1933 1573 1977 et
1601 1926 1941 1985 invisibilium,
1987 1929 2222 1996 spiritua-

1226 1998 1350 2051 lium
1390 2007 1431 2050 et
1472 2000 1820 2067 corporalium,
1858 2001 1945 2068 qui
1982 2017 2073 2054 sua
2112 2018 2216 2054 om

1224 2074 1461 2142 nipotcnte
1513 2075 1688 2125 virtute
1743 2075 1892 2127 simul
1949 2075 2009 2127 ab
2071 2076 2221 2128 initio
2272 2101 2279 2106 ·

1227 2149 1452 2215 temporis
1491 2155 1751 2216 utramque
1794 2148 1849 2200 de
1902 2148 2059 2200 nihilo
2106 2165 2219 2202 con-

1225 2222 1350 2272 didit
1417 2230 1695 2273 creaturam
1722 2263 1733 2283 ,
1804 2222 2111 2291 spiritualem
2173 2232 2261 2290 et·

1224 2296 1539 2364 corporalem,
1597 2296 1864 2363 anqelicam
1917 2296 2129 2349 videlicet
2174 2304 2220 2349 et

1224 2370 1538 2438 corporalem,
1570 2370 1737 2422 deinde
1759 2370 2049 2431 humanam,
2073 2372 2219 2438 quasi

1224 2459 1524 2496 communem
1573 2460 1635 2495 θα)
1702 2445 1883 2512 spiritu
1925 2451 1969 2496 et
2020 2459 2216 2512 corpore
2280 2487 2285 2494 ,,

1223 2519 1555 2570 constitutam.
1586 2517 1818 2569 Dubitari
1839 2532 1962 2583 ergo
1984 2532 2085 2568 non
2109 2524 2218 2586 pot·

1224 2599 1320 2654 est,
1382 2591 1707 2643 existentiam
1767 2589 2086 2657 Angelorum
2150 2590 2216 2644 ad

1225 2666 1462 2733 dogmata
1505 2664 1619 2717 fidei
1663 2665 1935 2731 pertinere.

1296 2738 1450 2790 Nota.
1494 2737 1739 2800 Quamvis
1779 2737 1951 2790 ludaei
1999 2753 2066 2790 ex
2127 2737 2212 2791 Ss.

1226 2811 1427 2864 Litteris
1466 2812 1797 2865 existentiam
1824 2810 2138 2878 Angelorum
2165 2826 2219 2864 a·
2275 2848 2313 2876 ,ἡ

1225 2887 1394 2939 hunde
1417 2886 1773 2954 cognoverint,
1795 2886 2012 2941 eandem
2041 2891 2217 2946 tamen>
2319 2922 2322 2923 ν

1226 2967 1480 3030 negarunt
1542 2961 1626 3029 qui
1679 2966 1851 3012 sectae
1890 2958 2215 3012 Sadducaeo-

1226 3051 1339 3086 rum
1378 3035 1566 3086 addicti
1608 3041 1774 3086 erant.
1817 3032 1893 3085 De
1941 3032 2019 3084 liis
2075 3031 2213 3084 enim

1226 3109 1438 3174 legitur:
1482 3106 1759 3160 Sadducaei
1785 3107 1951 3159 dicunt
1987 3119 2090 3156 non
2117 3120 2216 3157 esse
2267 3174 2269 3181 ἲ

1223 3182 1654 3241 resurrectionem,
1684 3195 1836 3249 neque
1850 3177 2109 3247 Anyelum,
2129 3193 2216 3231 ne-
2244 3188 2286 3251 jj
2319 3227 2327 3229 ⁷.

1223 3270 1312 3323 que
1330 3255 1562 3324 spiritum
1590 3253 1725 3326 (Η).
1756 3252 2000 3305 Eiusdem
2027 3252 2215 3306 erroris
2255 3264 2326 3327 ''³ss

1271 3412 1316 3456 (8)
1343 3413 1380 3447 L.
1415 3412 1437 3447 5
1458 3413 1505 3448 de
1523 3412 1595 3448 fide
1617 3420 1650 3447 c.
1677 3411 1713 3453 2,
1737 3420 1772 3447 n.
1791 3411 1852 3447 >32

1268 3456 1320 3546 5⁹)
1343 3458 1418 3491 Ser.
1443 3455 1463 3492 1
1488 3457 1526 3490 in
1550 3458 1604 3491 Ps.
1637 3454 1713 3491 103.

1285 3500 1344 3545 10)
1367 3501 1469 3538 Hom.
1505 3499 1548 3536 34
1569 3500 1608 3536 in
1631 3501 1765 3543 Evang.
1885 3499 1958 3543 (11)
1986 3484 2210 3539 Aettssllwffi‘
2230 3539 2234 3550 Ι
2254 3475 2259 3479 .
2301 3500 2307 3502 ”
