2332 3860
313 192 418 245 1138

237 300 341 343 tem
378 288 519 344 certe
557 305 617 344 eo
669 290 869 360 dignior
921 298 974 346 et
1011 291 1226 345 nobilior

234 370 333 426 est,
355 379 457 433 quo
485 362 759 434 perfectius
783 373 836 419 et
862 367 1091 420 intimius
1111 365 1247 419 sub--

235 438 426 491 stantia
463 454 581 492 cum
622 439 753 493 Ente
781 441 1146 509 perfectissimo
1173 447 1225 493 et

233 511 432 566 infinito
472 513 648 566 unitur
686 521 738 566 et
775 515 839 567 ab
876 514 973 567 hoc
1011 516 1222 583 regitur.

240 605 262 634 «
307 585 371 639 Et
408 586 543 650 ideo,
578 588 649 640 ait·
686 586 744 643 S.
781 588 983 640 Thomas
1023 587 1118 659 (l),
1158 604 1224 640 ex

233 657 331 712 hoc
367 660 476 728 ipso
535 662 760 715 humana
801 668 985 715 natura
1025 663 1224 730 dignior

233 740 312 786 est.
351 735 402 786 in
457 733 657 789 Christo
714 752 868 805 quam
925 737 975 788 in
1038 736 1219 797 nobiS‚

232 808 367 876 quod
407 808 458 861 in
499 810 643 862 nobis
681 811 821 879 quasi
878 826 966 878 per
1017 827 1071 863 se
1118 811 1224 863 exi-

233 888 377 934 stens
404 884 660 951 propriam
695 885 1111 952 personalitatem
1139 884 1224 936 ha-

232 955 319 1008 bet
344 997 357 1018 ,
400 957 451 1008 in
493 956 694 1010 Christo
747 965 922 1011 autem
961 960 1135 1012 existit
1173 960 1224 1011 in

232 1028 454 1083 Persona
497 1031 671 1084 Verbi.
708 1051 733 1080 »

305 1103 412 1157 obi.
450 1105 530 1157 2³
568 1105 724 1158 Recte
752 1107 927 1175 quaeri
969 1113 1131 1175 potest
1160 1114 1223 1158 an

234 1180 362 1231 ratio
402 1194 650 1247 personae
690 1180 740 1232 in
784 1187 966 1232 natura
1001 1181 1223 1232 humana

231 1252 298 1304 sit
336 1254 644 1314 essentialis,
688 1270 753 1306 an
794 1255 1158 1307 accidentalis?
1185 1256 1225 1306 si

233 1326 495 1394 primum·
518 1327 736 1380 hominis
778 1344 1045 1396 personam
1083 1327 1226 1380 Chri-

232 1406 343 1452 stus
384 1400 534 1454 homo
575 1402 750 1455 debuit
805 1403 1026 1468 habere3
1069 1404 1109 1455 si
1151 1418 1227 1455 se-

231 1474 477 1534 cundum,
499 1504 521 1516 ·
541 1491 659 1529 cum
700 1477 1036 1530 accidentalia
1064 1494 1093 1529 a
1122 1476 1226 1530 Deo

233 1549 393 1602 modis
436 1549 665 1618 pluribus
715 1552 938 1620 suppleri
990 1553 1222 1620 possint,

234 1639 382 1676 nemo
420 1625 547 1677 sciet
584 1626 836 1694 amplius,
892 1641 958 1678 an
1009 1627 1075 1678 sit
1116 1642 1226 1694 per-

232 1713 355 1750 sona
397 1714 492 1751 nec
531 1715 618 1766 ne3
648 1707 699 1752 et
727 1716 791 1752 ex
831 1700 1030 1752 defectu
1075 1700 1226 1752 huius

232 1772 553 1826 certitudinis
604 1774 765 1827 multa
811 1775 1224 1827 inconvenientia

232 1847 372 1915 sequi
414 1848 740 1900 manifestum
763 1849 1016 1901 est.Haec
1055 1850 1227 1901 obiicit

233 1919 380 1989 Bayle
412 1922 463 1973 in
510 1938 602 1974 suo
642 1923 849 1975 diction.
907 1923 1082 1975 histor.
1124 1921 1221 1993 (⁰2).

306 1993 453 2060 Resp.
487 1994 781 2063 Captiosum
807 1997 962 2049 Baelii
986 1997 1223 2049 dilemma

234 2068 380 2121 facile
420 2070 673 2137 solvitur3
724 2079 862 2124 certe
922 2072 1058 2123 enim
1100 2075 1226 2124 ratio

234 2158 483 2210 personae
517 2146 583 2196 in
638 2151 819 2198 natura
860 2145 1085 2198 humana
1128 2163 1224 2198 non

235 2218 304 2268 ita
331 2218 619 2271 essentialis
671 2226 783 2281 est,
839 2227 896 2271 ut
942 2221 1070 2273 haec
1116 2222 1226 2273 sine

233 2290 321 2343 illa
359 2293 568 2357 eogitari
596 2299 647 2345 et
673 2294 895 2346 existere
923 2310 1021 2347 non
1055 2296 1225 2362 possit,

233 2366 352 2434 quia
393 2368 442 2418 in
484 2365 685 2420 Christo
726 2384 845 2420 vere
898 2377 1081 2421 natura
1133 2369 1225 2420 bu-

236 2455 382 2492 mana
423 2442 534 2493 sine
588 2458 800 2510 persona
854 2442 1079 2495 humana
1119 2445 1226 2495 exi-

234 2514 339 2566 stit.
380 2513 624 2568 Fatemur
650 2523 844 2578 autem,
888 2517 937 2568 id
978 2517 1084 2570 sola
1125 2522 1228 2569 vir-

234 2594 342 2640 tute
383 2588 555 2642 divina
595 2591 787 2643 factum
814 2607 945 2652 esse,
987 2592 1226 2659 quoniam

235 2663 538 2715 naturaliter
577 2663 686 2717 fleri
728 2681 827 2716 non
869 2672 1053 2732 potest,
1099 2671 1154 2717 ut
1175 2681 1226 2717 a·

237 2735 370 2788 nima
410 2738 609 2805 corpori
674 2739 816 2791 unita
857 2741 905 2790 in
947 2739 1109 2791 altero
1155 2743 1227 2790 in·

235 2809 441 2863 dividuo
493 2813 756 2864 subsistat.
813 2812 1130 2880 Quapropter
1177 2813 1225 2863 in

237 2884 523 2937 hominibus
540 2888 825 2939 necessario
845 2888 1091 2938 rationem
1117 2902 1227 2954 per-

237 2959 521 3011 sonalitatis
559 2962 919 3028 agnoscimus3
965 2960 1137 3012 nullus
1177 2977 1227 3010 e-

239 3032 342 3082 nim
371 3031 631 3086 hominum
664 3037 917 3103 propriam
951 3035 1229 3101 subsisten-

240 3105 360 3156 tiam
409 3107 456 3157 in
503 3107 640 3159 aliud
694 3109 1009 3161 individuum
1064 3115 1228 3159 trans-

239 3178 370 3231 ferre
410 3179 564 3234 vaiet.
602 3181 743 3243 Quod
785 3190 956 3234 autem
999 3182 1228 3234 homines

243 3268 343 3304 non
386 3253 582 3315 valent,
628 3258 813 3308 virtute
843 3257 1014 3308 divina
1055 3256 1226 3324 perfici

242 3341 407 3394 posse,
453 3342 600 3379 nemo
641 3331 864 3396 negabit,
909 3331 1002 3383 nisi
1042 3331 1125 3399 qui
1166 3329 1228 3382 O·

244 3401 629 3468 mnipotentiam
669 3401 760 3454 Dei
802 3410 984 3468 negat,
1026 3411 1117 3456 aut
1156 3419 1231 3455 re·

240 3474 464 3539 stringit.
488 3473 681 3541 Neque
731 3476 918 3528 exinde
965 3477 1226 3546 sequitur,

287 3574 337 3618 u)
363 3573 392 3615 ft,
421 3574 500 3615 ΜΒ,
528 3581 593 3608 art.
607 3573 643 3615 2.
666 3577 723 3608 uit.
750 3574 781 3609 ἱ.

650 211 713 248 DE
753 211 845 248 nsso
883 210 1014 248 LApst
1057 210 1242 248 numm
1278 209 1483 250 ommis
1519 178 1856 252 nssnssmprolm.

1287 291 1542 347 neminem
1570 293 1634 348 de
1660 310 1753 348 sua
1781 292 2144 364 personalitate
2168 292 2291 366 eea?¹

1288 374 1398 420 tum
1436 379 1549 420 esse
1588 384 1754 438 posse.
1797 367 1924 422 Cum
1964 370 2102 422 enim
2138 367 2276 423 a'fa-

1286 448 1368 494 cto
1407 442 1810 495 extraordinario
1850 449 1902 495 et
1928 455 2127 495 summe
2167 458 2278 510 pro-

1286 514 1498 582 digioso,
1528 515 1678 584 quale
1705 523 1783 569 est
1808 515 2096 569 lncarnatio
2122 514 2276 571 Verbi

1287 604 1386 641 non
1443 588 1615 641 valeat
1664 590 2027 660 consequentia
2077 588 2141 642 ad
2180 605 2274 652 ea,

1285 678 1415 732 quae
1434 662 1717 716 secundum
1737 680 1945 716 cursum
1963 663 2280 716 ordinarium

1285 743 1500 789 naturae
1539 737 1700 801 fiunt3
1750 738 1963 807 quilibet
2007 738 2131 790 satis
2169 743 2278 789 tuto

1286 811 1593 864 concludere
1635 818 1820 879 potest,
1865 827 1919 864 se
1958 827 2068 864 esse
2110 827 2280 880 perso-

1290 901 1428 946 nam,
1473 885 1783 938 conscientia
1808 886 1986 937 intima
2015 886 2179 937 cuivis
2205 892 2281 937 at-

1290 966 1540 1021 testante,
1583 959 1717 1028 quod
1758 961 1823 1011 sit
1877 975 2093 1027 persona
2135 975 2282 1027 pecu-

1291 1034 1428 1085 liaris
1467 1034 1531 1085 ab
1569 1033 1682 1085 aliis
1721 1034 1980 1086 distincta.
2023 1031 2161 1085 Deus
2188 1034 2283 1084 uti·
2326 1031 2332 1033 ’

1287 1123 1385 1176 que
1425 1108 1580 1160 etiam
1632 1123 1817 1176 aquam
1860 1108 1908 1159 in
1952 1108 2130 1159 vinum
2172 1123 2283 1158 mu·-

1288 1190 1396 1233 tare
1436 1188 1620 1250 potest,
1646 1182 1778 1250 quod
1803 1181 2037 1233 Christus
2067 1182 2116 1232 in
2146 1179 2284 1233 Cana

1288 1254 1545 1307 Galilaeae
1586 1256 1722 1317 lecit,
1756 1262 1805 1307 et
1835 1271 1985 1308 nemo
2014 1262 2184 1307 tamen
2222 1269 2284 1305 ex

1289 1329 1425 1382 fonte
1465 1329 1708 1381 hauriens
1735 1329 1954 1389 dubitat,
1996 1345 2050 1380 se
2089 1344 2276 1397 aquam

1288 1410 1339 1455 et
1377 1420 1476 1455 non
1519 1406 1697 1455 vinum
1729 1403 1923 1466 bibere,
1954 1409 2109 1472 gustu
2144 1403 2284 1455 testi-

1289 1479 1519 1531 monium
1557 1478 1771 1530 ferente.

1664 1649 1704 1708 ς
1743 1650 1894 1696 aso.

1373 1749 1419 1783 11.
1445 1748 1480 1784 B.
1494 1747 1535 1785 V.
1557 1747 1668 1782 Maria
1692 1753 1792 1783 recte
1825 1746 2027 1790 appellatur
2050 1750 2088 1782 et
2110 1753 2196 1782 vere

1543 1817 1586 1843 ac
1610 1807 1757 1852 proprie
1779 1812 1837 1842 est
1861 1807 2026 1851 Deipara.

1360 1919 1556 1988 Dogma
1596 1919 1692 1972 hoc
1746 1919 2055 1972 catholicum
2112 1916 2317 1978 Nesto--¹

1287 1994 1397 2045 rius
1424 1994 1763 2062 impugnavit.
1797 1993 2004 2046 Callidis
2045 1992 2282 2060 equidem

1291 2070 1797 2137 tergiversationibus
1828 2074 1976 2120 utens
1997 2066 2203 2117 admisit
2229 2066 2283 2117 in
2312 2060 2329 2116 Ἴ

1293 2143 1391 2195 lato
1448 2151 1500 2195 et
1538 2144 1813 2211 improprio
1861 2157 2015 2194 sensu
2064 2139 2280 2192 Mariam
2320 2175 2332 2203 ‚r

1289 2216 1526 2281 θεοτὸκον,
1572 2218 1839 2284 Deiparam
1887 2215 2133 2285 appellari
2172 2224 2332 2282 pos-²

1289 2311 1373 2363 se,
1427 2311 1526 2347 non
1567 2299 1737 2344 autem
1781 2292 1830 2341 in
1873 2305 2026 2342 sensu
2067 2303 2191 2340 vero
2233 2293 2330 2339 et

1292 2370 1510 2438 proprio,
1541 2382 1640 2435 quo
1675 2365 1992 2416 solummodo
2021 2360 2283 2425 Χριςοτὸκον

1290 2443 1602 2512 Christipara
1632 2446 1709 2492 est
1737 2439 1971 2498 dicenda,
2014 2439 2133 2509 quia
2162 2453 2282 2491 eum

1289 2519 1499 2585 genuit,
1543 2530 1658 2567 cum
1700 2528 1798 2581 quo
1842 2518 2013 2579 postea
2055 2511 2280 2565 Verbum
2311 2529 2332 2564 a

1288 2591 1493 2659 speciali
1519 2589 1665 2641 modo
1692 2587 1895 2637 unitum
1921 2586 2033 2638 fuit.
2061 2615 2132 2624 --
2155 2584 2284 2638 Con·
2308 2599 2315 2619 ³·

1291 2671 1366 2717 tra
1421 2667 1585 2732 ipsum
1639 2660 1893 2728 probanda
1935 2665 2012 2711 est
2051 2659 2282 2712 doctrina
2302 2711 2311 2725 ¹,

1289 2738 1559 2798 catholica,
1586 2750 1714 2805 quae
1735 2734 1876 2794 dicit,
1901 2733 2114 2786 Mariam
2144 2741 2283 2786 recte
2296 2755 2327 2795 s,

1290 2812 1531 2880 appellari
1571 2825 1631 2862 ac
1673 2823 1793 2859 vere
1832 2813 1884 2859 et
1923 2807 2122 2875 proprie
2169 2821 2279 2861 esse
2305 2807 2332 2886 45

1294 2886 1551 2954 Deiparam
1596 2899 1685 2935 seu
1724 2882 1935 2933 Matrem
1974 2880 2083 2935 Dei.
2289 2883 2301 2933 ἴ,

1366 2962 1414 3012 l.
1460 2961 1518 3012 In
1557 2957 1606 3011 S.
1655 2954 1917 3023 Scriptura
1959 2955 2081 3007 talia
2121 2954 2329 3014 conti-2,¹

1291 3041 1497 3095 nentur,
1540 3047 1671 3102 quae
1713 3030 1959 3095 Deiparae
1986 3045 2076 3081 seu
2105 3028 2313 3094 Matris]

1293 3109 1378 3160 Dei
1461 3103 1859 3158 denominationi
1931 3100 2296 3171 aequivalenti¹

1294 3182 1410 3233 Luc.
1447 3182 1498 3242 l,
1531 3180 1622 3240 55,
1653 3176 1880 3244 Angelus
1908 3175 2095 3228 Mariae
2127 3175 2301 3234 dixit}¹

1290 3255 1414 3323 quod
1451 3261 1674 3305 nascetur
1699 3267 1760 3304 ea:
1786 3258 1828 3302 te
1854 3248 2111 3330 Sanctmp,
2144 3259 2299 3322 com-4·

1292 3330 1424 3381 bitur
1461 3327 1622 3379 Filias
1674 3325 1803 3386 Dm
1842 3322 1882 3374 si
1938 3323 2024 3374 illc
2063 3324 2147 3392 qui

1289 3403 1452 3454 scitur
1489 3417 1555 3453 ex
1595 3399 1748 3453 Maria
1792 3401 1932 3450 recte
1970 3403 2194 3449 vocatur
2238 3399 2293 3441 w?

1291 3490 1412 3528 vcrc
1466 3484 1542 3526 est
1599 3473 1819 3526 Sanctus
1879 3482 1971 3538 por
2020 3468 2286 3524 execitew

1350 3576 1370 3608 ἰ
1412 3573 1451 3608 v.
1475 3573 1627 3610 varou.
