2332 3860
247 151 352 206 538

175 249 326 301 vinae
366 253 588 301 nostram
635 246 898 301 humiliter
934 247 1164 300 subiicia-

179 337 313 375 mus.

247 393 352 448 obi.
377 394 461 447 2·
482 392 712 448 Christus
739 395 789 448 in
817 409 968 447 cruce
1002 392 1163 460 gravi-

176 476 254 522 ter
294 469 603 520 lamentatus
631 476 727 530 est,
754 485 808 521 se
834 485 862 520 a
892 468 995 519 Deo
1023 468 1165 518 dere-

175 541 353 595 lictum
391 548 443 594 et
487 558 516 593 a
564 543 797 595 manibus
842 542 1159 593 inimicorum

177 632 276 669 non
297 622 530 683 ereptum
558 630 688 668 esse.
714 617 859 668 Morti
889 615 1022 666 enim
1055 630 1160 681 pro-

175 690 346 745 ximus
404 691 751 742 exclamavit:
815 689 943 741 Deus
998 704 1157 747 meus,

178 764 304 816 Deus
364 779 538 824 mem,
581 772 633 815 ut
683 764 803 831 quid
860 762 1162 830 dereliquisti

175 854 248 890 me
289 836 395 908 (l)?
440 837 572 902 Ergo
603 837 763 888 noluit
794 843 1031 896 mortem,
1074 836 1159 886 sed

174 912 343 965 aliena
372 912 419 962 vi
447 911 659 962 adactus
682 911 741 962 ad
767 926 881 961 eam
908 910 1155 978 pervenit.

250 985 388 1053 Resp.
443 983 606 1036 Citata
667 986 821 1036 verba
881 1001 979 1035 non
1043 990 1160 1035 sunt

182 1059 519 1129 desperantiS,
563 1073 657 1110 nec
685 1065 898 1110 mortem
925 1073 1162 1125 respuen-

180 1135 263 1193 tis,
307 1134 395 1186 sed
436 1131 598 1184 soium
639 1134 912 1184 maximam
960 1133 1161 1184 animae

176 1207 538 1262 desolationem
582 1206 970 1258 manifestantis,
1023 1205 1158 1256 idem

175 1279 405 1333 Christus
446 1296 561 1332 mox
594 1286 703 1347 post
729 1281 879 1331 citata
910 1279 1065 1331 verba
1089 1279 1162 1329 di-

177 1356 277 1406 xit:
305 1355 702 1407 Consummatum
728 1361 794 1406 est
823 1351 918 1424 (2).
936 1353 1161 1419 -Paler,

176 1430 228 1480 in
268 1445 440 1480 manus
479 1437 585 1480 tuas
619 1428 890 1480 commendo
934 1428 1160 1497 spiritum

174 1519 332 1555 meum
380 1502 477 1574 (5);
522 1502 706 1571 quibus
747 1503 915 1554 verbis
954 1502 1162 1554 manife-

175 1583 250 1629 ste
291 1578 531 1638 ostendit,
574 1593 628 1628 se
653 1592 817 1645 neque
845 1576 1159 1644 desperasse,

176 1666 270 1703 nec
307 1652 506 1720 iniquas
544 1658 721 1703 contra
760 1650 923 1703 Deum
982 1667 1160 1719 quere-

175 1724 249 1776 las
288 1727 528 1786 movisse,
572 1725 660 1777 sed
701 1741 816 1776 cum
858 1725 1005 1777 Patre
1044 1725 1159 1776 inti-

175 1814 257 1851 ma
297 1799 546 1852 charitate
586 1800 916 1851 coniunctum
983 1800 1154 1852 fuisse.

174 1871 391 1941 Egregie
431 1874 585 1940 igitur
623 1871 683 1926 S.
735 1873 828 1924 Leo
878 1873 949 1925 M.
980 1872 1054 1942 (li)

177 1953 283 1998 tata
323 1947 480 1999 verba
519 1963 782 2015 exponens
803 1946 953 1998 dicit:
988 1966 1014 1995 «
1039 1946 1158 1998 Tra·

176 2018 226 2072 di
275 2019 545 2073 Dominum
612 2021 831 2089 passioni
897 2027 1001 2072 tam
1067 2022 1159 2073 fuit

174 2099 415 2163 paternae
454 2110 604 2163 quam
642 2095 799 2163 ipsius
857 2094 1151 2157 voluntatiS,

176 2175 234 2221 ut
272 2185 389 2222 eum
429 2185 529 2221 non
577 2169 741 2221 solum
799 2168 948 2220 Pater
1004 2170 1156 2220 relin-

175 2250 372 2311 queret,
414 2243 502 2295 sed
542 2244 695 2295 etiam
735 2244 841 2311 ipse
868 2259 921 2294 se
938 2243 1153 2312 quadam

173 2317 400 2373 ratione,
434 2317 723 2379 desereret,
793 2332 892 2370 non
961 2318 1152 2385 trepida

174 2391 500 2451 discessione,
543 2391 632 2443 sed
698 2391 985 2443 voluntaria
1047 2406 1153 2444 ces—

174 2465 332 2518 sione.
377 2464 639 2520 Continuit
678 2466 814 2517 enim
867 2481 921 2516 se
980 2471 1030 2517 et
1091 2467 1154 2519 ab

174 2539 339 2611 impiis
395 2539 625 2593 crucifixi
683 2546 925 2608 potestaS,
987 2546 1037 2591 et
1100 2547 1154 2592 ut

174 2613 497 2682 dispositione
536 2620 767 2666 uteretur
805 2613 1026 2674 occulta,
1070 2630 1156 2666 no-

175 2686 269 2740 luit
307 2688 380 2739 uti
432 2688 620 2740 virtute
674 2688 959 2739 manifesta.
1027 2687 1151 2740 Nam

172 2762 259 2829 qui
299 2768 513 2815 mortem
553 2768 604 2814 et
653 2763 830 2814 mortis
892 2767 1153 2813 auctorem

174 2850 265 2886 sua
305 2842 515 2888 venerat
571 2837 804 2904 passione
866 2834 1148 2896 destruere,

175 2909 424 2977 quomodo
451 2916 755 2977 ‘peccatores
800 2908 969 2962 salvos
1026 2910 1155 2961 iace-

176 2989 275 3042 ret,
338 2983 380 3034 si
443 2984 850 3051 persecutoribus
907 2999 1155 3051 repugna-

174 3053 299 3108 ret?
354 3075 380 3104 >i
421 3086 493 3095 —
520 3057 634 3126 ipsa
672 3073 792 3125 ergo
849 3057 1108 3109 derelictio
1137 3099 1149 3119 ,

174 3144 328 3198 quam
368 3130 522 3182 citata
583 3132 739 3184 verba
802 3131 1149 3192 manifestant,

173 3203 372 3255 Christo
411 3204 699 3257 voluntaria
740 3205 852 3265 suit,
895 3212 946 3256 et
971 3221 1035 3257 ex
1063 3207 1153 3258 im-

128 3299 133 3302 ·
173 3293 353 3330 mensa
391 3293 511 3345 erga
541 3278 818 3330 humanum
846 3294 1009 3346 genus
1035 3279 1156 3333 cha-

175 3353 326 3405 ritate
365 3350 583 3404 admissa
623 3357 674 3403 et
715 3352 943 3405 tolerata.

217 3480 254 3568 ὃ
294 3481 419 3516 Mami
444 3479 500 3522 27,
527 3478 584 3515 40.

296 3526 418 3560 loanni.
447 3505 501 3566 io,
523 3521 578 3559 ³⁰.

585 168 648 205 DE
683 167 776 205 1)Εο
814 164 946 205 mest
984 166 1170 203 HUMAM
1208 164 1411 203 GENERIS
1447 166 1784 206 REDEMPTORE.
1850 187 1859 222 f

1609 281 1648 342 ς
1678 280 1818 328 που.

1256 383 1477 419 ILLibertas
1497 383 1632 424 Christi
1653 394 1720 430 per
1741 385 1823 420 eius
1847 383 2182 430 impeccabttttatem

1591 451 1665 478 non
1686 444 1839 480 tollitur.

1295 536 1548 590 Sociniani
1588 538 1871 608 clamitant,
1898 539 1948 592 in
1977 540 2204 596 doctrina

1224 611 1589 664 catholicorum
1636 621 1866 681 apertam
1924 614 2032 668 dari
2090 631 2208 668 con·

1227 686 1600 748 tradictionem,
1644 687 1763 740 dum
1804 704 1871 740 ex
1909 705 2011 741 una
2065 697 2206 758 parte

1225 758 1424 813 Christo
1471 761 1758 814 libertatem
1797 763 1847 814 in
1895 770 2056 815 morte
2093 763 2208 816 sub-

1939 0 2332 302 Ξ,

2243 299 2332 535 i

2278 540 2332 607 ΞΕ

2276 303 2312 416 m

1224 834 1392 885 eunda
1450 835 1781 896 adiudicant,
1825 843 1981 889 etex
2043 837 2206 890 altera
2291 859 2303 870 ·

1227 916 1367 974 parte
1411 909 1709 962 mandatum
1750 908 1913 962 Patris
1951 910 2014 962 de
2041 921 2206 964 morte

1227 983 1519 1047 perferenda
1544 983 1741 1035 Christo
1769 985 2081 1052 impositum,
2114 985 2207 1037 hu-

1224 1055 1401 1124 iusque
1458 1057 1845 1124 impeccantiam
1907 1058 2201 1112 admittunt.

1224 1128 1359 1181 Haec
1398 1137 1591 1191 autem,
1635 1133 1799 1193 aiunt,
1845 1132 2066 1185 invicem
2091 1149 2207 1184 eon-

1223 1203 1382 1255 ciliari
1416 1213 1711 1272 nequeunt3
1755 1205 1834 1258 vel
1875 1208 2010 1258 enim
2063 1206 2205 1259 Chri-

1223 1284 1333 1329 stus
1397 1279 1561 1345 potuit
1615 1280 1679 1331 ab
1735 1286 1854 1332 actu
1913 1287 2202 1349 praecepto,

1226 1367 1406 1419 nempe
1444 1368 1473 1404 a
1516 1354 1746 1420 passione
1786 1361 1838 1406 et
1874 1362 2038 1408 morte
2095 1371 2206 1423 per·

1224 1425 1430 1477 ferenda
1468 1427 1743 1488 abstinere,
1770 1428 1851 1479 vel
1881 1445 1978 1481 non
2020 1431 2201 1497 potuit.

1221 1498 1271 1551 Si
1315 1500 1495 1568 potuit,
1565 1517 1684 1569 ergo
1745 1504 1906 1568 potuit
1971 1519 2201 1570 peccare,

1222 1575 1448 1643 adeoque
1490 1591 1588 1627 non
1630 1582 1707 1628 est
1742 1577 2102 1645 impeccabilis.
2152 1576 2206 1630 Si

1225 1665 1321 1700 non
1367 1650 1545 1716 potuit3
1590 1666 1710 1717 ergo
1752 1653 2053 1703 necessitate
2091 1668 2206 1704 coa·

1222 1730 1334 1775 ctus
1375 1739 1580 1775 crucem
1633 1725 1894 1785 sustinuit,
1922 1732 1972 1777 et
1998 1726 2048 1777 in
2074 1741 2205 1778 mor-

1222 1808 1270 1848 te
1311 1798 1609 1865 perferenda
1652 1799 1778 1851 liber
1817 1815 1915 1858 non
1959 1802 2071 1851 fuit.
2102 1799 2206 1852 Ma-

1094 1874 1160 1924 ci-
1222 1871 1401 1924 nifeste
1441 1888 1581 1937 ergo,
1626 1879 1795 1925 stante
1836 1874 2075 1926 mandato
2114 1874 2206 1925 Pa-

1222 1946 1311 1996 tris
1344 1987 1356 2006 ,
1423 1947 1757 2014 impeccantia
1822 1946 2008 1999 Christi
2072 1947 2204 2000 tollit

1220 2020 1448 2071 eiusdem
1489 2021 1776 2073 libertatem
1816 2022 1865 2072 in
1908 2028 2072 2073 morte
2094 2037 2204 2090 per-

1221 2093 1446 2146 ferenda.
1498 2123 1567 2133 -—
1607 2094 1918 2147 Gravissima
1971 2097 2080 2148 visa
2127 2103 2205 2148 est

1222 2167 1467 2235 theologis
1531 2167 1657 2220 haec
1721 2167 1991 2221 difficultas
2023 2208 2039 2234 ,
2114 2170 2203 2222 sed

1221 2243 1498 2293 notandum
1540 2249 1615 2294 est
1643 2283 1654 2303 ‚
1698 2243 1829 2311 quod
1870 2243 1978 2311 ipsa
2016 2243 2204 2295 dunta-

1217 2322 1307 2367 xat
1345 2316 1479 2367 circa
1512 2316 1709 2368 modum
1773 2324 2037 2379 versetur,
2104 2333 2203 2386 quo

1219 2388 1425 2442 libertas
1463 2387 1646 2442 Christi
1687 2405 1803 2443 cum
1844 2392 1952 2444 eius
2015 2392 2205 2460 impec-

1216 2464 1387 2517 cantia
1436 2464 1753 2516 concilietur.
1797 2464 2113 2533 Quapropter
2138 2465 2202 2518 ad

1217 2538 1357 2589 illam
1422 2538 1790 2590 retundendam
1862 2542 2014 2591 etiam
2073 2539 2202 2591 indi-

1217 2619 1353 2663 recte
1416 2612 1720 2679 respondere
1780 2612 1917 2665 licet.
1962 2612 2119 2667 Vanis
2151 2618 2201 2665 e-

1217 2686 1322 2736 nim
1342 2685 1752 2738 adversariorum
1792 2686 2202 2740 cavillationibus

1216 2765 1353 2811 recte
1381 2761 1680 2828 opponimus
1719 2767 1910 2814 certam
1937 2762 2201 2830 utriusque

1216 2835 1445 2885 veritatis
1508 2834 1890 2888 revelationem.
1957 2834 2034 2888 Ex
2102 2835 2200 2888 hac

1214 2909 1350 2958 enim
1391 2915 1610 2970 constat,
1652 2907 1907 2961 Christum
1948 2915 2004 2961 ut
2040 2908 2200 2960 homi-

1218 2997 1333 3033 nem
1386 2997 1585 3050 quoque
1641 2997 1762 3035 vere
1818 2982 2198 3050 impeccabilem

1215 3071 1363 3117 esse,
1418 3061 1469 3106 et
1526 3071 1593 3107 ex
1646 3056 1824 3108 eadem
1887 3055 2198 3108 revelatione

1216 3130 1317 3180 iam
1377 3129 1645 3196 probatum
1703 3136 1807 3191 est,
1849 3128 2104 3182 Christum
2145 3130 2198 3181 in

1214 3209 1378 3255 morte
1429 3202 1694 3256 subeunda
1740 3204 1957 3256 liberum
2020 3203 2194 3255 fuisse.

1217 3276 1355 3328 Duae
1394 3291 1514 3343 ergo
1554 3276 1635 3328 hic
1673 3277 1926 3330 habentur
1957 3277 2198 3329 veritates

1215 3366 1279 3403 ex
1307 3349 1618 3403 revelatione
1642 3358 1815 3404 certae
1838 3366 1852 3401 ε
1894 3351 2083 3404 veritas
2109 3364 2197 3404 au·

1257 3477 1311 3567 {a

1333 3478 1419 3513 Luc.
1444 3478 1500 3517 23,
1522 3477 1578 3514 4⁶.

1332 3523 1442 3558 serm.
1458 3521 1511 3565 17,
1534 3524 1579 3557 dc
1601 3523 1698 3558 Post.
1724 3521 1828 3557 Dom.
1852 3529 1926 3566 cap.
1941 3520 1974 3557 ί.
