2332 3860
838 3 869 22 ι..

261 160 369 216 ᾶ86

603 174 668 218 niz
706 182 799 219 ntro
824 174 972 220 -mnsi
1007 182 1198 220 numm
1233 151 1440 220 saumis
1474 183 1814 222 annumerem.
1919 164 1922 166 ’
2104 188 2177 202 ⁹
2261 189 2266 191 ·

186 258 274 314 hm
313 260 465 315 ¹¹¹⁰d⁰
515 259 702 331 Ubique
769 277 1014 331 praesens
1077 270 1174 325 est,
1239 270 1297 316 Ut
1337 251 2301 323 natura:humanasssuhsismwitr‘·

184 335 306 404 quin
348 335 574 404 spatium
620 344 857 407 occupet,
927 337 1008 392 vel
1070 336 1179 391 loco

183 410 658 466 circumscribatur.

446 553 823 599 ARTIGULUS
857 556 913 592 11.

574 668 613 726 ς
650 668 784 714 244.
861 649 865 653 ’

448 757 500 792 De
523 757 733 792 adoratione
757 756 902 792 Christi.

258 852 473 906 Nomine
532 853 844 907 adorationis
908 855 959 906 in
1025 870 1177 907 sensu

182 929 363 980 stricto
403 935 454 979 et
493 929 834 980 communiter
874 944 902 979 a
930 928 1180 995 theologis

182 1009 390 1069 recepto
411 1001 714 1067 intelligitur
736 1017 969 1054 summus
1004 1002 1180 1055 latriae

182 1075 378 1136 cultuS,
423 1076 506 1143 qui
573 1075 667 1127 soli
731 1076 843 1128 Deo
908 1076 1181 1129 exhibetur

184 1156 392 1218 propter
434 1150 685 1202 infinitam
750 1152 860 1203 eius
923 1151 1183 1203 excellen-

185 1224 332 1284 tiam,
377 1239 475 1292 qua
523 1239 821 1291 supremum
889 1225 946 1284 in*
1006 1241 1182 1278 omnes

181 1313 265 1349 res
305 1304 510 1349 creatas
537 1298 822 1350 dominium
852 1298 1026 1351 habet.
1055 1299 1179 1351 Cum

184 1371 326 1422 lesus
367 1369 603 1424 Christus
668 1373 733 1424 sit
799 1388 955 1424 verus
1020 1373 1177 1435 DeuS,

183 1445 407 1501 dubitari
449 1461 547 1497 non
592 1452 777 1514 potest,
833 1448 998 1514 ipsum
1061 1464 1182 1500 vere

181 1518 525 1582 adorandum,
570 1536 661 1572 seu
701 1536 962 1573 summum
1003 1521 1181 1573 latriae

182 1594 382 1645 cultum
425 1594 518 1661 ipsi
585 1595 985 1663 impendendum
1046 1612 1176 1647 esse.

181 1667 282 1718 Sed
325 1667 469 1720 lesus
510 1666 742 1721 Christus
781 1670 937 1721 etiam
978 1676 1054 1722 est
1098 1686 1181 1721 ve·

182 1757 275 1792 rus
315 1740 468 1793 homo
511 1758 577 1793 ex
616 1744 788 1794 anima
831 1743 1066 1795 rationali
1133 1751 1183 1796 et

183 1814 413 1867 humana
455 1831 611 1868 carne
652 1818 957 1870 subsistens.
996 1817 1179 1879 Quaeri

184 1905 307 1955 ergo
360 1896 548 1956 potest,
618 1891 786 1959 qualis
851 1892 1022 1943 cultus
1088 1893 1180 1959 ipsi

183 1969 430 2030 tanquam
473 1962 641 2015 Verbo
707 1966 974 2017 incarnato
1010 2006 1022 2026 ‚
1091 1981 1179 2017 seu

184 2035 391 2088 homine
433 2037 564 2089 lacto
605 2038 924 2090 exhibendus
964 2038 1182 2091 sit?—

181 2108 377 2162 Verum
420 2113 651 2178 quaestio
692 2113 787 2164 ista
829 2129 894 2164 ex
936 2113 1035 2164 iam
1067 2130 1179 2180 pro-

181 2184 315 2236 batis
356 2183 681 2250 dogmatibus
735 2186 882 2238 facile
940 2187 1174 2239 solvitur.

181 2256 326 2309 Sicut
355 2259 503 2310 renim
546 2259 786 2311 divinitas
815 2267 865 2312 et
886 2260 1182 2313 humanitas

181 2329 368 2383 Christi
437 2348 594 2384 unam
659 2350 931 2401 personam
997 2337 1181 2387 consti-

101 2410 105 2414 ’
181 2411 354 2466 munt,
398 2406 467 2458 ita
510 2408 666 2459 etiam
730 2424 828 2460 una
896 2409 1181 2478 eademque

180 2479 478 2531 adoratione
519 2479 762 2534 divinitas
803 2481 988 2535 Christi
1030 2490 1080 2535 et
1132 2499 1180 2534 e·

181 2553 261 2603 ius
318 2552 622 2613 ‚humanitas
662 2557 921 2608 adoranda
962 2563 1058 2609 est.
1104 2554 1179 2608 Ad

181 2625 315 2677 hanc
331 2628 618 2680 doctrinam
635 2629 1017 2681 dilucidandam
1041 2631 1182 2683 theo-

184 2699 282 2766 logi
350 2716 468 2753 cum
532 2702 590 2755 S.
652 2701 948 2774 Tlaoma(11)
1002 2704 1181 2757 distin-

183 2781 351 2837 guunt
399 2775 713 2829 adorationis
759 2778 991 2829 obiectum
1039 2786 1089 2830 et
1131 2795 1181 2830 e-

183 2847 383 2899 iusdem
422 2865 619 2901 causam
659 2866 749 2902 seu
802 2853 1058 2903 motivum.
1104 2851 1182 2904 Ad

182 2920 438 2973 obiectum
488 2924 799 2977 adorationis
825 2966 838 2987 ‚
867 2939 870 2943 ’
905 2926 1039 2993 quod
1105 2932 1182 2978 est

117 3046 137 3051 ,,
182 2995 382 3060 integer
423 2995 675 3061 Christus,
739 3000 961 3066 pertinet
1025 2999 1179 3051 etiam

183 3067 293 3134 ipsa
333 3084 452 3120 caro
492 3087 582 3122 seu
649 3073 818 3140 pot-ius
883 3073 1178 3126 humanitas

185 3139 373 3192 Christi
416 3151 566 3209 prout
605 3147 838 3199 subsistit
878 3147 928 3198 in
988 3146 1178 3207 Verbo,

183 3228 277 3265 seu
318 3214 372 3266 in
410 3226 626 3270 concreto
639 3237 662 3280 ;
701 3236 856 3273 causa
912 3236 1035 3273 vero
1090 3237 1181 3274 seu

183 3288 436 3341 motivum
504 3289 657 3343 huius
728 3295 1042 3347 adorationis
1094 3302 1184 3356 ‚est

185 3363 308 3415 unio
345 3361 693 3431 hypostatica,
738 3384 835 3437 qua
859 3369 1051 3423 factum
1081 3376 1178 3432 est,

174 3503 186 3517 ⁹
230 3534 284 3581 (ι)
309 3534 342 3580 a,
366 3545 399 3581 q.
427 3535 483 3579 23,
509 3544 579 3575 m.
600 3538 630 3576 ι.

1243 412 1443 480 propria
1483 411 1659 474 Verbi,
1699 429 1791 466 seu
1832 411 2255 474 carchei,fflut·-

1241 485 1418 539 Patres
1458 486 1754 555 loquuntur.
1774 512 1779 520 τ
1799 486 1930 539 Hinc
1965 485 2061 538 etsi
2107 494 2236 548 caro·
2268 498 2332 568 ἰή

1242 558 1425 613 Christi
1465 561 1706 614 adoretur
1744 562 1797 613 in
1834 577 1903 620 se,
1945 574 2047 611 non
2111 558 2228 611 ado'-
2280 566 2332 640 ,ζμ

1243 640 1385 686 ratur
1425 641 1596 686 tamen
1629 641 1827 703 propter
1857 650 1925 694 se,
1956 631 2090 702 quod
2116 647 2232 701 pro·
2269 623 2332 712 ζξ

1245 708 1410 775 prium
1450 716 1528 761 est
1567 708 1723 761 solius
1762 707 2064 768 divinitatis,
2102 720 2232 775 quae
2272 710 2332 765 '=‚-J:

1243 787 1321 833 est
1357 782 1508 834 simul
1551 782 1804 834 obiectum
1869 789 1922 835 et
1985 780 2231 833 motivum
2284 781 2332 838 {4

1243 857 1467 923 supremi
1509 855 1690 908 latriae
1729 855 1929 918 cultus,
1996 870 2057 907 ac
2119 869 2234 922 pro·
2286 846 2332 923 '3231

1246 936 1418 996 pterea
1457 929 1702 982 adoratur
1740 930 1794 981 in
1841 945 1891 982 sc
1930 936 1982 982 et
2041 935 2236 997 propter

1244 1019 1312 1055 se.
1356 1003 1455 1055 Sed
1499 1012 1668 1056 tamen
1712 1004 1939 1072 praefata
2004 1003 2235 1055 adoratio

1246 1078 1580 1130 humanitatis
1620 1094 1720 1130 non
1762 1077 1979 1130 dicenda
2029 1084 2107 1128 est
2163 1090 2246 1127 rer

1245 1151 1412 1213 ἰαιίυα,
1480 1154 1612 1204 sicut
1659 1169 1756 1215 ea,
1815 1166 1948 1220 quae
2010 1150 2235 1203 defertur

1245 1227 1452 1292 imagini
1492 1226 1710 1285 Christi,
1773 1226 1860 1279 sed
1919 1226 2123 1295 propria
2187 1228 2234 1275 et

1244 1300 1482 1361 absoluta,
1515 1302 1637 1368 quia
1675 1300 1919 1353 adoratur
1981 1314 2196 1367 persona
2220 1339 2231 1359 ‚
2295 1320 2318 1364 π,

1244 1376 1390 1426 cuius
1430 1381 1506 1427 est
1546 1381 1750 1436 natura,
1791 1380 1957 1427 totum
1984 1373 2132 1425 cuius
2160 1378 2238 1423 est

1246 1464 1382 1516 pam,
1426 1449 1655 1518 adeoque
1694 1451 1799 1517 ipsa
1841 1454 1898 1499 ut
1936 1462 2054 1516 pars
2081 1447 2239 1498 totius
2298 1446 2318 1516 ᾖ..

1244 1522 1439 1574 adorati
1482 1523 1723 1575 terminat
1769 1522 1922 1574 etiam
1988 1521 2238 1572 adoratio·
2289 1542 2322 1582 ,2

1247 1612 1384 1658 nem,
1428 1597 1733 1648 secundario
1771 1603 1942 1648 tamen
1984 1601 2035 1647 et
2067 1594 2238 1646 minus
2299 1598 2327 1659 ’,ᾗ

1247 1670 1611 1738 principaliter,
1657 1671 1775 1738 quia
1834 1670 2078 1721 adoratur
2137 1683 2238 1719 non
2283 1674 2326 1739 ῥεῖ

1248 1752 1451 1812 propter
1478 1746 1719 1812 seipsam,
1762 1744 1851 1796 sed
1881 1750 2087 1812 propter
2115 1740 2239 1793 Ver·
2293 1709 2332 1838 ᾇ

1246 1819 1366 1870 bum
1407 1820 1760 1879 coniunctum,
1804 1818 1868 1870 ad
1929 1817 2063 1885 quod
2127 1815 2240 1868 ideo

1246 1894 1485 1960 primario
1526 1900 1575 1944 et
1618 1891 1965 1961 principaliter
1997 1891 2240 1942 termina·

1246 1976 1328 2018 tur
1367 1966 1614 2020 adoratio,
1653 1997 1725 2005 -
1752 1966 1831 2018 Ex
1871 1965 2049 2017 cadem
2092 1979 2240 2031 porro

1245 2041 1475 2093 doctrina
1515 2042 1766 2110 sequitur,
1808 2053 2072 2108 nunquam
2121 2037 2238 2089 ado·
2289 2059 2317 2086 2

1246 2117 1343 2166 rari
1388 2131 1533 2182 posse
1574 2116 1716 2166 cultu
1759 2114 1939 2165 latriae
2005 2111 2240 2164 humani·
2296 2128 2329 2183 gs

1246 2196 1403 2240 tatem
1445 2188 1630 2241 Christi
1674 2189 1723 2239 in
1785 2188 2083 2247 abstract0‚
2146 2184 2237 2237 sed
2295 2184 2328 2215 ·’

1244 2278 1445 2329 semper
1485 2263 1579 2315 coli
1623 2262 1810 2314 debere
1857 2262 1908 2312 in
1975 2266 2234 2321 concrete,
2310 2283 2313 2291 ·

1244 2353 1331 2387 seu
1376 2343 1536 2388 totum
1579 2343 1629 2388 et
1669 2337 1928 2402 integrum
1951 2333 2234 2385 Christum.
2296 2330 2298 2335 ’

1244 2410 1486 2462 Doctrina
1527 2411 1628 2461 iam
1669 2411 1900 2477 exposita
1939 2424 2000 2460 ex
2024 2405 2080 2461 S.
2109 2405 2239 2459 Scri·
2287 2462 2291 2464 ‚

1238 2493 1417 2552 ptura,
1463 2500 1525 2536 ex
1554 2483 1631 2536 Sa.
1678 2483 1915 2536 Patribus
1972 2487 2022 2533 et
2064 2479 2239 2533 Conci-

1246 2560 1325 2611 lz'z's
1367 2559 1625 2626 probatur.

1318 2633 1370 2683 11.
1416 2631 1472 2684 S.
1519 2630 1782 2699 Scriptura
1808 2628 2034 2683 Verbum
2065 2627 2235 2679 incar·
2279 2695 2282 2697 Β

1247 2712 1443 2765 natum,
1487 2720 1576 2755 seu
1620 2704 1807 2756 Filium
1847 2702 1939 2755 Dei
1978 2701 2238 2754 hominem

1246 2779 1436 2831 sactum
1476 2793 1676 2830 summo
1716 2777 1896 2829 latriae
1936 2775 2079 2828 cultu
2117 2774 2264 2827 ado->

1244 2853 1464 2904 randum
1503 2868 1634 2912 esse,
1678 2851 1817 2903 clare
1844 2853 2263 2902 commonstrat.-

1246 2926 1371 2978 Nam
1410 2927 1464 2978 S.
1511 2925 1703 2978 Paulus
1742 2925 1805 2978 de
1846 2923 1974 2976 Filio
2014 2923 2123 2989 Dei,
2149 2921 2280 2990 qui*

1244 3002 1578 3068 semetipsum
1643 2999 1952 3059 exinanivit,
2019 2997 2236 3049 formam
2258 2999 2270 3028 ·'

1244 3075 1380 3126 servi
1419 3074 1637 3141 accepit,
1681 3079 1734 3125 et
1771 3072 2014 3125 obediens
2070 3069 2236 3121 factus
2265 3106 2270 3111 .

1244 3155 1523 3216 estusque
1580 3147 1646 3199 ad
1710 3153 1948 3207 mortem,
2007 3147 2275 3212 'mortemp

1244 3227 1416 3274 autem
1456 3222 1643 3280 crucis,
1676 3220 1836 3274 dicit:
1877 3218 2080 3286 Propter
2105 3213 2274 3293 quod}

1244 3307 1287 3348 et
1321 3294 1455 3347 Deus
1493 3294 1723 3347 exaltavit
1761 3292 1922 3353 illum,
1963 3298 2020 3342 et·
2044 3287 2241 3342 donavit

1245 3369 1321 3421 illi
1360 3384 1554 3430 nomen,
1597 3368 1724 3436 quod
1761 3373 1832 3419 eat
1891 3377 2038 3430 super
2098 3367 2265 3427 mm

1245 3457 1436 3502 viamen,
1481 3449 1538 3493 ut
1595 3442 1647 3493 in
1697 3439 1891 3492 nomine
1929 3436 2040 3489 lesu
2094 3448 2262 3513 cmg

1242 3530 1368 3584 yeme
1426 3514 1652 3582 {lectatur
1711 3511 1986 3566 coelestium
2010 3548 2024 3572 ‚
2118 3533 2124 3550 ι
2192 3526 2251 3586 γε.

1242 350 1458 406 persona
1495 338 1689 403 divina,
1731 345 1783 392 et
1822 338 1932 407 ipso
1964 354 2105 392 caro
2160 270 2332 542 &33
