2332 3860
376 29 397 56 Ι

234 257 301 312 sis
338 261 445 313 eius
482 257 581 331 (1)
634 259 828 314 Eadem
874 259 1074 314 infinita
1112 275 1230 329 pru-

234 332 408 387 dentia
449 335 608 387 vitam
647 335 903 403 publicam
930 350 1091 403 agens
1116 334 1232 388 sub·

235 406 376 460 dolos
417 407 687 462 phariseos
725 409 952 463 confudit
991 407 1100 480 (2);
1150 410 1229 461 in-

233 481 472 535 credulos
492 482 818 537 Sadducaeos
838 482 1120 536 confutavit
1134 480 1229 554 (5),

234 561 285 608 et
324 558 584 625 arroganti
614 557 742 625 legis
781 558 974 611 doctori
1011 558 1229 610 tentanti

233 645 351 683 eum
392 631 654 684 silentium
683 633 920 700 imposuit
950 630 1046 702 (lt).
1079 631 1229 683 Prae-

235 711 375 758 terea
403 705 561 758 divini
586 706 933 774 Praeceptoris
962 706 1228 774 prudentia

233 794 297 831 ex
338 795 399 832 eo
438 779 639 842 elucet,
684 782 815 850 quod
869 782 1229 848 interroganti-

235 853 329 906 bus
349 870 671 922 supervacua
689 862 779 907 aut
795 856 991 907 curiosa
1022 871 1230 923 respon·

234 926 364 980 derit
403 929 550 981 utilia
589 936 640 980 et
679 930 970 997 profutura,
1013 946 1042 981 a
1084 931 1227 982 vanis

233 1007 283 1054 et
322 1002 495 1055 otiosis
534 1002 596 1054 ad
639 1002 863 1070 proficua
904 1011 955 1056 et
994 1020 1227 1057 necessa·

233 1076 307 1128 ria
348 1092 637 1130 sermonem
679 1084 1005 1131 convertens,
1039 1078 1115 1131 lta
1141 1078 1228 1131 Pe-

235 1156 311 1203 tro
351 1150 414 1203 de
453 1158 616 1203 morte
656 1151 860 1204 loannis
899 1154 1096 1205 curiose
1131 1154 1225 1206 sci·

232 1226 436 1277 Scitanti
480 1226 618 1278 lesus
658 1227 945 1295 respondit:
988 1227 1068 1280 Sic
1117 1244 1227 1280 eum

230 1299 332 1351 volo
362 1315 574 1362 manere,
618 1301 761 1354 donec
788 1304 996 1363 veniam,
1022 1303 1138 1370 quid
1164 1303 1226 1355 ad

231 1373 314 1425 te?
341 1382 392 1426 tu
425 1390 500 1426 me
524 1391 722 1444 sequere
751 1375 846 1447 (ὃ).
894 1377 957 1429 Et
995 1392 1112 1428 cum
1151 1376 1225 1429 di·

230 1448 409 1516 scipuli
451 1464 567 1501 eum
596 1451 974 1518 interrogarent
1009 1452 1070 1503 de
1100 1458 1223 1503 tem·

230 1537 482 1592 p0re‚quo
514 1526 748 1578 restituet
788 1541 1003 1594 regnum
1053 1525 1223 1591 lsrael,

230 1597 359 1650 dixit
411 1599 524 1651 eis:
566 1598 680 1651 Non
731 1608 798 1651 est
836 1609 1043 1653 vestrum
1090 1617 1223 1653 nosse

233 1679 447 1742 tempora
492 1673 564 1725 vel
601 1682 863 1737 momenta,
907 1691 1034 1743 quoe
1073 1676 1224 1728 Pater

225 1747 386 1816 posuit
426 1751 477 1800 in
503 1765 598 1802 sua
619 1757 875 1818 potestate,
905 1751 986 1802 sed
1023 1751 1221 1820 accipie-

227 1823 288 1873 tis
315 1828 413 1874 etc.
461 1822 557 1893 (6).

301 1896 353 1947 6.
399 1895 552 1950 Varia
592 1904 729 1965 sunt,
770 1898 954 1967 quibus
991 1897 1221 1952 Christus

227 1971 417 2022 veteris
457 1972 584 2038 legis
624 1972 896 2040 prophetas
935 1973 1084 2042 longe
1131 1990 1220 2026 an-

227 2045 476 2098 tecelluit.
508 2051 551 2098 A
582 2046 686 2098 Deo
727 2048 963 2116 equidem
992 2048 1072 2099 isti
1099 2064 1222 2116 quo-

227 2135 326 2188 que
366 2120 506 2172 missi
547 2122 775 2188 fuerant,
816 2124 900 2190 qui
941 2122 1128 2174 idcirco
1156 2124 1217 2174 ad

226 2196 470 2262 populum
512 2195 775 2264 loquentes
803 2196 972 2248 dicere
1012 2213 1220 2249 consue-

225 2275 433 2320 verunt:
463 2268 594 2322 Haec
631 2271 746 2322 dicit
775 2270 1035 2323 Dominus.
1080 2271 1221 2323 Chri·

223 2348 333 2395 stus
372 2350 543 2395 autem
573 2345 672 2397 alio
701 2345 938 2413 loquendi
980 2346 1126 2398 modo
1156 2362 1213 2398 u-

223 2434 312 2469 sus
353 2419 592 2471 mandata
625 2420 920 2487 evangelica
963 2422 1220 2488 proposuit

224 2492 420 2545 dicens:
463 2493 570 2559 qu
597 2502 758 2545 autem
795 2495 903 2546 dico
950 2495 1078 2547 vobis
1119 2493 1211 2567 (7).

224 2566 335 2619 Non
372 2584 494 2634 ergo
534 2568 698 2620 alieno
739 2575 939 2620 tantum
983 2571 1213 2632 nomine,

226 2647 281 2693 ut
322 2641 630 2709 Prophetae,
674 2643 760 2695 sed
804 2643 1003 2711 propria
1044 2652 1217 2696 aucto-

224 2716 370 2768 ritate
413 2723 468 2768 ut
508 2731 662 2769 verus
702 2716 861 2768 Filius
902 2717 991 2769 Dei
1032 2717 1215 2769 doctri-

223 2805 342 2841 nam
383 2806 530 2843 suam
558 2792 904 2843 annuntiavit.
933 2791 1063 2843 Erat
1088 2793 1216 2844 enim

222 2863 389 2916 docens
427 2865 554 2917 sicut
594 2874 870 2934 potestatem
920 2865 1094 2918 habens
1119 2907 1131 2926 ‚
1173 2875 1215 2918 et

223 2953 319 2990 non
358 2939 480 2991 sicut
518 2938 718 2992 Scribas
757 2955 929 2992 eorum
955 2950 999 2991 et
1038 2939 1213 2992 Phari-

221 3012 291 3064 sei
318 3011 413 3082 (8).
445 3043 516 3051 ——
546 3014 815 3067 Praeterea
843 3013 1125 3082 Prophetae
1154 3013 1214 3069 V.

221 3084 279 3139 T.
304 3086 474 3139 futura
504 3089 955 3156 praenuntiabant3
984 3087 1214 3141 Christus

220 3166 395 3212 autem
434 3177 534 3214 non
576 3163 740 3216 solum
779 3164 871 3215 hoc
900 3163 1035 3215 idem
1075 3179 1216 3231 prae-

221 3235 349 3287 stitit
389 3234 498 3306 (9),
548 3237 635 3289 sed
675 3237 832 3290 etiam
872 3237 1113 3290 vaticinia
1152 3238 1214 3289 de

265 3379 317 3424 (1)
340 3381 430 3415 Luc.
449 3379 483 3421 2,
505 3379 557 3413 47.
703 3381 754 3423 (2
781 3382 1045 3421 M·1tth.22,v
1073 3383 1128 3418 15-
1133 3382 1187 3417 22.

267 3425 319 3468 (3)
343 3426 396 3460 lb.
422 3434 458 3461 v.
484 3424 543 3458 23-
547 3424 601 3459 34.
707 3425 760 3469 (4)
784 3428 874 3461 lbid.
890 3437 924 3461 v.
947 3427 1003 3462 315·
1005 3427 1058 3462 46.

270 3469 319 3512 (5)
345 3471 430 3504 Ioan
469 3468 525 3509 21,
550 3467 602 3502 22.
709 3470 756 3512 16)
782 3474 859 3505 Act.
885 3474 950 3514 Ap.
978 3471 1012 3515 1,
1036 3471 1056 3507 6
1079 3476 1145 3507 etc.

267 3514 317 3556 (7)
342 3515 466 3549 Matth.
481 3513 515 3555 ὅ,
538 3512 596 3550 22.
622 3511 679 3556 28,
704 3513 759 3557 32,
779 3514 822 3550 39
844 3520 914 3551 etc.

269 3556 318 3602 (8)
341 3559 464 3594 Metui.
491 3541 524 3603 72
549 3556 602 3592 29.

651 180 713 216 DE
750 179 843 218 1)Εο
881 178 1013 218 ursi
1050 179 1240 218 numm!
1277 179 1480 218 GENERIS
1519 177 1854 216 REDEMPTORE.

1292 275 1348 314 se
1385 259 1437 314 in
1480 259 1543 315 V.
1586 259 1642 314 T.
1683 254 1882 330 prolata
1921 259 2286 329 perfectissime

1290 334 1587 403 adimplevit
1611 333 1805 407 (10).-
1819 333 2047 405 Denique
2063 333 2293 404 Prophe<

1292 415 1376 462 tae
1412 408 1475 463 V.
1500 408 1559 462 T.
1609 408 1857 463 miracula
1889 425 2090 479 quoque
2117 407 2319 479 patra-{re

1291 489 1427 549 runt,
1449 483 1537 536 sed
1553 481 1784 537 Christus
1797 483 1948 550 longe
1969 483 2116 552 plura
2136 484 2312 540 mira-«³

1291 557 1407 611 cula
1435 557 1572 618 fecit,
1615 558 1686 611 ita
1725 565 1781 611 ut
1819 558 1921 612 iam
1948 558 2000 610 in
2027 557 2332 660 praedica-q

1295 633 1442 685 tionis
1470 647 1594 685 suae
1622 632 1767 685 initio
1780 631 2042 701 discipulis
2080 631 2284 689 loannis
2304 664 2332 695 ς

1293 706 1459 760 dicere
1498 707 1738 776 potuerit:
1778 706 1964 759 Euntes
2007 703 2285 771 renuntiato
2316 714 2332 743 ἐ

1289 780 1466 834 Ioanni
1490 823 1503 842 ‚
1544 797 1666 850 quae
1711 781 1918 833 audistis
1961 789 2004 833 et
2055 782 2240 835 vidistis
2261 799 2332 851 :j

1289 856 1418 908 caeci
1442 856 1621 918 vident,
1638 855 1800 908 claudi
1821 855 2088 918 ambulant,
2105 855 2293 926 leprosi‘
2315 870 2326 907 i

1290 931 1592 982 'numidantur
1616 971 1628 992 ‚
1680 929 1826 982 surdi
1868 929 2079 982 audiunt
2101 969 2115 996 ,
2154 946 2284 983 mor·
2317 930 2332 976 ἶ

1290 1005 1363 1057 tui
1390 1012 1653 1073 resuryunt
1686 1001 1818 1073 (tl);
1843 1010 1895 1056 et
1931 1004 2064 1072 apud
2101 1003 2282 1058 Matth.
2308 1011 2332 1055 i

1289 1078 1497 1145 legitur:
1543 1078 1778 1131 Eiiciebat
1802 1076 2019 1147 Spiritus
2045 1078 2200 1140 verbo,
2237 1085 2281 1142 et

1286 1170 1448 1205 omnes
1474 1154 1595 1206 male
1617 1152 1836 1205 habentes
1862 1153 2048 1205 curavit
2068 1150 2203 1224 (¹9)²
2227 1155 2280 1207 in
2307 1164 2332 1186 ⁵

1286 1244 1437 1296 quem
1480 1228 1646 1281 locum
1676 1227 1732 1282 S.
1760 1225 2125 1297 Chrysostomus
2164 1225 2332 1299 (15)

1287 1304 1480 1355 scribit·
1530 1323 1552 1351 «
1597 1301 1828 1367 Intende,
1868 1309 2112 1370 quantam
2153 1301 2332 1354 mul-

1286 1378 1554 1429 titudinem
1573 1376 1834 1428 hominum
1860 1382 2089 1428 curatam
2119 1382 2314 1430 trans-

1286 1459 1502 1504 currunt
1543 1451 1918 1518 Evangelistae‚
1957 1466 2056 1503 non
2099 1449 2316 1504 unum-

1286 1542 1540 1595 quemque
1580 1533 1818 1578 curatum
1845 1532 2164 1594 enarranteS‚
2188 1521 2309 1579 sed
2306 1581 2332 1622 ⁴.

1287 1617 1388 1653 uno
1428 1601 1585 1654 verbo
1635 1600 1847 1669 pelagus
1887 1600 2142 1654 ineffabile
2190 1601 2323 1655 mi·
2310 1632 2322 1651 „

1288 1676 1577 1729 raculorum
1615 1676 1983 1729 inducentes.»
2301 1652 2332 1717 '32‘

1673 1851 1711 1910 §
1752 1851 1891 1899 zen.

1427 1950 1490 1984 111.
1516 1950 1568 1984 De
1590 1948 1726 1984 Christi
1750 1947 1921 1983 Passione
1943 1952 1982 1983 et
2000 1948 2128 1984 Morte.

1356 2047 1566 2116 Propter
1595 2053 1860 2116 peccatum
1898 2045 2146 2114 originale
2183 2047 2277 2099 im·

1283 2124 1500 2190 positum
1526 2129 1602 2175 est
1625 2122 1794 2187 iuqttm
1821 2136 1966 2188 qrove
1991 2136 2134 2189 super
2152 2121 2276 2191 filios
2303 2124 2314 2182 ᾗ

1281 2196 1436 2248 Adam
1469 2213 1497 2249 α
1521 2196 1596 2248 die
1634 2195 1794 2248 exitus
1834 2195 1888 2247 de
1921 2203 2078 2247 ventre
2103 2199 2275 2248 matris

1280 2287 1449 2323 eorum
1470 2286 1619 2339 usque
1638 2272 1690 2321 in
1710 2270 1835 2322 diem
1852 2269 2123 2338 sepulturae
2137 2269 2182 2337 (1
2195 2267 2272 2341 Ιι);
2301 2292 2313 2327 χ

1283 2362 1398 2398 nam
1440 2346 1577 2398 homo
1615 2352 1763 2396 natus
1800 2345 1856 2396 de
1901 2344 2104 2396 muliere
2142 2344 2274 2397 brevi
2294 2382 2305 2412 ,·

1281 2421 1437 2472 vivens
1484 2428 1690 2487 tempore
1734 2418 1946 2487 repletur
1982 2418 2147 2470 multis
2181 2413 2312 2472 mi?

1278 2496 1420 2546 seriis
1436 2494 1564 2564 (15).
1584 2494 1886 2545 innumerae
1910 2493 2129 2560 profecto
2151 2499 2272 2546 sunt

1282 2576 1388 2621 tum
1428 2569 1582 2620 animi
1625 2573 1732 2619 tum
1790 2567 2012 2634 corporis
2063 2566 2306 2619 infirmi·:

1280 2650 1411 2695 tates
1450 2649 1500 2694 et
1541 2640 1917 2702 tribulationeS‚
1960 2641 2142 2709 quibus
2182 2641 2301 2694 ho·-

1282 2718 1442 2768 mines
1482 2717 1532 2768 in
1562 2715 1790 2768 terrestri
1838 2730 1931 2766 sua
1980 2716 2270 2783 peregrina·
2299 2742 2310 2781 „-

1280 2793 1414 2843 tione
1444 2790 1603 2859 premi
1631 2790 1816 2842 solent.
1841 2787 2017 2857 Neque
2037 2789 2269 2843 Christus
2296 2795 2298 2799 ’

1280 2872 1335 2917 ut
1375 2865 1683 2932 Redemptor
1723 2879 1908 2932 poenas
1942 2862 2034 2915 has
2074 2862 2305 2931 peccati„

1279 2939 1585 3008 temporales
1625 2939 1689 2991 ab
1728 2938 2019 2990 hominibus
2067 2937 2295 3005 penitus

1276 3014 1478 3067 auferre
1517 3012 1699 3074 voluit,
1743 3012 1831 3064 sed
1873 3018 2042 3064 tamen
2074 3017 2128 3063 ut
2152 3010 2267 3064 Pro-

1279 3089 1426 3156 pheta
1449 3103 1538 3156 per
1559 3087 1843 3139 doctrinam
1870 3091 1920 3138 et
1947 3084 2298 3155 potissimum?

1279 3179 1367 3230 per
1405 3161 1636 3230 exempla
1663 3177 1756 3213 sua
1797 3160 2001 3212 modum
2027 3157 2295 3222 ostendits

1275 3253 1373 3306 quo
1413 3237 1550 3288 vitae
1588 3235 1740 3288 huius
1778 3247 2050 3288 aerumnas
2096 3238 2148 3285 et
2184 3242 2279 3329 cas?

1320 3381 1370 3425 (9)
1396 3382 1436 3416 V.
1460 3382 1588 3416 Theoi.
1614 3390 1695 3423 gen.
1725 3379 1748 3425 ὃ
1773 3377 1930 3415 lan-1⁴0.
2216 3420 2224 3423 .
2254 3414 2255 3417 ,
2279 3423 2282 3425 Δ

1319 3426 1391 3470 (10)
1416 3427 1505 3460 Ibid.
1520 3425 1544 3471 S
1561 3423 1719 3460 141-148.
2240 3436 2243 3437 ⁷
2263 3438 2277 3464 ;·,

1319 3470 1392 3513 (11)
1415 3471 1538 3504 Matth.
1564 3469 1619 3510 11,
1639 3469 1661 3503 4
1682 3474 1750 3503 etc.
1886 3464 1959 3510 (12)
1984 3465 2108 3503 Mami.
2135 3463 2177 3508 8,
2246 3512 2255 3520 .

1335 3513 1378 3550 13
1419 3514 1569 3548 Humilia
1593 3513 1637 3548 23
1657 3513 1695 3548 in
1718 3513 1842 3548 Mami.

1335 3514 1394 3604 ¹43
1417 3557 1526 3594 sccii.
1549 3557 1608 3601 4⁰,
1629 3557 1661 3593 1.
1895 3553 1968 3599 (15)
1989 3554 2067 3591 lob.
2090 3553 2146 3598 u,
2166 3526 2277 3618 n'gf‘
