2332 3860
2 0 72 71 ..τ-ὲ·
115 39 117 43 -

15 55 166 115 ·ἷῑ’*’

740 163 858 202 »Ans
894 163 967 201 111.
1010 162 1173 201 storto
1210 160 1264 199 η’.
1307 159 1456 198 carm
1493 160 1566 198 m.

145 243 374 300 Christus
413 244 674 299 mandavit
701 241 799 315 (i),
834 260 932 296 non
962 243 1126 297 solum

142 320 376 374 infideles
401 321 461 372 ad
503 318 654 372 fidem
694 326 1013 386 convertere,
1040 317 1128 370 sed

143 393 295 446 etiam
324 393 500 446 fideles
526 391 728 446 assidue
757 393 872 444 viva
905 408 1028 445 voce
1055 392 1130 444 in.-

141 473 360 529 struere,
386 466 659 520 emendare
687 474 738 519 et
761 467 1002 535 perficere
1027 473 1130 518 stu-

143 539 366 594 duerunt
394 539 492 614 (⁰2),
523 547 574 593 et
603 542 651 592 in
682 541 776 594 bac
798 540 1128 608 evangelicae

142 613 403 668 doctrinae
442 614 818 683 praedicatione
857 613 1129 682 discipulos

138 688 399 742 adiutores
438 688 729 742 habuerunt
769 686 868 761 (3):
905 690 973 741 ita
1013 705 1130 740 con-

140 763 283 816 tinuo
312 779 400 833 per
427 763 778 831 Magisterium
822 763 1129 816 ecclesiasti-

139 852 278 899 cum,
309 854 400 891 seu
443 854 531 906 per
571 838 843 906 Episcopos
870 845 921 890 et
945 837 1126 890 Sacer·

139 911 282 964 dotes
320 912 371 964 in
399 911 782 974 Catechesibus‚
820 911 1052 964 Homiliis
1078 919 1128 964 et

138 982 476 1040 Concionibus
515 987 746 1039 doctrina
773 987 1001 1038 revelata
1042 986 1127 1039 de-

138 1059 386 1123 claratur,
430 1062 673 1129 probatur
712 1066 763 1112 et
814 1061 1123 1121 inculcatur,

138 1149 229 1187 seu
268 1136 484 1188 verbum
526 1135 614 1187 Dei
645 1134 986 1204 praedicatur.
1031 1134 1127 1187 Ne·

138 1224 237 1278 que
289 1211 474 1262 nostris
533 1211 882 1278 temporibuS,
944 1210 1127 1279 quibus

138 1298 313 1338 rerum
339 1283 683 1351 spiritualium
709 1291 1050 1352 contemptuS‚
1078 1291 1128 1336 et

138 1357 420 1410 mediorum
477 1359 657 1411 salutis
722 1359 988 1426 neglectus
1053 1359 1127 1410 lu-

137 1432 307 1500 gendo
349 1432 497 1485 modo
536 1433 900 1495 invaluerunt,
952 1450 1127 1502 super-

139 1522 424 1560 vacaneum
481 1507 822 1576 reputandum
889 1515 1004 1569 est,
1073 1515 1129 1560 ut

146 1579 286 1633 Verbi
324 1581 480 1634 divini
499 1583 775 1650 praedicati
804 1583 871 1634 vis
897 1590 940 1633 et
978 1584 1131 1649 effica-

137 1657 231 1716 cia,
260 1657 356 1707 imo
383 1665 425 1707 et
447 1659 700 1709 necessitas
720 1658 782 1708 ad
806 1657 976 1723 fidem,
998 1673 1128 1726 quae

138 1745 228 1797 per
265 1730 568 1783 charitatem
620 1739 896 1799 operatur,
948 1732 1130 1799 produ·

138 1804 377 1868 cendam,
421 1806 823 1858 conservandam
860 1814 910 1858 et
937 1822 1129 1873 augen-

138 1877 273 1940 dam,
317 1887 471 1948 atque
510 1881 572 1932 ad
603 1880 918 1949 spiritualem
961 1887 1012 1933 et
1050 1897 1131 1933 ae·

139 1959 338 2005 ternam
384 1954 612 2007 fidelium
664 1956 884 2008 salutem
936 1972 1132 2024 promo-

140 2027 357 2080 vendam
414 2028 574 2081 solide
622 2029 1020 2096 demonstretur..
1061 2061 1129 2069 —

140 2102 455 2171 Argumenta
482 2103 545 2156 ad
583 2103 708 2156 baec
735 2106 1128 2157 demonstranda

140 2192 198 2229 ea:
257 2175 410 2230 Sacra
457 2176 712 2247 Scriptura
751 2190 794 2233 et
854 2179 1131 2233 Traditione

142 2257 406 2319 petuntur.

213 2326 264 2378 l.
309 2324 368 2377 In
388 2325 440 2379 S.
472 2324 728 2395 Scriptura
749 2327 1021 2393 magnifica
1043 2345 1131 2380 en-

142 2401 302 2452 comia
345 2400 607 2468 leguntur,
639 2402 823 2469 quibus
852 2402 929 2454 vis
969 2409 1020 2454 et
1061 2404 1130 2455 ef-

143 2473 317 2527 ficacia
360 2476 502 2528 verbi
532 2474 689 2527 divini
723 2477 1129 2529 commendatur.

143 2546 247 2601 lam
288 2549 338 2600 in
378 2548 442 2603 V.
486 2548 544 2602 T.
578 2552 814 2618 quamvis
856 2551 1005 2618 plena
1036 2551 1131 2603 Re·

144 2623 413 2676 velationis
453 2622 545 2676 lux
573 2625 800 2676 nondum
843 2625 1131 2677 bominibus

145 2696 407 2756 affulserit,
434 2704 659 2751 attamen
679 2698 997 2752 saluberrimi
1024 2716 1134 2752 ver·

145 2771 190 2824 bi
220 2771 376 2824 divini
418 2772 612 2825 fructus
646 2774 1006 2841 praedicantur
1045 2775 1131 2827 bo-

63 2892 69 2899 „
145 2846 362 2898 minibus
382 2849 693 2899 annunciati.
720 2848 804 2900 Sic
832 2849 912 2901 Ps.
941 2848 1127 2910 XVlll‚

147 2919 178 2972 8
230 2928 356 2972 etc.:
411 2920 513 2973 Lea>
570 2922 768 2974 Domini
820 2924 1132 2975 immaculata

146 3002 419 3048 convertens
470 2996 664 3048 animas
697 3037 708 3048 .
740 3038 751 3049 .
789 3038 800 3049 .
844 2998 1132 3066 sapientiam

147 3076 390 3136 praestans
411 3069 651 3137 parvulis.
698 3070 1014 3140 Praeceptum
1046 3072 1134 3124 Do·

147 3142 264 3195 mini
307 3143 559 3206 lucidum,
610 3144 894 3197 illuminans
951 3146 1126 3198 oculos.

150 3214 232 3268 Ps.
275 3216 501 3279 CXVlH,
547 3234 681 3271 vers,
742 3220 867 3271 105:
912 3219 1132 3273 Lucerna

148 3289 342 3358 pedibus
373 3293 489 3344 meis
528 3292 721 3345 verbum
767 3301 934 3354 tuum,
978 3302 1022 3347 et
1062 3296 1135 3346 lu-

148 3379 256 3416 men
293 3367 477 3418 semitis
516 3367 658 3428 meis;
686 3383 822 3420 vers.
869 3369 994 3420 150:
1041 3369 1133 3421 De-

208 3495 244 3538 1)
269 3496 392 3531 Matth.
417 3495 472 3535 28,
497 3497 552 3533 ΞΟ.

742 3498 794 3543 (2)
820 3500 895 3533 Act.
922 3501 984 3540 Ap.
1010 3499 1045 3539 2,
1068 3498 1122 3534 42.

210 3540 249 3578 vl
271 3540 357 3575 Luc.
392 3540 448 3583 10,
471 3541 500 3577 1.

745 3543 797 3587 (ε)
822 3544 926 3578 prov.
946 3541 1003 3587 28,
1026 3546 1059 3578 ⁹.

1189 241 1395 295 claratia
1430 256 1711 294 sermonum
1751 247 1949 295 tuorum
1989 241 2176 298 illumi·

1190 324 1293 375 nat,
1323 315 1683 368 eet-intellectum
1721 315 1801 368 ciat
1838 316 2072 384 parvul-is.
2102 346 2177 360 —

1190 389 1474 443 Necessitas
1499 405 1698 459 quoque
1723 391 1940 443 verbum
1969 391 2058 444 Dei
2086 408 2177 445 au-

1190 464 1359 516 diendi
1400 464 1450 516 in
1479 462 1541 518 V.
1574 462 1631 516 Τ.
1675 466 1940 518 asseritur.
1973 465 2029 517 ln
2058 465 2178 519 Pro-

1192 539 1334 591 verb.
1378 538 1515 590 enim
1555 537 1779 607 legitur:
1841 538 1938 603 Qui
1974 539 2179 593 declinat

1189 629 1495 672 auressuaS,
1537 629 1598 665 ne
1623 613 1795 664 audiat
1823 613 1987 682 leaena,
2022 615 2179 667 oratio

1189 688 1292 738 eius
1318 687 1411 739 erit
1431 685 1719 740 execrabilis
1742 685 1839 757 (lt).
1866 693 2019 741 Amos
2041 687 2176 749 vill,

1193 761 1254 813 11
1289 761 1516 814 defectus
1545 761 1683 813 verbi
1713 760 1870 813 divini
1902 763 2180 830 praedicati

1191 842 1434 904 tanquam
1473 836 1698 891 maxima
1750 851 1909 903 poena
1951 839 2182 905 proponi-

1193 916 1302 961 tur:
1347 910 1467 963 Ecce
1505 911 1604 963 dies
1642 910 1877 971 veniunt,
1928 911 2045 964 dicit
2083 911 2181 963 Do-

1189 986 1355 1037 minus
1381 1026 1393 1046 ,
1437 990 1480 1036 et
1519 985 1734 1037 emittam
1771 986 1955 1052 famem
1994 986 2050 1039 in
2091 994 2183 1039 ter-

1188 1075 1322 1121 ram‚·
1350 1075 1444 1111 non
1470 1060 1649 1126 famem
1677 1059 1836 1127 panis,
1870 1075 2022 1129 neque
2047 1062 2182 1113 sitim

1189 1149 1342 1201 aquae
1368 1175 1380 1194 ‚
1422 1134 1504 1185 sed
1555 1133 1789 1186 audiendi
1826 1135 2026 1187 verbam
2064 1134 2177 1188 Dei,

1193 1208 1285 1259 Per
1325 1207 1505 1260 ierem.
1555 1208 1690 1260 Deus
1730 1208 1870 1261 verbi
1911 1209 1989 1262 sui
2024 1210 2182 1278 spreti

1193 1298 1378 1349 poenas
1417 1284 1675 1335 intentans
1714 1284 1916 1352 inquit:
1955 1283 2074 1337 Ecce
2100 1300 2183 1353 eqo

1190 1357 1418 1409 inducam
1438 1373 1584 1425 super
1606 1360 1843 1410 civitatem
1865 1357 2007 1419 hane,
2029 1367 2073 1411 et
2099 1374 2183 1411 su-

1186 1448 1273 1499 per
1293 1447 1453 1483 omnes
1481 1432 1621 1484 urbes
1646 1433 1751 1484 eius
1778 1434 2012 1486 universa
2033 1433 2188 1500 mala,

1190 1523 1315 1574 quae
1354 1506 1543 1558 locutus
1593 1523 1701 1558 sum
1758 1508 1986 1560 adversus
2035 1522 2180 1560 eam:

1190 1582 1420 1649 quoniam
1508 1581 1865 1634 induraverant
1950 1583 2186 1636 cervicem

1189 1672 1364 1715 suam,
1409 1663 1462 1707 ut
1511 1672 1609 1708 non
1667 1657 1895 1709 audirent
1939 1672 2187 1710 sermones

1191 1746 1314 1782 meos
1355 1729 1452 1800 (ὅ).
1499 1730 1647 1782 —ln
1692 1730 1832 1784 Novo
1871 1731 2009 1784 Test.
2043 1731 2188 1784 Cbri·

1191 1812 1298 1856 stus
1339 1805 1445 1872 ipse
1484 1806 1573 1857 ait:
1606 1805 1722 1857 Non
1750 1806 1806 1857 in
1833 1805 1931 1858 solo
1960 1821 2084 1874 pane
2118 1807 2188 1858 vi-

1192 1881 1254 1931 vit
1295 1879 1456 1941 homo,
1501 1880 1581 1931 sed
1620 1880 1670 1932 in
1712 1881 1845 1932 omni
1872 1880 2028 1942 verbo,
2060 1880 2188 1949 quod

1188 1955 1399 2022 procedit
1426 1970 1487 2006 ex
1525 1970 1606 2006 ore
1637 1955 1725 2007 Dei
1753 1955 1851 2026 (6),
1897 1955 2189 2008 luculenter

1192 2029 1506 2088 ostendenS‚
1562 2031 1779 2083 verbum
1838 2029 1929 2082 Dei
1984 2030 2032 2082 id
2073 2045 2187 2084 esse

1192 2105 1425 2163 animae,
1470 2103 1602 2170 quod
1656 2104 1799 2157 cibus
1839 2110 1917 2156 est
1962 2105 2182 2173 corpori.

1195 2177 1372 2229 Mattb.
1400 2176 1539 2239 Xlll‚
1567 2179 1600 2229 5
1628 2186 1680 2231 et
1706 2195 1813 2247 seq.
1848 2179 2064 2232 verbum
2093 2179 2188 2232 Dei

1193 2260 1520 2319 comparatur
1540 2253 1737 2314 semini,
1761 2253 1892 2322 quod
1923 2253 2113 2305 cadens
2134 2255 2186 2306 in

1195 2334 1383 2379 terram
1414 2327 1599 2378 bonam
1632 2328 1848 2394 fructum
1876 2328 2023 2380 affert
2050 2327 2189 2381 aliud

1193 2402 1523 2459 centesimum,
1559 2402 1697 2453 atiud
1731 2404 2105 2470 sexaqesimum‚
2137 2418 2190 2454 a-

1194 2476 1298 2527 liud
1337 2476 1659 2542 triqesimum.
1723 2476 1940 2529 Divinus
1999 2477 2189 2530 idcirco

1196 2550 1503 2617 Redemptor
1544 2551 1757 2602 verbum
1789 2551 1876 2603 Dei
1906 2551 2085 2604 audire
2111 2552 2188 2604 iu-

1194 2625 1319 2677 bens
1358 2624 1658 2677 exclamatt
1720 2623 1818 2688 Qui
1865 2625 2001 2678 habet
2039 2642 2190 2679 aures

1193 2700 1428 2751 audiendi
1465 2700 1633 2750 audiat
1686 2697 1797 2769 (7);
1842 2707 1930 2751 et:
1993 2699 2091 2764 Qui
2127 2716 2190 2753 ex

1195 2774 1292 2825 Deo
1330 2782 1417 2834 est,
1462 2774 1600 2826 verba
1632 2772 1725 2825 Dei
1750 2774 1909 2825 audit:
1936 2783 2189 2844 propterea

1195 2864 1270 2901 vos
1317 2865 1411 2899 non
1452 2849 1664 2908 auditis,
1697 2848 1817 2916 quia
1855 2864 1917 2901 em
1955 2848 2054 2901 Deo
2092 2866 2190 2902 non

1193 2925 1306 2974 estis
1347 2922 1444 2991 (8).
1476 2951 1547 2960 —-
1589 2922 1778 2974 Paulus
1826 2926 2188 2977 necessitatem

1197 2996 1335 3048 verbi
1370 2996 1527 3048 divini
1571 2997 1843 3064 praedicati
1872 2998 2114 3067 graphice
2140 3016 2190 3051 o·

1194 3071 1385 3123 stendit
1406 3070 1551 3122 Rom.
1581 3069 1648 3132 X,
1684 3071 1752 3124 15
1772 3078 1874 3125 etc.
1902 3101 1972 3111 —
1993 3072 2188 3126 Passim
2252 3107 2260 3112 -

1197 3153 1460 3211 praeterea
1501 3145 1731 3197 doctrina
1761 3147 2059 3220 evangeli-ca
2101 3147 2189 3199 bo*

1196 3220 1415 3272 minibus
1443 3221 1758 3272 annunciata
1786 3221 1930 3273 iuxta
1958 3222 2187 3274 saluber·
2237 3270 2242 3277 .

1196 3295 1368 3353 rimos,
1398 3310 1524 3364 quos
1551 3293 1785 3362 producit
1825 3294 2057 3360 effecum,
2100 3310 2189 3348 va·

1238 3454 1291 3499 (5)
1314 3457 1444 3491 larem.
1482 3458 1564 3500 Cap.
1585 3457 1640 3503 19,
1673 3458 1726 3495 15.

1255 3501 1290 3543 6)
1317 3502 1439 3536 Matth.
1466 3501 1487 3536 4
1528 3501 1558 3537 4.

1254 3542 1287 3588 τ)
1314 3545 1437 3580 natm.
1460 3527 1515 3589 ιὲ,
1540 3545 1575 3582 ο.
1838 3543 1890 3592 (8)
1913 3544 2056 3589 mama.
2076 3543 2132 3582 41.
