2332 3860
328 155 401 209 82

255 250 451 312 audiat,
477 251 589 304 sine
610 253 846 306 manibus
868 261 1108 322 operetur
1122 261 1248 317 etc.,

256 322 321 376 S.
347 323 615 393 Scriptura
653 342 708 378 se
743 326 806 378 ad
835 333 1042 395 captum
1071 326 1253 383 huma·

257 412 380 453 num
410 398 655 460 demittit,
698 407 748 452 et
770 400 990 468 figurato
1013 398 1253 470 loquendi

234 471 406 536 'modo
460 473 689 524 membra
729 489 973 541 corporea
1019 474 1126 526 Deo
1165 474 1255 526 ad-

257 545 452 607 scribit,
495 553 552 598 ut
579 547 738 613 ipsius
769 547 1092 614 operationes
1131 547 1254 599 faci-

258 617 359 670 lius
386 619 449 671 ab
472 618 765 672 hominibus
793 621 1169 686 intelligantur.
1199 621 1252 672 ld

257 691 443 744 docent
459 691 548 744 SS.
566 693 761 763 Patres:
783 694 840 749 S.
856 695 1164 761 Auyustinus
1177 692 1252 763 (l)

260 772 434 817 contra
466 766 1017 836 Anthropomorphitas
1038 770 1164 819 ait:«
1182 768 1254 818 De

259 840 503 891 membris
539 838 652 901 Dei,
697 856 827 908 quae
870 841 1075 892 assidue
1122 841 1254 892 Scri·

260 918 411 980 ptura
453 920 843 973 commemorat,
891 930 953 966 ne
985 915 1256 982 quisquam

257 986 545 1038 secundum
574 987 743 1038 carnis
782 987 934 1038 huius
965 988 1176 1039 sormam
1206 995 1256 1040 et

259 1059 478 1126 figuram
509 1077 601 1112 nos
631 1076 743 1111 esse
783 1062 1017 1113 crederet
1064 1062 1256 1113 similes

258 1132 387 1195 Deo,
412 1141 683 1202 propterea
707 1134 885 1186 eadem
913 1134 1178 1202 Scriptura
1206 1143 1257 1187 et

258 1206 363 1258 alas
393 1207 582 1261 habere
605 1208 771 1260 Deum
806 1209 956 1268 dicit,
988 1225 1115 1277 quas
1165 1226 1256 1261 nos

259 1282 436 1348 utique
467 1297 566 1333 non
610 1282 878 1335 habemus
924 1282 1071 1334 Sicut
1109 1299 1251 1350 erge,

261 1353 371 1405 alas
412 1370 531 1406 cum
576 1355 837 1418 audimus,
883 1357 1254 1423 protectionem

258 1427 628 1495 intelligimus3
659 1431 734 1481 sic
774 1438 826 1482 et
864 1445 981 1481 cum
1017 1430 1257 1482 audimus

258 1516 463 1562 manus,
483 1504 833 1569 operationem
863 1503 1152 1570 intelligere
1171 1504 1256 1555 de-

260 1575 459 1639 bemus3
505 1583 555 1627 et
595 1591 714 1627 cum
767 1577 1004 1628 audimus
1071 1577 1252 1643 pedeS,

258 1649 746 1714 praesentationem,
780 1658 831 1702 et
870 1666 987 1702 cum
1019 1651 1257 1702 audimus

258 1721 456 1782 oeulos,
503 1723 772 1785 visionem,
827 1739 927 1791 qua
969 1725 1252 1790 cognoscit,

257 1800 308 1846 et
348 1810 468 1846 cum
509 1796 749 1848 audimus
766 1798 968 1855 faciem,
999 1798 1252 1857 notitiam,

257 1883 359 1935 qua
408 1870 707 1931 innotescit,
765 1878 815 1922 et
855 1871 894 1921 si
937 1871 1057 1938 quid
1116 1870 1255 1922 aliud

256 1940 527 2008 Scriptura
556 1950 931 1996 commemorat
966 1944 1088 2004 tale,
1137 1952 1256 2010 puto

257 2014 595 2082 spiritualiter
623 2016 1086 2083 intelligendum.»
1119 2017 1257 2070 Deus

257 2089 417 2149 enim,
445 2095 502 2139 ut
530 2091 603 2140 ait
624 2089 682 2142 S.
709 2090 1000 2142 Bernartius
1028 2092 1076 2142 in
1102 2090 1252 2144 Cant.

258 2159 333 2231 (9)
377 2163 614 2214 membra
644 2180 888 2231 corporea
926 2185 950 2213 α
985 2165 1139 2217 babet
1167 2182 1256 2232 per

257 2235 523 2297 ellectum,
572 2253 672 2289 non
704 2253 796 2305 per
825 2245 1087 2290 naturam.
1124 2258 1148 2287 »
1179 2238 1253 2308 (5)

333 2307 441 2361 Obi.
477 2311 562 2362 3.⁸
595 2310 709 2378 Ipsa
743 2310 798 2363 S.
835 2309 1100 2380 Scriptura
1141 2314 1259 2364 sim·

258 2381 541 2449 plicitatem
582 2383 672 2436 Dei
727 2392 915 2452 negat,
969 2386 1091 2437 dum
1150 2386 1256 2438 Deo

260 2457 544 2508 maximam
573 2459 935 2510 extensionem
964 2460 1144 2512 tribuit
1183 2460 1256 2510 di-

260 2545 412 2580 cens:
458 2530 714 2583 Eoecelsior
730 2531 859 2583 coelo
875 2540 1014 2584 est...
1044 2534 1255 2600 profan-

258 2603 371 2654 dior
411 2605 676 2670 inferno...
705 2605 894 2673 lon-qim*
940 2615 1073 2658 terra
1124 2623 1255 2658 men-

256 2693 378 2728 sura
399 2678 524 2739 eim,
567 2687 610 2730 et
643 2679 789 2730 latior
815 2680 953 2730 mari
982 2678 1079 2749 (li).
1113 2665 1132 2686 ⁶

331 2749 470 2818 Resp.
515 2751 783 2811 Extensio,
829 2769 961 2821 quae
1002 2770 1031 2804 a
1060 2752 1255 2820 Saphar

255 2821 570 2876 Naamathile
609 2825 715 2878 Deo
755 2825 975 2878 adscribi
1024 2826 1252 2885 videtur,

257 2911 358 2946 non
393 2897 443 2947 in
486 2914 641 2950 sensu
685 2900 886 2967 proprio
925 2907 977 2951 et
1019 2899 1251 2959 litterali,

256 2968 346 3019 sed
375 2970 649 3037 improprio
690 2980 741 3024 et
782 2972 1137 3040 metaphorico
1179 2980 1257 3024 est

256 3041 609 3113 intelligenda.
647 3045 796 3097 Solet·
836 3046 975 3098 enirn
1015 3045 1070 3098 S.
1114 3045 1251 3098 Scri-

257 3119 408 3181 ptura
442 3115 646 3168 tradere
685 3119 830 3170 nobis
871 3119 1162 3187 spiritualia
1205 3127 1255 3172 et

259 3187 431 3240 divina
482 3190 578 3242 sub
618 3191 954 3245 similitudine
1020 3208 1254 3261 corpora·

304 3374 354 3460 li)
381 3374 598 3453 {Sissffiff
611 3376 675 3412 ¹¹¹
691 3379 737 3411 ³⁶
750 3379 944 3413 F⁰s²¹¹¹¹³t·
977 3380 1101 3423 cap-4.

303 3418 356 3547 ᾗς
381 3463 699 3542 ῗῶδίιιπὲεέιέί.
726 3465 798 3498 Lib.
813 3465 869 3507 14,
893 3466 982 3500 Mor.
1009 3476 1040 3501 c.
1060 3467 1119 3510 45,
1143 3475 1179 3513 ng.
1195 3464 1253 3503 53.

346 3538 353 3549 ’
529 3530 537 3548 Ὀ
667 3530 676 3542 t

939 175 1002 211 ni:
1040 174 1134 212 nro
1172 174 1223 211 m
1260 175 1316 212 se
1353 174 1611 231 srec‘rirro.

1314 254 1462 316 lium,
1505 261 1565 315 ut
1601 269 1731 317 sese·
1755 259 1929 309 nostro
1954 252 2215 320 cogitandi
2244 262 2302 309 'et

1315 327 1557 396 loquendi
1615 329 1764 383 modo
1815 333 1976 397 aptet.
2030 328 2085 378 ln
2145 327 2301 380 citato

1314 417 1435 466 ergo
1494 400 1606 455 loco
1661 418 1753 470 pro
1804 408 1957 469 captu
1982 407 2152 453 nostro
2192 399 2305 452 infi-

1317 476 1423 526 nita
1464 474 1791 542 magnitudo,
1833 481 1886 528 et
1921 475 2304 543 omnipraesen-

1317 550 1386 600 tia
1436 547 1527 598 Dei
1577 548 1907 615 proponitur,
1950 563 2040 602 seu
2060 588 2073 609 ,
2126 554 2180 599 ut
2231 547 2306 599 ait

1316 621 1372 673 S.
1397 620 1605 674 Thomas
1634 620 1731 691 (5):
1757 642 1779 673 «
1799 620 1853 673 S.
1871 619 2155 688 Scriptura,
2181 621 2304 672 dum

1319 695 1504 746 trinam
1572 695 1946 747 dimensionem
2007 693 2115 746 Deo
2162 695 2307 746 attri-

1317 768 1447 828 buit,
1491 768 1584 820 sub
1623 768 1962 820 similitudine
2004 767 2308 836 quantitatis

1318 856 1564 908 corporae
1629 842 1973 909 quantitatem
2032 840 2307 892 virtualem

1318 914 1478 981 ipsius
1506 914 1760 982 designat,
1795 922 1969 982 utpote
1992 929 2082 981 per
2104 914 2310 981 profun-

1319 989 1530 1040 ditatem
1543 989 1785 1040 virtutem
1809 988 1871 1039 ad
1896 987 2310 1054 cognoscendum

1317 1062 1540 1123 occulta,
1575 1077 1664 1128 per
1694 1062 2024 1114 altitudinem
2052 1060 2311 1113 excellen-

1318 1136 1441 1186 tiam
1467 1136 1674 1188 virtutis
1695 1151 1850 1203 super
1877 1136 2068 1197 omnia,
2095 1150 2186 1203 per
2208 1135 2313 1187 lon-

1318 1209 1606 1275 gittidinem
1620 1210 1946 1262 durationem
1961 1209 2039 1261 sui
2062 1224 2195 1270 esse,
2222 1224 2312 1276 per

1321 1282 1646 1334 latitudinem
1668 1283 1911 1335 aflectum
1942 1282 2230 1334 dilectionis
2247 1282 2311 1332 ad

1319 1360 1490 1408 omnia
1511 1373 1523 1406 :
1546 1357 1649 1417 vel,
1683 1362 1739 1408 ut
1768 1357 1891 1408 dicit
1913 1355 2182 1422 Dionysias
2212 1354 2310 1424 (6),

1322 1445 1409 1496 per
1438 1430 1838 1497 profunditatem
1872 1429 1966 1481 Dei
2007 1428 2315 1495 intelligitur

1319 1504 1908 1571 incomprehensibilitas
1948 1503 2109 1570 ipsius
2136 1517 2313 1554 essen-

1321 1578 1439 1638 tiae,
1486 1593 1574 1644 per
1617 1577 1993 1644 longitudinem
2043 1591 2315 1642 processus

1320 1651 1431 1702 eius
1452 1651 1622 1702 omnia
1647 1650 1985 1718 penetrantiS‚
2022 1665 2112 1717 per
2139 1649 2314 1702 latitu-

1321 1724 1493 1775 dinem
1521 1740 1645 1775 vero
1674 1725 2070 1791 superextensio
2110 1722 2222 1774 eius
2250 1722 2313 1773 ad

1319 1799 1511 1858 omnia,
1557 1798 1607 1847 in
1648 1804 1897 1865 quantum
1961 1796 2162 1848 scilicet
2219 1796 2315 1847 sub

1319 1872 1428 1922 eius
1475 1873 1790 1937 protectione
1830 1871 2010 1923 omnia
2049 1870 2314 1924 continen-

1322 1951 1422 1995 lul‘.
1462 1964 1487 1992 ))

1393 2017 1499 2069 obi.
1548 2019 1630 2068 li.a
1661 2016 1902 2070 Nonnulli
1933 2017 2111 2070 Patres
2149 2016 2315 2068 Deum

1319 2106 1504 2158 corpus
1525 2107 1636 2142 csse
1667 2092 1865 2153 dicunt,
1893 2098 1948 2143 ut
1980 2089 2316 2142 Tertullianus

1322 2163 1395 2234 (7)
1426 2165 1546 2216 adV.
1567 2164 1723 2216 Prax.
1745 2166 1846 2217 ait:
1875 2185 1896 2214 «
1930 2164 2053 2227 Quis
2083 2163 2313 2231 negabit,

1322 2238 1484 2289 Deum
1514 2254 1701 2305 eorpus
1736 2254 1869 2298 esse,
1914 2239 2009 2290 etsi
2051 2238 2190 2290 Deus
2213 2237 2317 2303 spi·

1321 2313 1449 2362 ritus
1490 2311 1596 2363 est‘?
1625 2312 1918 2363 ——Similia
1969 2312 2018 2362 in
2081 2310 2313 2376 Oriyene.

1319 2385 1577 2437 Lactantio
1618 2394 1670 2437 et
1709 2385 1767 2438 S.
1809 2385 2009 2438 Hilario
2050 2383 2318 2436 inveniun-

1323 2466 1424 2510 tur.
1464 2479 1488 2507 »

1393 2532 1533 2600 Resp.
1567 2530 1783 2585 Veteres
1810 2546 1997 2583 nomen
2021 2529 2239 2598 corporis
2261 2529 2312 2580 in

1319 2621 1474 2658 sensu
1506 2606 1609 2656 lato
1631 2605 1908 2656 sumebant
1948 2619 2037 2671 pro
2064 2619 2124 2655 eo
2152 2603 2312 2663 omni,

1319 2679 1453 2747 quod
1495 2679 1634 2729 reale
1658 2685 1755 2740 est,
1801 2693 1923 2730 vere
1964 2676 2217 2737 subsistit,
2262 2682 2313 2728 et

1318 2753 1594 2820 opponitur
1616 2752 1753 2803 inani
1784 2758 1837 2803 et
1863 2766 2050 2808 vacuo,
2075 2751 2185 2802 sive
2207 2765 2315 2801 ma·

1320 2825 1514 2877 terialis
1535 2832 1755 2877 naturae
1777 2825 1862 2886 sit,
1881 2824 1990 2876 sive
2011 2822 2311 2890 spiritualis,

1320 2898 1391 2950 Ita
1417 2900 1572 2951 etiam
1594 2898 1943 2950 Tertullianus
1971 2895 2311 2955 existimavit.

1319 2972 1483 3024 Deum
1514 2988 1626 3024 esse
1658 2987 1866 3039 corpuS‚
1910 2977 2168 3039 quatenus
2205 2984 2314 3021 cor-

1321 3062 1414 3113 pus
1441 3046 1716 3113 opponitur
1738 3044 1898 3096 nihilo
1920 3051 1972 3096 et
2000 3058 2183 3104 vacuo,
2209 3057 2310 3094 non

1318 3126 1575 3186 quatenus
1603 3118 1879 3186 opponitur
1916 3124 2130 3168 naturae
2169 3115 2315 3182 spiri-

1296 3191 1444 3262 tuali
1492 3198 1544 3243 et
1603 3189 1955 3242 immateriali.
2006 3190 2125 3254 Agit
2176 3188 2312 3238 enim

1318 3271 1494 3317 contra
1536 3264 1809 3325 Praxeam,
1852 3262 1939 3330 qui
1971 3260 2200 3314 Verbum
2241 3259 2313 3311 dis-

1361 3421 1412 3462 (5)
1438 3422 1464 3460 1,
1492 3429 1526 3463 q.
1555 3420 1587 3462 3,
1612 3425 1682 3455 art.
1707 3420 1726 3455 1
1754 3420 1798 3453 ad
1822 3418 1853 3454 1.

1361 3465 1412 3507 (u)
1436 3465 1488 3498 De
1510 3465 1587 3498 div.
1615 3465 1718 3498 Nom.
1744 3469 1823 3506 cap.
1849 3462 1882 3497 ⁹.

1360 3507 1412 3551 (7)
1439 3507 1516 3542 Lib·
1541 3506 1574 3544 ἵὶ
