2332 3860
84 301 265 357 cirea:
307 293 555 348 actiones
637 298 880 345 externas
959 306 1069 342 ver-

96 382 256 434 satur,
298 370 446 422 iuxta
485 366 626 434 leges
688 367 782 419 sibi
825 365 1074 436 pra-escri-

83 457 208 521 ·ptas
245 442 515 499 diiudicari
538 446 726 508 potest;
773 441 963 493 iustitia
983 456 986 459 ⁴
1003 439 1074 490 di-

95 524 237 583 vina,
280 532 411 588 quae
449 522 715 568 serutatur
735 515 889 567 corda
929 520 981 566 et
997 528 1077 564 re-

87 611 205 658 -neS,
247 608 309 646 ac
345 593 399 644 in
442 589 605 643 altera
633 589 955 658 potissimum
1002 587 1076 638 vi-

84 679 145 726 *ta
186 672 478 723 exercetur,
546 660 1077 731 incomprehensibilis

0 799 5 803 .
87 751 191 807 ’θεῖς
232 740 370 794 unde
412 736 488 809 (l)
529 738 738 790 dicitur.-
778 735 1077 789 [adiciatne.

39 868 50 876 ,
92 819 288 886 abyssus
326 813 484 866 mulla
510 811 612 882 (⁰2):
645 818 695 863 et
723 818 862 863 recte
882 808 934 862 S.
974 807 1077 860 Au-

94 892 313 963 9ustinus
372 887 453 957 (ὅ)
492 887 554 938 de
594 886 739 938 verb.
785 884 963 953 Apost.
1010 884 1081 935 in-

87 967 225 1037 quit:
296 983 323 1012 «
365 961 541 1030 Neque
590 959 929 1012 dubitandum
979 964 1075 1016 est,

94 1056 206 1094 esse
229 1042 423 1091 iustum
451 1033 682 1105 (Deum),
703 1032 1081 1101 etiamthuando

96 1115 234 1175 facit,
278 1110 410 1181 quod
450 1109 741 1163 hominibus
782 1107 986 1159 videtur
1008 1107 1082 1158 in-

21 1181 33 1187 ”
96 1188 309 1242 iustum.
355 1205 382 1234 n

170 1261 302 1314 Nota
339 1260 394 1311 2.
439 1257 689 1310 Iustitiam
732 1256 957 1307 divinam
1007 1254 1083 1305 in-

99 1342 178 1389 ter
228 1333 449 1404 gentiles
488 1337 744 1398 negarunt
783 1330 1077 1399 Epicuraei,

99 1410 182 1479 qui
211 1409 376 1462 Deum
415 1405 480 1458 ad
525 1405 789 1457 hominum
855 1405 1084 1456 actiones

99 1499 200 1537 non
229 1481 508 1536 adtendere
547 1479 871 1538 dictitabant,
916 1486 967 1530 et
1012 1478 1086 1528 in·

101 1565 181 1611 ter
218 1555 550 1614 Christianos»,
601 1560 731 1605 teste
769 1552 1085 1604 Tertulliano

104 1630 216 1699 (li),
259 1628 600 1688 Marcionitae,
644 1630 730 1694 qui
771 1627 1014 1678 iustitiam
1057 1642 1083 1677 a

19 1774 22 1776 v
103 1705 210 1757 Deo
250 1703 604 1761 removebant,
630 1701 746 1768 quia
776 1708 959 1752 natura
1001 1700 1087 1751 bo-

104 1794 202 1831 nus
240 1785 293 1831 et
348 1776 777 1829 elementissimus
816 1781 911 1825 est.
976 1773 1087 1825 Huc

106 1850 356 1905 referendi
420 1854 540 1902 sunt
604 1845 797 1900 Calvini
835 1847 1081 1906 asseclae,

23 1979 26 1981 i
105 1941 231 1995 quos
268 1924 661 1993 supralapsarios·
710 1922 907 1982 dicunt,
951 1937 1086 1972 asse-

106 2006 299 2061 renteS,
340 1998 504 2050 Deum
551 1994 816 2049 voluntate
855 1995 1085 2047 absoluta

105 2073 303 2141 aliquos
341 2071 563 2125 aeternis
620 2070 884 2140 suppliciis
933 2069 1089 2121 desti-

109 2163 233 2200 nare
272 2154 391 2199 ante
437 2145 632 2215 peccati
691 2145 1083 2214 praevisionem.

114 2220 202 2274 Th.
249 2220 437 2272 Hobbes
484 2220 646 2273 Deum
692 2220 946 2271 vindicem
990 2235 1086 2269 non

110 2301 285 2361 negat,
335 2294 423 2346 sed
463 2309 581 2346 eum
649 2300 703 2345 ut
765 2293 1087 2347 tremendum

110 2375 389 2438 tyrannum
444 2371 692 2435 proponit,
736 2371 821 2436 qui
862 2369 974 2420 ideo
1014 2383 1090 2418 so-

111 2441 218 2494 lum
235 2442 395 2509 punit,
415 2443 530 2510 quia
549 2443 850 2496 irresistibili
867 2442 1087 2511 potentia

111 2516 320 2584 gaudet.
363 2514 461 2567 Alii
501 2518 647 2570 multi
688 2517 884 2579 dicunt,
927 2516 1090 2568 Deum

116 2589 368 2642 infinitam
398 2606 509 2642 esse
547 2590 871 2652 charitatem,
902 2599 953 2643 et
982 2590 1093 2641 ideo

115 2678 211 2716 nec
248 2664 417 2723 irasci,
454 2680 546 2717 nec
574 2666 755 2734 punire
786 2682 948 2734 posse.
982 2663 1095 2715 Fal-

118 2734 296 2789 luntur
357 2743 528 2790 autem
588 2739 670 2809 qui
712 2743 781 2792 ita
840 2741 1089 2793 sentiunt:

121 2811 357 2878 quamvis
394 2813 530 2864 enim
570 2815 622 2866 in
660 2811 765 2866 Deo
823 2831 922 2867 non
964 2816 1095 2868 adsit

119 2891 289 2936 motus
334 2883 459 2945 irae,
491 2892 547 2938 ut
587 2888 635 2938 in
664 2885 972 2950 hominibus,
1004 2890 1092 2941 ad-

47 3007 53 3011 .
108 2964 198 3012 ,est
236 2963 406 3011 tamen
437 2959 673 3012 voluntas
715 2964 955 3027 puniendi
998 2979 1100 3015 ma-

102 3030 215 3092 ⁴loS,
248 3038 302 3084 ut
355 3047 422 3084 ex
460 3035 775 3087 revelatione
799 3044 864 3088 -et
905 3038 1100 3090 ratione

29 3098 390 3174 „'„pr0batum
428 3113 524 3159 est.
569 3108 748 3161 Plures
776 3104 1102 3164 difficultates

75 3187 78 3195 ·
111 3178 175 3237 ssin
197 3185 419 3232 tractatu
434 3180 497 3234 de
514 3183 956 3238 statibusalterius
969 3188 1103 3238 vitae

124 3252 407 3309 solventur.

196 3326 327 3380 Nota
366 3327 417 3382 5.
462 3326 514 3400 a)
555 3328 903 3387 Consideratio
966 3335 1108 3389 iusti-

170 3438 224 3528 ξιξ
247 3441 302 3497 ιζι
327 3441 382 3484 35,
406 3442 442 3479 τ.

185 3513 505 3571 aa„

78 3584 83 3594 ·
106 3604 119 3615 s
186 3570 225 3617 4)
245 3570 286 3608 1..
310 3572 343 3608 2.
366 3576 449 3611 adv.
473 3576 584 3613 Marc.
607 3586 639 3612 e.
667 3579 724 3619 12.

726 210 846 250 rans
882 210 917 250 1.
960 211 1126 249 secvlo
1161 213 1199 248 ι.
1244 203 1397 248 carm·
1433 212 1488 248 n.

1951 193 2058 249 133

1135 290 1234 344 tiae
1273 290 1478 343 divinae
1526 289 1869 343 vindieativae
1899 290 2131 350 homines

1135 365 1198 417 ad
1241 371 1450 434 peccata
1503 364 1785 433 praeterita,
1821 380 1912 431 per
1959 370 2131 434 poeni·

1137 440 1349 491 tentiam
1390 437 1637 500 delenda,
1701 444 1753 490 et
1795 438 1859 491 ad
1924 450 2132 507 peccata

1139 515 1311 566 futura·
1368 513 1576 565 vitanda
1624 512 1892 580 impellere
1943 513 2130 575 debet,

1138 588 1255 656 quia
1313 586 1615 639 horrendum
1674 594 1743 639 est
1808 587 2022 639 incidere
2082 591 2134 640 iii.

1138 677 1315 714 manus
1367 661 1462 713 Dei
1505 661 1702 714 viventis
1740 658 1838 732 (5).
1884 661 2135 715 Continuo

1140 737 1297 803 igitur
1334 735 1576 788 salutaris
1618 736 1769 787 timor
1809 737 1859 788 in
1899 736 2137 789 cordibus

1143 810 1407 862 hominum
1449 810 1760 862 excitandus
1789 817 1887 874 est3
1935 826 2052 863 nam
2081 813 2139 863 ti·

1139 899 1249 935 mor
1293 883 1491 936 Domini
1529 884 1630 935 odit
1676 884 1862 936 malum
1904 881 2015 956 (6),
2063 892 2135 939 et.

1142 958 1339 1026 empellit
1388 967 1634 1027 peccalum
1691 956 1789 1030 (7).
1835 954 1881 1029 b)
1940 957 2134 1011 lustitia

1143 1032 1233 1084 Dei
1277 1034 1663 1085 remunerativa
1705 1034 1801 1101 piis
1844 1032 2024 1084 solatio
2078 1035 2139 1085 sit

1144 1114 1368 1174 oportet3
1402 1123 1519 1160 nam
1563 1108 1602 1159 si
1644 1107 1695 1159 in
1738 1106 1835 1159 bac
1875 1107 1982 1159 vita
2030 1124 2140 1176 pre·

1145 1188 1359 1234 muntur
1422 1188 1474 1233 et
1538 1182 1902 1249 opprimuntur
1942 1181 2139 1251 inique,

1144 1271 1288 1323 spem
1332 1255 1524 1308 habent
1565 1258 1928 1316 certissimam,
1974 1256 2023 1307 in
2067 1256 2141 1308 al·

1150 1336 1254 1381 tera
1281 1330 1386 1382 vita
1409 1335 1629 1382 vexatae
1657 1330 1982 1382 innocentiae
2012 1346 2141 1382 mer-

1145 1404 1321 1456 cedem
1381 1420 1435 1456 se
1487 1405 1741 1456 relatu-ros
1782 1404 1846 1457 ab
1888 1403 1975 1456 illo
2016 1404 2140 1465 Deo,

1145 1479 1231 1547 qui
1274 1478 1472 1531 exaltat
1536 1478 1777 1537 humiles,
1821 1484 1871 1529 et
1915 1479 2141 1543 legitime

1147 1554 1465 1605 certantibus
1531 1552 2015 1607 immarcescibilem
2054 1570 2141 1607 co-

1148 1643 1328 1681 ronam
1368 1628 1638 1697 elargitur.

1561 1751 1599 1810 ς
1639 1750 1747 1799 αὖ(

1322 1842 1374 1876 De
1396 1840 1566 1876 Bonitate
1591 1841 1654 1876 Dci
1679 1850 1768 1884 erga
1790 1846 1989 1879 creaturas·

1222 1924 1391 1977 Etiam
1452 1926 1585 1976 inter
1639 1924 1873 1976 homines
1931 1925 2149 1984 dantur,

1149 2001 1233 2068 qui
1275 2015 1396 2066 erga
1425 1999 1552 2051 alios
1595 2015 1649 2051 se
1703 2015 1803 2051 non
1858 1999 2025 2051 solum
2067 2001 2151 2052 be-

1152 2074 1382 2134 nevolOS‚
1427 2074 1515 2124 sed
1546 2081 1598 2125 et
1641 2073 1897 2126 beneficos
1936 2080 1987 2126 et
2029 2074 2150 2126 libe-

1152 2149 1285 2201 rales
1324 2149 1624 2211 ostenduut3
1694 2155 1745 2200 et
1796 2148 1923 2199 haec
1973 2164 2150 2200 eorum

1152 2224 1351 2276 bonitas
1392 2228 1637 2291 tanquam
1670 2223 1934 2290 praeclara
1986 2223 2149 2274 virtus

1152 2305 1203 2354 et
1266 2313 1450 2364 magna
1518 2297 1762 2366 perfectio
1818 2298 2142 2349 aestimatur.

1152 2372 1333 2425 Merito
1375 2372 1531 2438 igitur
1581 2371 1698 2423 Enti
1752 2387 1953 2439 quoque
1994 2371 2154 2438 perfe-

1157 2447 1386 2512 ctissimo
1428 2446 1706 2497 bonitatem
1748 2461 1870 2511 erga
1910 2445 2056 2503 ailoe,
2102 2451 2153 2496 et

1157 2520 1364 2589 quidem
1406 2521 1454 2570 in
1497 2535 1698 2571 summo
1737 2518 1901 2585 gradu
1966 2518 2155 2570 adscri-

1160 2596 1344 2648 bimus,
1390 2593 1488 2645 Sed
1530 2594 1854 2652 discrimina,
1909 2607 2041 2660 quae
2080 2594 2156 2644 in·

1159 2675 1238 2721 ter
1273 2669 1551 2721 humanam
1593 2674 1645 2720 et
1685 2669 1915 2719 divinam
1957 2666 2155 2720 bonita-

1164 2759 1246 2795 em
1292 2744 1634 2795 obversantur
1657 2743 1816 2810 probe
1840 2740 2158 2794 attendenda

1158 2824 1317 2870 tsunt.
1361 2816 1488 2868 Nam
1527 2815 1578 2887 α)
1623 2817 1821 2868 bonitas
1849 2816 2074 2868 humana
2102 2817 2161 2868 li·-

1160 2896 1337 2943 mitata
1379 2898 1430 2942 et
1471 2892 1677 2942 infirma
1718 2897 1824 2948 est,
1882 2890 2055 2942 divina
2106 2890 2159 2941 l'i-

1162 2968 1309 3018 mites
1340 2967 1519 3021 nescit,
1553 2972 1650 3015 eta
1681 2965 1891 3016 nemine
1922 2964 2158 3030 impediri

1165 3047 1347 3108 potest.
1393 3037 1435 3109 c)
1487 3039 1693 3090 Bonitas
1717 3039 1943 3090 humana
1973 3039 2160 3106 depen-

1164 3116 1292 3166 dens
1358 3120 1463 3173 est,
1534 3112 1736 3179 legibus
1800 3114 2055 3173 subiacet,
2113 3118 2161 3164 et

1166 3188 1278 3239 ideo
1318 3203 1408 3256 per
1447 3186 1704 3239 defectum
1745 3187 1827 3238 vel
1860 3203 1954 3255 per
1989 3202 2163 3239 exces-

1167 3277 1281 3313 sum
1325 3276 1536 3328 peccare
1579 3267 1772 3329 potest3
1830 3261 2036 3314 bonitas
2076 3276 2164 3312 au-

1169 3342 1274 3388 tem
1313 3335 1485 3387 divina
1517 3335 1867 3405 independens
1910 3342 2009 3399 est,
2054 3333 2163 3387 nul·

1219 3494 1265 3537 (δ)
1292 3493 1400 3529 Hebr.
1425 3493 1482 3536 10,
1505 3493 1564 3531 31.

1234 3539 1255 3574 6
1297 3540 1397 3573 Prov.
1425 3538 1457 3574 8.
1484 3539 1539 3574 13.

1218 3539 1233 3629 ξ
1258 3588 1270 3628 )
1295 3584 1403 3619 Eccli.
1434 3583 1468 3628 1,
1492 3583 1548 3619 27.
