2332 3860
0 0 101 123 [ξ.
128 8 147 24 ,,
173 11 175 15 .

280 36 286 54 i

14 118 79 143 .›‹·,··

8 131 42 296 Ξ

91 177 552 258 ’πῖθἈηεεῖοτυω.
615 182 887 238 Caeterum
939 155 1085 236 iuxta

96 263 321 318 Bahrdtii
362 265 707 314 commentum
737 255 970 310 Christus
997 258 1088 309 im-

11 329 35 385 '2
98 345 268 409 postor
305 336 483 390 fuisset
509 376 522 398 ,
565 332 649 403 qui
690 330 960 400 Apostolos
1000 331 1085 384 de·

12 440 14 442 >
98 412 262 481 cepit3
305 409 393 463 sed
447 408 705 463 Christum
757 406 1082 474 impostorem

23 487 66 505 ·’
101 502 200 540 non
240 485 417 545 fuisse,
463 487 600 551 patet
635 495 699 532 ex
741 480 821 541 iis,
866 495 997 549 quae
1024 480 1087 531 de

99 561 314 613 veritate
334 555 609 623 Religionis
630 554 938 607 christianae
953 554 1086 606 dicta

96 641 218 687 sunt
258 634 307 686 in
348 629 618 697 Theologia
650 627 876 695 generali
908 625 1006 699 (l).

171 706 277 761 obi.
322 707 374 759 2.
407 704 652 758 Ascensio
680 701 866 755 Christi
896 701 1086 754 solum-

98 782 246 836 modo
285 798 315 834 a
355 779 524 834 Marco
583 786 630 830 et
689 776 824 829 Luca
865 791 1087 828 comme·

49 903 51 906 .
96 862 324 911 moratur
350 896 362 916 ,
407 853 490 923 qui
532 851 603 904 illi
648 858 943 920 praesentes
985 866 1084 903 non

3 959 5 962 ⁴
96 932 322 984 fuerunt.
356 927 646 982 Matthaeus
673 932 844 977 autem
867 932 918 977 et
945 924 1090 977 loan-

27 1029 30 1034 .
96 1022 216 1067 nes,
260 1004 342 1073 qui
387 1009 630 1070 tanquam
672 998 894 1068 Apostoli
945 997 1087 1051 Chri-

96 1086 233 1132 stum
257 1079 443 1147 ubique
467 1075 864 1133 comitabantur,
889 1073 1084 1125 nullam

97 1154 159 1206 de
199 1152 284 1205 illa
344 1151 655 1203 mentionem
707 1148 919 1200 faciunt.
965 1147 1088 1200 Mat·

102 1229 282 1280 thaeus
321 1226 487 1294 potius
526 1223 838 1276 contrarium
880 1223 1081 1284 asserit,

98 1317 215 1355 cum
256 1306 513 1360 testatur,
568 1295 828 1349 Christum
886 1313 1088 1365 semper

98 1391 215 1429 cum
256 1373 510 1442 Apostolis
545 1379 915 1424 commoratum
952 1387 1082 1423 esse.

98 1451 213 1520 quia
256 1449 404 1501 dixit:
450 1447 572 1500 Ecce
599 1462 680 1513 eqo
720 1446 955 1500 vobiscum
981 1462 1089 1498 sum

99 1523 318 1578 omnibus
358 1522 521 1575 diebus
561 1537 711 1590 usque
767 1521 830 1572 ad
875 1537 1091 1574 consum-

99 1600 367 1652 mationem
405 1596 603 1649 saeculi.
635 1625 708 1634 —
742 1595 829 1647 His
869 1597 1084 1656 accedit,

98 1674 228 1743 quod
274 1673 498 1725 narratio
527 1670 691 1723 Lucae
732 1671 1090 1723 contradictio-

100 1765 219 1802 nem
259 1747 509 1810 involvat3
555 1761 672 1798 nam
704 1745 753 1796 in
796 1761 887 1797 suo
927 1745 1093 1797 Evan-

98 1823 233 1890 gelio
260 1837 372 1890 cap.
406 1820 499 1873 ult.
532 1820 679 1872 dicit:
710 1819 900 1872 Eduoeic
927 1836 1002 1871 eos
1035 1821 1088 1871 in

99 1897 458 1950 Belkaniam...
497 1903 539 1947 et
578 1894 786 1946 elevatus
825 1902 912 1959 esl3
956 1900 1007 1946 et
1040 1895 1088 1946 in

99 1972 215 2026 Act.
248 1971 343 2040 Ap.
382 1969 476 2023 c.l
518 1969 613 2021 boc
652 1969 786 2021 idem
828 1970 876 2021 in
919 1976 1090 2022 monte

100 2045 283 2098 Oliveti
323 2044 594 2110 contigisse
636 2051 849 2095 narrat:
895 2043 1094 2096 Reversi

100 2127 281 2172 sunt...
326 2135 355 2171 a
382 2127 557 2178 monle,
589 2117 675 2186 qui
694 2118 878 2170 dicitnr
898 2117 1086 2172 oliveti.

176 2193 318 2263 Hesp.
363 2194 566 2246 Marcus
594 2198 643 2244 et
673 2192 852 2253 Lucas,
898 2193 1092 2245 dictan-

103 2268 239 2322 tibus
285 2275 335 2321 et
374 2267 774 2335 approbantibus
815 2267 1088 2335 Apostolis,

104 2343 259 2396 libros
297 2359 416 2395 suos
456 2344 896 2408 conscripserunt,
940 2349 1093 2411 atque

104 2417 216 2470 ideo
256 2417 459 2486 plenam
500 2415 650 2468 fidem
692 2423 974 2469 merentur.
1032 2416 1093 2469 O-

105 2508 251 2544 mnes
304 2499 475 2544 autem
519 2490 786 2558 Apostolos
832 2490 1096 2543 Ascensio-

104 2582 224 2619 nem
250 2565 433 2618 Christi
464 2565 740 2618 credidisse
768 2571 815 2617 et
845 2566 1093 2633 docuisse,

107 2647 246 2712 patet
286 2656 350 2692 ex
379 2639 642 2708 Symbolo,
676 2642 724 2691 in
758 2656 856 2708 quo
898 2642 991 2692 iste
1019 2658 1096 2693 ar-

106 2714 294 2767 ticulus
332 2715 640 2767 continetur.
686 2713 735 2764 Si
775 2717 824 2766 in
868 2715 1096 2783 Evange-

107 2790 188 2842 tiis
228 2788 467 2841 Matthaei
517 2795 568 2840 et
608 2789 810 2840 ioannis
851 2788 1094 2843 Ascensio

107 2864 393 2924 reticetur,
439 2879 536 2914 non
589 2862 700 2915 ideo
739 2871 975 2931 negatur.
1020 2865 1097 2917 Si-

107 2937 323 2990 lentium
354 2938 505 2988 unius
535 2938 892 3004 Evangelistae
922 2956 1095 2993 narra·

20 3050 31 3054 ff·
109 3013 299 3064 tionem
327 3011 538 3063 alterius
566 3028 663 3064 non
694 3012 858 3065 reddit
891 3013 1096 3067 dubiam

109 3093 199 3139 aut
237 3092 527 3154 suspectam
555 3127 566 3147 ,
626 3087 742 3155 quia
795 3098 1094 3154 argumenta

109 3161 349 3228 negativa
380 3167 641 3229 nequeunt
672 3160 948 3229 infringere
975 3166 1099 3233 posi·

109 3236 236 3295 tiva,
279 3234 319 3286 si
359 3235 567 3288 adsunt.
623 3235 911 3288 Matthaeus
951 3239 1092 3299 dicit,

109 3308 367 3361 Christum
407 3324 497 3378 per
534 3309 810 3377 specialem
857 3314 1100 3367 assisten-

155 3438 209 3482 (1)
233 3437 256 3482 5
281 3439 347 3474 122
368 3444 404 3474 et
470 3441 536 3476 157
559 3442 653 3478 Edit.
679 3442 700 3477 2
716 3452 745 3477 a.

157 3482 208 3527 (2)
237 3486 310 3518 Aet.
339 3486 400 3527 Ap.
448 3509 460 3527 ‚
478 3485 531 3521 55.
751 3486 800 3531 (3)
826 3489 935 3532 apoc.
962 3490 1020 3534 14,
1043 3491 1076 3527 4.

227 3564 384 3615 Knoll.
410 3570 528 3643 Teol.
549 3571 698 3618 doum.
723 3594 778 3602 —
808 3570 902 3616 Vol.
922 3571 960 3615 1.

533 106 562 115 -
661 76 1128 151 ,ΡΑιιειιιᾯυωῆῡ
1161 102 1219 139 π.
1263 99 1413 138 caru-r
1451 100 1505 137 n.

1958 85 2055 139 501

1149 186 1271 235 tiam
1310 195 1457 234 suam
1498 195 1703 250 semper
1727 196 1845 235 cum
1884 179 2139 251 Apostolis
2197 250 2202 255 ,

1150 255 1450 309 docentibus
1490 255 1720 308 futurum
1760 271 1891 309 esse.
1926 256 2142 310 loannes

1148 329 1462 384 ascensionis
1488 328 1752 382 historiam
1775 330 2009 400 equidem
2040 346 2140 384 non

1150 405 1324 467 refert,
1368 403 1455 457 sed
1485 404 1702 456 eandem
1730 404 2083 458 ascensionem
2111 422 2142 459 a

1150 478 1350 531 Christo
1388 479 1592 547 saepius
1632 478 1787 530 fuisse
1828 479 2140 547 praedictam

1151 560 1388 607 testatur.
1430 551 1604 622 Neque
1634 551 1796 604 Lucas
1823 553 1916 606 sibi
1946 561 2144 607 contra-

1119 627 1296 691 ·dicit3
1342 643 1461 680 nam
1501 625 1780 687 Bethania,
1826 634 1881 679 ut
1922 632 2142 682 testatur

1150 701 1207 755 S.
1251 701 1583 771 Hieronymus
1604 698 1688 773 (de
1718 700 1839 752 locis
1870 700 2143 774 hebraicis)

1150 783 1261 828 erat
1289 777 1337 827 in
1367 776 1583 828 declivio
1610 776 1794 827 montis
1817 774 1999 829 Olivcti
2022 779 2140 842 sita3

1153 851 1388 902 transivit
1427 866 1551 917 ergo
1592 849 1732 902 lesus
1767 849 2035 910 Bethania,
2067 858 2145 904 at·

1150 941 1248 994 que
1289 924 1406 976 inde
1445 925 1678 977 ascendit
1720 931 1965 988 montem,
2010 926 2145 978 unde

1150 1006 1201 1052 et
1240 1000 1290 1052 in
1333 999 1533 1052 coelum
1576 1001 1809 1052 elevatus
1849 1006 1946 1053 est.

1553 1174 1592 1233 ς
1622 1173 1741 1220 zea.

1180 1271 1238 1309 IV.
1263 1270 1316 1308 De
1339 1271 1501 1307 sessione
1532 1272 1665 1307 christi
1690 1272 1734 1307 ad
1759 1273 1947 1310 dexteram
1973 1273 2106 1310 Patris.

1223 1370 1391 1424 Sessio
1432 1370 1618 1424 Christi
1661 1372 1724 1425 ad
1752 1373 2020 1426 dexteram
2053 1373 2147 1428 Pa-

1154 1447 1243 1499 tris
1284 1463 1381 1498 non
1426 1447 1758 1500 materialiter
1797 1448 1860 1500 de
1903 1450 2148 1517 positione

1153 1523 1396 1588 corporiS‚
1422 1522 1507 1573 sed
1527 1523 1871 1591 metaphorice
1895 1524 1956 1575 de
1973 1525 2148 1594 quieta

1153 1598 1382 1648 omnium
1411 1597 1660 1649 bonorum
1701 1598 1959 1657 fruitione,
2003 1606 2055 1651 et
2084 1598 2148 1652 de

1153 1687 1390 1740 suprema
1434 1672 1592 1737 regia,
1638 1672 1718 1724 vel
1761 1673 2025 1726 iudiciaria
2066 1690 2149 1740 po-

1157 1753 1337 1799 testate
1377 1746 1712 1814 intelligenda
1752 1754 1847 1800 est.
1895 1748 2031 1800 Deus
2059 1748 2148 1800 Pa-

1157 1831 1231 1873 ter
1270 1822 1405 1874 enim
1434 1863 1446 1883 ,
1490 1822 1573 1890 qui
1617 1828 1695 1874 est
1741 1822 2148 1891 simplicissimus

1153 1896 1411 1963 Spiritus,
1456 1896 1590 1948 latus
1630 1896 1901 1950 dexterum
1942 1904 1993 1950 et
2031 1898 2147 1950 sini-

1155 1978 1318 2023 strum
1359 1986 1458 2022 non
1502 1970 1654 2023 habet
1681 2012 1692 2031 ,
1737 1972 1870 2040 quod
1924 1973 1973 2024 in
2027 1972 2148 2024 solis

1154 2047 1449 2113 corporibus
1490 2045 1728 2113 distingui
1757 2053 1938 2114 potest.
1972 2046 2147 2116 Neque

1156 2122 1203 2172 in
1247 2121 1341 2172 hoc
1389 2121 1505 2172 fidei
1558 2120 1775 2173 articulo
1833 2121 2148 2173 credendum

1158 2196 1470 2264 proponitur,
1500 2194 1684 2246 Christi
1718 2211 1901 2264 corpus
1928 2198 1975 2248 in
2007 2195 2148 2249 coelo

1156 2286 1356 2337 semper
1384 2271 1580 2336 sedere3
1622 2285 1740 2321 nam
1768 2271 1821 2323 S.
1855 2271 2148 2338 Stephanus

1156 2343 1416 2397 Christum
1458 2351 1662 2396 stantem
1704 2345 1829 2397 vidit
1865 2344 1962 2415 (2);
2006 2351 2056 2397 et
2096 2346 2146 2396 in

1159 2422 1315 2487 Apoc.
1362 2420 1588 2486 virgines
1628 2420 1867 2471 dicuntur
1908 2418 2050 2489 sequi
2085 2417 2150 2471 A·

1155 2510 1323 2562 qnam,
1369 2510 1666 2563 quocumque
1707 2495 1818 2546 ierit
1846 2492 1943 2565 (5).
1988 2494 2148 2546 Recte

1157 2569 1268 2620 ideo
1310 2569 1361 2620 S.
1408 2569 1626 2620 Thomas
1667 2568 1742 2639 (lt)
1788 2569 1936 2622 dicit:
1985 2588 2010 2618 «
2055 2567 2151 2621 No-

1161 2645 1293 2695 mine
1333 2644 1573 2696 sessionis
1605 2660 1872 2711 possumus
1901 2644 2000 2697 duo
2029 2659 2153 2697 con·-
2192 2650 2215 2671 ⁸·

1157 2719 1383 2771 siderare
1413 2761 1424 2781 ,
1467 2719 1738 2771 videlicet:
1781 2720 2028 2788 quietem,
2072 2734 2149 2771 se-

1158 2794 1380 2845 cundum
1424 2794 1547 2845 illud
1592 2793 1744 2845 Luc:
1798 2793 1946 2846 sedete
1993 2793 2046 2845 in
2084 2793 2152 2847 ci-

1158 2870 1296 2921 vitate
1337 2875 1435 2921 etc.
1484 2866 1581 2938 (5);
1636 2874 1686 2919 et
1743 2869 1896 2920 etiam
1957 2868 2152 2934 regiam

1159 2943 1238 2994 vel
1282 2943 1596 2995 iudiciariam
1634 2950 1937 3010 potestatem
1968 2958 2152 2995 secun·

1159 3019 1278 3069 dum
1320 3018 1444 3069 illud
1486 3017 1756 3069 Proverb.:
1801 3017 1924 3076 Rex,
1955 3019 2043 3086 qui
2081 3033 2151 3068 se-

1159 3093 1231 3143 det
1271 3093 1323 3143 in
1362 3092 1479 3144 solio
1519 3091 1694 3143 iudicii
1718 3133 1729 3153 ,
1773 3092 1976 3161 dissipat
2016 3107 2151 3144 omne

1159 3166 1343 3219 malum
1386 3167 1571 3218 intuita
1613 3182 1703 3218 suo
1764 3164 1863 3236 (6).
1926 3166 2150 3235 Utroque

1160 3257 1279 3308 ergo
1301 3241 1449 3292 modo
1477 3239 1678 3293 Christo
1701 3242 1942 3293 convenit
1970 3242 2149 3293 sedere

1161 3317 1222 3368 ad
1265 3316 1530 3367 dexteram
1565 3315 1745 3368 Patris.
1765 3336 1791 3366 »
1822 3316 1982 3369 Docet
2011 3330 2149 3384 prae·

1205 3445 1258 3491 (4)
1283 3446 1318 3489 3,
1342 3456 1376 3490 q.
1399 3446 1455 3488 δε,
1476 3447 1589 3485 arm.

1174 3498 1181 3503 '
1206 3491 1260 3537 (ὃ)
1283 3493 1368 3527 Luc.
1383 3492 1439 3536 24,
1464 3491 1517 3528 49.
1773 3492 1824 3538 (6)
1850 3489 2022 3534 prowm),
2046 3489 2081 3527 8.

1975 3569 2029 3606 12ss
