2332 3860
42 68 141 129 ω·-

45 172 56 182 ,
94 167 97 176 ,

673 192 790 232 PARS
826 192 898 230 111.
943 193 1108 231 secvlo
1146 201 1182 230 1.
1226 189 1374 229 CAPUT
1412 191 1460 229 V.

144 281 196 334 lt.
241 277 517 332 Inrarnatio
571 272 866 344 hypothetice
904 290 1060 327 neces-

69 357 206 410 saria
231 353 326 422 [uit
363 349 424 402 'ex
442 357 581 420 parte
611 349 737 416 lapsi
754 349 942 416 yeneris
969 348 1059 400 hu-

69 431 224 481 mani.
249 455 319 465 —
347 424 546 477 Etenim
575 425 613 475 si
641 423 839 491 probari
870 429 1054 490 potest,

69 502 229 556 Deum
273 506 536 567 peccatum
564 497 673 548 sine
701 497 949 563 condigna
978 512 1058 549 sa-

59 575 351 630 tisfactione
401 572 661 624 remittere
709 572 964 630 notuisse,
1007 577 1058 621 et

67 650 264 705 nullam
306 661 483 715 puram
512 653 801 697 creaturam
834 660 922 712 pro
943 659 1057 711 pec-

69 722 491 788 catocondignam
508 719 902 772 satisfactionem
920 717 1059 769 exhi-

70 797 190 850 bere
229 796 467 864 potuisse,
509 793 917 846 concludendum
963 799 1056 859 est,

69 867 477 924 lucarnationem
505 869 566 920 ad
604 868 813 919 humani
854 867 1057 934 generis

69 945 438 1012 reparationem
496 942 836 994 necessariam
877 941 1051 993 fuisse.

63 1010 349 1087 Utrumque
389 1023 561 1069 autem
590 1022 669 1067 sat
708 1015 867 1067 firmis
906 1031 1056 1082 argu-

40 1086 256 1145 'mentis
296 1091 495 1160 probari
535 1096 715 1159 potest.
764 1119 830 1128 --
871 1087 936 1158 a)
977 1089 1053 1140 Ad

68 1167 316 1218 offensum
374 1167 511 1217 enim
564 1170 762 1231 spectat
818 1163 1055 1214 determi-

66 1256 210 1301 nare,
258 1255 356 1309 qua
400 1239 686 1291 conditione
719 1237 937 1297 offensas
978 1253 1053 1288 re-

0 1343 2 1378 ,
68 1316 268 1367 mittere
297 1355 310 1377 ‚
353 1320 404 1366 et
449 1329 598 1381 quam
658 1312 1053 1364 satisfactionem

66 1389 273 1457 exigere
314 1388 454 1441 velit.
489 1387 646 1439 Homo
675 1386 907 1454 equidem
938 1402 1051 1440 cum

67 1462 129 1514 de
183 1461 526 1515 condonandis
591 1461 786 1512 iniuriis
844 1461 1049 1527 agitur,

66 1537 306 1589 mandata
348 1537 520 1588 divina
548 1535 725 1603 exequi
761 1541 810 1586 et
850 1534 1055 1601 regulas

67 1611 289 1663 iustitiae
316 1617 367 1662 et
394 1610 654 1662 charitatis
683 1609 954 1660 observare
985 1615 1053 1661 te-

67 1692 237 1737 netur.
280 1685 418 1737 Deus
457 1690 629 1736 autem
666 1682 818 1734 nullis
859 1683 1054 1751 legibus

66 1760 324 1812 subiectus
363 1767 413 1811 et
453 1758 790 1826 undequaque
817 1757 1055 1825 indepen-

66 1834 192 1886 dens
251 1833 507 1886 liberrime
564 1832 768 1883 modum
820 1831 1055 1883 determi-

65 1981 448 2034 mitterevelit.
504 1979 640 2033 Talis
679 1980 833 2047 igitur
872 1979 1053 2032 modus

63 2057 359 2109 nullatenus
399 2072 486 2124 per
526 2055 792 2114 rationem,
836 2054 922 2105 sed
965 2070 1053 2122 per

66 2131 224 2183 solam
264 2131 648 2183 Revelationem
680 2129 916 2195 cognosci
947 2136 1052 2196 pot-

66 2211 162 2256 est.
232 2204 368 2256 Haec
403 2211 586 2269 ,autem
639 2202 775 2255 clare
834 2210 1053 2255 testatur

64 2278 228 2331 Deum
250 2284 452 2347 peecata
477 2277 738 2330 hominum
760 2278 920 2343 gratis
934 2294 1052 2330 con-

65 2353 255 2405 donare
295 2353 540 2413 noluisse,
582 2351 668 2403 sed
712 2368 799 2419 pro
840 2353 899 2403 iis
937 2368 1053 2404 con-

65 2426 269 2494 dignam
328 2427 722 2479 satisfactionem
782 2427 1046 2492 exegisse,

63 2508 115 2554 et
153 2501 356 2570 quidem
394 2517 424 2553 a
477 2499 605 2552 Filio
656 2515 747 2551 suo
787 2500 1051 2552 incarnato

61 2575 439 2643 praestandam.
483 2574 610 2627 Nam
654 2573 857 2641 legitur:
899 2574 1052 2626 Eoeal-

62 2650 168 2701 tari
204 2648 275 2716 (in
315 2647 486 2720 cruce)
527 2657 705 2717 oportet
743 2647 929 2700 Filium
973 2648 1052 2700 ho·

63 2724 227 2783 mini3‚
253 2731 305 2775 ut
325 2725 497 2790 omnig
518 2723 604 2791 qui
622 2723 770 2775 credit
792 2724 846 2772 in
870 2724 1044 2791 ipsum,

62 2814 158 2849 non
192 2807 375 2866 pereat,
406 2798 485 2849 sed
524 2797 693 2849 habeat
732 2797 877 2850 vitam
897 2805 1049 2849 aeter-

48 2887 174 2923 nam
214 2871 308 2939 (l).
353 2870 485 2937 Ergo
526 2871 587 2922 ad
627 2871 847 2922 salutem
886 2871 1045 2923 homi-

63 2947 141 2997 nis
180 2945 515 3012 reparandam
556 2945 785 3013 oportuit,
828 2959 917 2996 seu
965 2961 1048 2997 ne-

49 3034 201 3071 ·cesse
241 3019 334 3071 fuit
375 3025 430 3070 ut
487 3016 644 3070 Filius
682 3017 778 3070 Dei
818 3019 1047 3071 incarna-

49 3099 144 3145 itus
182 3094 469 3162 passionem
508 3093 730 3152 subiret,
761 3093 917 3161 -quod
950 3094 1045 3146 dici

48 3182 160 3219 mon
201 3173 389 3235 posset,
435 3167 528 3219 nisi
556 3167 814 3235 supposito
841 3167 1045 3220 decreto

48 3240 247 3293 «divino
287 3239 421 3293 hanc
484 3241 878 3294 satisfactionem
943 3244 1046 3294 exi-

47 3320 234 3381 ggente.
264 3344 330 3355 »-
366 3314 420 3385 b)
460 3314 772 3382 Condignam
813 3331 903 3384 pro
930 3333 1043 3384 pec·

47 3394 172 3441 ‹cato
211 3388 604 3442 satisfactionem
647 3388 751 3442 Deo
786 3397 1043 3458 praestare

121 3516 158 3561 1)
180 3516 231 3552 10.
244 3517 276 3561 a,
303 3517 358 3563 14,

122 3562 158 3607 3)
177 3561 255 3599 Lib·
280 3562 312 3607 3,
337 3572 414 3609 cap·
440 3562 497 3608 28,
519 3573 557 3601 n·
581 3563 615 3600 Ω.
708 3518 760 3565 (2)
783 3520 888 3558 Rom.
914 3519 959 3565 3,
985 3520 1040 3558 23.

1920 178 2026 232 509

1122 289 1220 328 non
1260 272 1508 343 potuisset
1560 288 1683 342 pura
1734 281 1969 328 creatura
2007 288 2099 330 seu

1120 365 1199 410 ea,
1243 362 1378 417 quae
1407 346 1724 415 hypostatice
1752 347 1856 401 Deo
1884 365 1983 402 non
2023 357 2101 405 est

1120 423 1281 474 unita.
1303 421 1365 473 Et
1384 421 1631 489 imprimis
1652 422 1978 476 manifestum
2000 431 2096 488 est,

1119 497 1250 566 quod
1298 495 1527 547 homines
1568 511 1656 564 per
1700 503 1966 565 peccatum
2008 499 2100 552 ini-

1121 571 1234 623 mici
1267 569 1358 622 Dei
1400 569 1512 621 facti
1557 585 1655 621 non
1698 572 1955 638 potuerint
1994 588 2102 641 pro·

1123 646 1241 712 priis
1281 644 1473 696 viribus
1513 642 1618 695 Deo
1657 646 2009 708 reconciliari,
2052 654 2103 700 et

1119 717 1788 787 supernaturalemsibique
1827 720 2100 773 indebitam

1118 794 1335 859 gratiam
1375 808 1697 859 recuperare.
1767 792 1883 846 Ideo
1929 797 2103 848 scribit

1118 866 1320 934 Apost.:
1353 865 1526 918 Omnes
1549 877 1881 935 peccaverunt,
1912 876 1954 921 et
1973 878 2104 937 oyem

1118 941 1274 1009 ylaria
1323 939 1411 993 Dei
1455 939 1570 1011 (Ἅι
1624 957 1713 1009 per
1759 958 1911 1010 quam
1960 943 2105 995 intel-

1121 1016 1230 1082 ligit
1270 1014 1687 1083 Redemptionem
1714 1031 1742 1067 a
1770 1014 1969 1069 Christo
1999 1033 2106 1085 per-

1118 1096 1304 1157 actam,
1328 1095 1382 1141 ut
1399 1106 1462 1142 ex
1486 1090 1908 1157 praecedentibus
1924 1092 2106 1144 etsub-

1119 1164 1449 1232 sequentibus
1488 1171 1647 1231 patet.
1679 1163 1732 1216 S.
1764 1164 1998 1218 Irenaeus
2028 1164 2104 1238 (5)

1120 1238 1310 1306 inquit:
1355 1258 1380 1286 «
1415 1237 1525 1291 Non
1566 1245 1676 1290 erat
1715 1240 1949 1307 possibile
1988 1255 2106 1292 eum

1117 1311 1395 1374 hominem,
1438 1313 1523 1382 qui
1550 1312 1706 1364 semel
1737 1312 1904 1366 victus
1942 1314 2108 1367 fuerat

1117 1393 1167 1438 et
1206 1386 1362 1439 elisus
1403 1403 1489 1454 per
1539 1386 1932 1439 inobedientiam
1958 1429 1971 1450 ‚
2032 1403 2109 1441 re-

1119 1461 1371 1528 plasmare
1410 1468 1459 1513 et
1500 1462 1728 1514 obtinere
1768 1462 2003 1525 bravium
2031 1463 2107 1515 vi·

1116 1537 1323 1588 ctoriae.
1361 1555 1387 1584 »
1435 1566 1509 1574 —
1571 1535 1678 1588 lmo
1716 1534 1889 1588 Sancti
1931 1536 2108 1590 Patres

1117 1609 1252 1661 clare
1293 1610 1496 1671 docent,
1530 1609 1725 1662 nullam
1755 1626 1935 1678 puram
1964 1627 2107 1664 crea-

1120 1690 1305 1746 turam,
1354 1686 1968 1753 quantacumquegratia
2022 1702 2108 1738 ex-

1115 1766 1293 1811 ornata
1351 1766 1686 1827 supponatur,
1741 1760 1965 1826 potuisse
2017 1776 2106 1828 pro

1117 1840 1322 1900 peccato
1366 1834 1672 1901 condignam
1711 1834 2104 1887 satisfactionem

1118 1914 1396 1975 praestare.

1187 1980 1336 2033 Nota.
1383 1981 1458 2034 Ex
1507 1980 1654 2033 dictis
1703 1981 1954 2034 immensa
2015 1981 2104 2035 Dei

1114 2071 1234 2122 erga
1259 2055 1489 2108 homines
1516 2055 1717 2107 dilectio
1751 2055 1938 2109 elucet.
1968 2055 2106 2110 Deus

1115 2131 1253 2183 enim
1283 2130 1437 2182 nullis
1460 2130 1663 2183 motivis
1690 2137 1917 2192 coactus,
1952 2131 2104 2184 nullis

1118 2204 1312 2273 legibus
1353 2204 1633 2273 impulsuS,
1677 2204 1784 2257 sola
1827 2206 2104 2257 misericor·

1114 2279 1194 2331 dia
1230 2286 1396 2331 motus
1438 2279 1843 2331 lucarnationem
1886 2278 1998 2331 Filii
2027 2281 2100 2331 sui

1114 2354 1359 2405 decrevit.
1413 2352 1795 2420 perpendamus
1836 2352 1974 2405 hunc
2013 2352 2100 2405 Dei

1113 2443 1230 2494 erga
1258 2444 1349 2479 nos
1364 2443 1608 2491 amorem,
1631 2428 1713 2496 qui
1737 2426 1923 2480 Filium
1952 2444 2100 2480 suum

1112 2500 1439 2566 Unigenitum
1484 2509 1748 2569 propterea
1789 2502 2059 2554 incarnare
2086 2543 2099 2564 ‚

1114 2576 1254 2627 nasci
1293 2592 1354 2628 ac
1392 2577 1518 2627 mori
1563 2575 1759 2636 voluit,
1804 2582 1860 2627 ut
1906 2592 1999 2628 nos
2037 2576 2100 2629 ab

1113 2651 1184 2701 ira
1213 2650 1324 2712 Dei,
1351 2662 1454 2719 quo
1483 2649 1605 2701 nihil
1635 2650 1860 2717 gravina,
1887 2665 1916 2701 a
1944 2666 2100 2719 regno

1111 2731 1350 2785 satanae,
1394 2740 1492 2793 quo
1534 2724 1602 2776 nil
1648 2724 1871 2785 tristius,
1914 2724 1978 2777 ab
2017 2740 2101 2776 ae-

1112 2806 1254 2851 terna
1295 2806 1482 2860 morte,
1544 2815 1642 2867 qua
1684 2798 1752 2849 nil
1809 2797 2100 2851 horribilius

1111 2881 1206 2935 est,
1252 2874 1509 2926 liberaret.
1541 2872 1762 2924 Tantum
1795 2872 2099 2926 beneficium

1110 2947 1243 3000 haud
1285 2948 1577 3017 frequenter
1604 2953 1654 2999 et
1681 2946 1812 2999 serio
1839 2947 2094 3010 meditari,

1111 3023 1326 3090 pessima
1366 3022 1583 3085 incuria3
1616 3020 1771 3073 talem
1811 3021 2098 3074 benefacto-

1108 3113 1214 3148 rem
1258 3113 1355 3149 non
1398 3097 1663 3148 redamare
1696 3095 1950 3148 horrenda
1991 3112 2097 3148 cor-

1108 3170 1183 3221 dis
1221 3170 1406 3222 duritia
1446 3169 1616 3222 esset!
1670 3169 1946 3238 Diliyamus
1984 3186 2096 3238 erqo

1107 3244 1279 3302 Deum,
1318 3245 1432 3312 quia
1474 3244 1571 3312 ipse
1616 3243 1756 3313 prior
1796 3243 1968 3296 ditexit
2007 3260 2096 3295 nos

1108 3316 1203 3389 (ίι>;
1247 3326 1298 3371 et
1334 3317 1386 3370 S.
1430 3316 1734 3386 Auyustinus
1785 3317 1871 3371 lib.
1917 3318 1978 3370 de
2011 3333 2095 3369 ca·
2155 3367 2164 3378 ,

1106 3392 1241 3444 tech.
1285 3391 1496 3446 rudibus
1524 3391 1622 3465 (5):
1668 3391 1776 3446 «Si
1817 3407 1990 3445 amare
2024 3391 2093 3460 pi-

1146 3563 1199 3610 (4)
1222 3565 1254 3609 1,
1276 3564 1374 3600 loan.
1398 3566 1434 3603 [ι.
1817 3563 1862 3608 ‹5›
1889 3563 1973 3608 Cap.
1998 3561 2030 3597 4.
