2332 3860
353 135 456 190 408

951 148 1017 186 ne
1055 147 1147 185 nco
1187 149 1241 186 m
1279 147 1335 183 sn
1372 120 1655 182 speci-Arc.-

279 240 331 285 et
368 231 726 299 contingenter
776 230 1065 283 fututorum
1124 243 1270 295 piae·
1330 225 1545 293 tempori
1586 239 1687 277 non
1716 222 1948 278 subiecto
1987 224 2159 278 omnia
2199 233 2323 284 sunt

282 306 580 358 scientiam.
623 310 823 356 certum
862 308 1034 354 autem
1076 301 1268 368 pariter
1330 299 1640 367 praesentia.
1691 297 1824 365 Ergo
1862 299 2014 351 sicuti
2054 299 2140 368 qui
2185 299 2329 371 videt

278 384 374 438 est,
419 379 674 430 hominem
714 378 767 427 in
806 374 1005 442 agendo
1046 373 1175 426 libet
1182 388 1267 426 um

277 466 408 512 esse,
439 451 556 518 quia
585 449 634 500 id
662 463 864 516 quoque
891 446 1158 499 Revelatio
1179 447 1266 499 do-

278 531 360 577 cet
425 521 521 595 (l),
570 528 622 573 et
664 536 847 573 sensus
892 521 1107 572 intimus
1159 521 1264 571 cui-

277 598 397 651 libet
459 595 647 648 homini
711 600 1050 646 contestatur.
1121 593 1263 646 Duae

275 687 396 737 ergo
417 670 669 722 habentur
690 668 935 719 veritates
957 673 1129 719 certae
1153 674 1261 719 tum

275 762 341 797 ex
381 742 739 803 Revelatione,
785 748 894 793 tum
935 757 1000 792 ex
1041 742 1256 793 ratione.

274 817 474 871 Veritas
511 823 684 868 autem
723 815 928 867 veritati
956 815 1138 882 opponi
1162 830 1262 866 non

274 897 458 960 potest:
500 905 620 957 ergo
660 888 998 956 praescientia
1038 888 1128 940 Dei
1160 904 1258 940 non

275 964 544 1032 opponitur
586 963 807 1015 libertati
869 962 1128 1014 humanae
1155 1003 1166 1023 ‚
1211 969 1262 1014 et

274 1038 404 1090 haec
445 1053 544 1089 non
583 1036 855 1104 opponitur
895 1034 988 1099 illi3
1031 1035 1119 1087 sed
1157 1041 1259 1087 tota

273 1110 544 1163 difficultas
567 1110 731 1162 solum
753 1110 890 1161 circa
919 1109 1126 1160 modum
1148 1125 1260 1161 ver·

273 1193 436 1245 satur,
486 1200 583 1251 quo
630 1183 809 1235 ambae
855 1183 1101 1235 veritates
1143 1199 1259 1234 con·

269 1258 471 1321 sistant;
496 1257 781 1323 ignorantia
803 1264 976 1308 autem
1001 1257 1134 1308 modi
1156 1273 1255 1309 non

270 1331 404 1383 tollit
434 1330 792 1383 certitudinem
822 1330 961 1381 facti.

339 1405 392 1455 2.
438 1403 586 1456 quta
651 1410 876 1455 mentem
927 1403 980 1455 S.
1054 1402 1257 1455 leomac

269 1478 607 1545 praescientia
647 1477 818 1529 divina
858 1493 886 1528 a
916 1477 1060 1528 nobis
1094 1478 1172 1528 vel
1202 1484 1257 1529 ut

271 1566 414 1622 mere
441 1551 758 1618 speculativa,
803 1549 884 1602 vel
925 1558 981 1602 ut
1012 1552 1250 1619 practica,

266 1639 356 1676 seu
398 1631 454 1676 ut
482 1624 713 1675 effectrix
741 1639 912 1675 rerum
940 1624 1254 1676 considerari

264 1704 448 1764 potest.
482 1697 825 1749 Praeseientia
854 1697 944 1749 Dei
972 1713 1113 1750 mere
1141 1714 1255 1766 spe-

266 1770 512 1830 culativa,
555 1786 647 1822 seu
686 1777 742 1823 ut
783 1786 957 1822 rerum
999 1773 1136 1823 nuda
1176 1788 1256 1824 co·

266 1844 427 1909 gnitio
454 1844 903 1909 consideratamnon
934 1846 1096 1911 magis
1124 1846 1254 1898 tollit

268 1918 342 1967 rei
382 1917 584 1968 tuturae
624 1917 932 1979 libertatem,
976 1934 1131 1987 quam
1172 1920 1253 1971 vel

269 1990 491 2056 cognitio
531 1991 603 2041 rei
654 1992 936 2057 praesentis
964 2033 975 2052 ,
1026 1992 1106 2043 vel
1150 2009 1253 2045 me-

266 2064 426 2114 moria
454 2065 526 2115 rei
556 2065 880 2130 praeteritae.
924 2065 1134 2119 Certum
1176 2074 1253 2120 est

263 2142 460 2197 autem,
495 2137 628 2204 quod
655 2178 667 2198 ,
711 2139 794 2206 qui
837 2154 917 2190 res
958 2148 1253 2207 praesentes

264 2210 644 2276 contemplatur
674 2251 686 2271 ,
730 2212 809 2263 vel
859 2215 1250 2279 praeteritarum

266 2283 531 2345 meminit,
576 2283 771 2336 nullam
810 2286 990 2338 iisdem
1030 2290 1251 2340 necessi-

264 2363 422 2408 tatem
464 2358 729 2424 imponat,
794 2361 1030 2426 quamvis
1097 2362 1252 2429 ipsius

262 2429 476 2485 seientia
516 2437 656 2482 certa
685 2438 734 2483 et
762 2433 1044 2486 infallibilis
1085 2436 1169 2496 sit,
1202 2443 1253 2489 et

259 2504 507 2563 actiones,
538 2519 669 2571 quae
699 2512 979 2572 ponuntur,
1011 2524 1112 2560 non
1138 2525 1250 2576 pos-

261 2576 365 2628 sint
403 2577 553 2628 simul
584 2593 684 2630 non
708 2581 844 2646 poni,
869 2587 958 2631 aut
980 2582 1079 2633 alio
1101 2583 1250 2634 modo

264 2650 399 2714 poni:
431 2650 505 2701 sic
545 2666 611 2702 ex
649 2666 728 2717 gr.
772 2653 814 2704 si
856 2653 1005 2705 video
1044 2654 1251 2708 Petrum

261 2721 634 2783 ambulantem,
659 2739 759 2775 non
784 2732 951 2793 potest
971 2727 1053 2779 hic
1074 2729 1251 2782 eodem

261 2799 493 2860 tempore
520 2812 622 2849 non
649 2798 935 2862 ambulare3
967 2801 1056 2852 sed
1079 2809 1248 2856 tamen

262 2864 425 2918 libere
463 2870 732 2932 ambulat,
777 2878 828 2923 et
874 2888 987 2924 mea
1027 2876 1250 2942 cognitio

262 2941 717 3025 quomodocunque
740 2952 881 2997 certa
899 2962 964 2997 ne
988 2948 1251 3003 minimam

260 3011 465 3078 quidem
521 3014 614 3080 ipsi
674 3019 1032 3072 necessitatem
1073 3021 1244 3076 infert.

260 3084 417 3151 Atqui
449 3084 619 3138 Deus
608 3103 659 3139 ιιι
688 3106 777 3143 sua
831 3095 1136 3147 aeternitate
1182 3098 1248 3148 si-

261 3157 527 3210 multanea
560 3161 735 3214 eodem
777 3165 1190 3234 simplicissimo
1178 3186 1252 3222 in·

263 3230 398 3282 tuitu
429 3231 569 3284 videt
613 3249 694 3286 res
739 3237 957 3303 futuras,
987 3257 1087 3310 quo
1111 3259 1254 3311 prae-

263 3303 454 3356 teritas
492 3311 543 3357 et
600 3318 932 3375 praesenteS,
989 3316 1106 3383 quia
1146 3316 1252 3371 Deo

386 3433 475 3469 Gen.
500 3434 537 3478 4,
557 3435 592 3470 ’1.
616 3437 723 3473 Eccli.
750 3439 804 3479 15,
828 3440 916 3476 121
941 3420 1021 3486 Cor,
1048 3445 1069 3481 8
1093 3447 1162 3492 ,.37

307 3431 362 3523 {23
386 3478 463 3517 Lib.
487 3479 509 3516 6
526 3459 577 3517 'de
599 3481 930 3529 Cons.12m10s.pr.
957 3488 990 3527 3.

1327 379 1568 439 agentem
1607 371 1704 424 sibi
1754 379 2081 440 praesentem
2122 372 2322 427 nullam

1327 445 1479 496 huius
1516 445 1805 498 actionibus
1843 445 2059 514 imponit
2098 449 2321 500 necessi-

1328 525 1484 570 tatem
1511 558 1524 580 ,
1568 519 1640 572 ita
1678 520 1842 571 etiam.
1888 519 2106 572 scientia
2145 520 2321 574 divina

1328 608 1426 644 non
1469 591 1604 645 tollit
1631 592 1976 644 humanorum
2017 600 2230 646 actuum
2256 594 2318 646 li-

1325 666 1577 718 bertatem
1602 707 1615 731 ,
1661 672 1716 718 ut
1767 681 1887 718 cum
1926 666 2042 718 aliis
2081 667 2319 722 Patribus

1323 740 1506 792 asserit
1554 739 1786 794 Boethius
1825 737 1925 811 (2).
1968 739 2116 793 ——Si
2142 748 2319 795 autem

1325 814 1663 882 praescientia
1704 814 1798 866 Dei
1836 820 1894 866 ut
1935 814 2182 882 practica,
2224 831 2318 868 seu

1325 894 1381 939 ut
1438 903 1613 940 rerum
1669 887 1925 948 effectrix,
1990 888 2156 956 qualis
2212 888 2319 943 Deo

1323 977 1443 1013 vere
1484 962 1762 1030 competit,
1807 961 2183 1024 consideratur,
2227 962 2320 1015 hu-

1324 1050 1595 1087 manarum
1640 1035 1903 1088 actionum
1954 1034 2244 1088 libertatem
2267 1043 2320 1090 et

1322 1124 1492 1161 rerum
1548 1109 1957 1176 contingentiam
1995 1125 2095 1161 non
2150 1110 2320 1163 solum

1322 1198 1422 1234 non
1466 1182 1616 1242 tollit,
1660 1183 1749 1235 sed
1780 1185 1947 1251 potius
1974 1181 2147 1236 efficit.
2179 1183 2319 1237 Deus

1319 1257 1456 1308 enim
1497 1257 1835 1324 praescientia
1881 1273 1974 1309 sua
2022 1257 2178 1309 efficit
2216 1273 2319 1318 non

1320 1336 1544 1390 tantum,
1589 1337 1646 1383 ut
1690 1338 1865 1382 actum
1905 1346 2184 1399 ponamus,
2228 1332 2319 1384 sed

1319 1405 1473 1456 etiam
1538 1411 1594 1456 ut
1646 1404 1868 1457 eundem
1942 1404 2101 1458 libere
2163 1421 2320 1473 pona-

1318 1493 1453 1540 muS,
1497 1479 1616 1547 quia
1657 1478 1997 1546 praescientia
2038 1478 2214 1531 divina
2253 1480 2320 1532 si-

1318 1558 1406 1603 cut
1445 1553 1614 1619 ipsum
1672 1558 1849 1603 actum
1880 1593 1892 1614 ,
1938 1552 2022 1620 qui
2065 1554 2312 1620 ponitur,

1319 1626 1387 1677 ita
1451 1626 1606 1678 etiam
1673 1625 1881 1677 modum
1935 1624 2155 1678 liberum
2188 1667 2201 1688 ,
2264 1634 2318 1680 et.

1318 1700 1702 1767 contingentem
1729 1715 1827 1767 quo
1868 1700 2096 1767 ponitur,
2127 1715 2317 1768 cogno-

1316 1775 1440 1831 scit,
1503 1780 1554 1826 et
1607 1773 1962 1838 cognoscendo
2002 1773 2178 1825 efficit.
2242 1774 2316 1827 lta

1316 1861 1434 1898 cum
1462 1845 1515 1899 S.
1535 1845 1810 1915 Auyustino
1834 1843 1910 1917 (5)
1934 1846 2084 1899 docet
2108 1845 2162 1900 S.
2189 1846 2319 1899 Tho·

1316 1936 1424 1972 mas
1440 1917 1536 1991 (lt).
1556 1919 1695 1972 Haec
1724 1920 1958 1972 doctrina
1981 1921 2046 1973 ab
2074 1921 2316 1974 omnibus

1315 1994 1517 2046 admitti
1559 1994 1731 2047 debet.
1792 1993 2002 2046 Certum
2054 1994 2195 2047 enim
2234 2001 2313 2047 est

1314 2069 1450 2135 apud
1491 2083 1689 2129 omnes,
1735 2067 2026 2120 libertatem
2080 2074 2311 2130 nostram

1315 2157 1426 2194 esse
1467 2158 1595 2211 opus
1634 2148 1686 2194 et
1725 2141 1918 2194 donum
1959 2141 2093 2204 Dei,
2137 2143 2312 2195 omnia

1314 2222 1491 2268 autem
1534 2216 1672 2268 entia
1712 2217 2087 2285 contingentia,
2121 2217 2254 2268 sicut
2280 2232 2311 2269 a

1314 2289 1420 2342 Deo
1463 2290 1709 2359 producta
1749 2296 1891 2351 sunt,
1935 2291 2004 2342 ita
2063 2290 2310 2343 continuo

1314 2370 1713 2427 conservantur3
1745 2370 1797 2416 et
1824 2363 1952 2415 haec
1982 2364 2310 2417 conservatio

1314 2438 1563 2490 continua
1592 2437 1785 2489 creatio
1833 2436 1932 2488 dici
1974 2437 2125 2490 solet.
2170 2436 2309 2490 Deus

1315 2512 1473 2577 igitur
1538 2511 1694 2563 etiam
1760 2509 2098 2573 libertatem,
2154 2525 2318 2580 quam·

1315 2585 1556 2651 produxit
1582 2585 1633 2636 in
1661 2583 2164 2652 quolibetmomento
2191 2600 2309 2638 con-

1312 2664 1506 2720 servat,
1550 2673 1640 2710 seu
1680 2658 1732 2709 in
1760 2657 1989 2726 quolibet
2027 2665 2146 2711 actu
2194 2674 2310 2726 pro·-

1313 2731 1474 2783 ducit:
1517 2731 1581 2784 ab
1620 2731 1859 2783 omnibus
1898 2737 2073 2784 autem
2126 2731 2310 2784 admit-

1315 2805 1458 2865 titur,
1502 2804 1669 2857 Deum
1709 2805 1908 2872 operari
1946 2821 2036 2873 per
2075 2805 2308 2859 intellec-

1314 2885 1423 2931 tum
1444 2885 1496 2931 et
1531 2878 1871 2931 voluntatem:
1905 2894 2026 2948 ergo
2048 2878 2188 2932 Deus
2207 2886 2308 2963 oper,

1314 2951 1636 3006 intellectum
1685 2960 1738 3005 et
1777 2952 2099 3006 voluntatem
2150 2953 2315 3005 etiam

1315 3025 1603 3078 libertatem
1631 3032 1858 3079 nostram
1897 3032 2190 3088 conservat,
2214 3038 2332 3090 seuj:

1312 3100 1554 3151 continuo
1581 3099 1845 3168 producit.
1878 3106 1931 3153 et
1980 3099 2094 3152 ideo
2134 3067 2332 3154 dicen

1313 3172 1434 3223 dum
1475 3179 1571 3232 est,
1618 3189 1708 3225 nos
1769 3173 1958 3227 liberos
2002 3189 2142 3236 esse,
2185 3116 2332 3257 qul}

1312 3245 1451 3298 Deus
1491 3261 1584 3299 nos
1630 3246 1817 3300 liberos
1868 3263 1982 3300 esse
2043 3242 2332 3333 cognoscat

1373 3402 1409 3445 3)
1433 3403 1512 3438 Iib.
1539 3404 1625 3439 3de
1648 3404 1711 3440 lib.
1737 3406 1863 3440 arbitr.
1889 3415 1921 3441 c.
1948 3406 1982 3441 4.

1374 3447 1410 3491 4)
1433 3449 1481 3481 Ad
1507 3449 1695 3482 Annibald.
1723 3450 1782 3486 lib.
1802 3450 1834 3485 1.
1859 3451 1943 3488 dist.
1968 3448 2024 3486 ³8.
2056 3458 2093 3494 q.
2119 3449 2154 3487 2.
2178 3451 2240 3485 art.

1312 3491 1364 3529 Cf.
1389 3493 1418 3530 1.
1441 3501 1478 3535 q.
1504 3491 1560 3530 19.
1585 3498 1653 3531 ιιι-,ι
1680 3492 1714 3530 8.
