2332 3860
297 103 366 156 16

220 198 483 252 nifestavit
529 198 630 272 (l).
681 231 751 240 —-
790 200 978 269 Negari
1027 208 1201 254 autem

221 288 323 324 non
361 279 561 341 potest,
602 275 967 328 sistematicam
996 275 1204 342 dogma-

221 351 329 398 tum
358 350 804 415 pertractationem
824 365 1078 418 perquam
1107 350 1204 400 uti-

218 418 323 472 lem
360 437 491 475 esse.
535 422 607 474 Ea
635 424 770 475 enim
817 430 894 476 est
947 424 1202 475 humanae

221 494 431 548 rationis
472 503 654 548 natura
682 538 694 557 ‚
738 503 831 558 ut,
876 497 1008 548 sicut
1050 498 1203 549 unius

221 566 462 622 Veritatis
492 570 681 622 lumine
709 570 995 622 illustratur
1015 570 1115 640 (⁹2),
1133 572 1201 622 ita

220 643 371 696 etiam
412 644 476 695 ad
520 646 767 696 unitatem
799 644 996 705 tendat,
1029 661 1201 696 rerum

217 715 483 770 harmonia
505 718 807 780 delectetur,
828 725 878 770 et
899 718 1054 770 chaos
1069 719 1205 771 inor-

218 791 450 844 dinatum
504 792 739 860 refugiat.
787 792 884 858 lpsi
930 793 1083 861 igitur
1125 810 1204 845 ra-

219 865 363 927 tioni,
397 868 695 933 praesertim
736 867 777 917 si
819 868 918 917 iam
950 882 1037 933 per
1076 867 1203 920 alias

218 938 507 1007 disciplinas
527 940 786 991 naturales
811 941 972 1006 magis
994 942 1200 993 exculta

216 1013 300 1075 sit,
338 1013 486 1065 valde
502 1030 802 1074 consonum,
831 1022 881 1066 et
903 1022 1201 1082 exoptatum

218 1093 315 1148 est,
350 1094 405 1140 ut
433 1087 709 1154 Religionis
737 1105 938 1156 quoque
960 1090 1203 1142 revelatae

218 1162 465 1214 veritates
489 1171 606 1230 apto
635 1163 813 1214 ordine
842 1163 1199 1230 disponantur,

216 1241 267 1286 et
293 1235 545 1303 quomodo
585 1237 718 1288 inter
765 1253 819 1289 se
861 1238 1039 1289 intime
1079 1254 1202 1290 con-

59 1319 75 1325 “
143 1361 145 1364 ,
218 1325 379 1361 nexae
418 1311 539 1371 sint,
571 1316 621 1362 et
660 1326 821 1362 unum
849 1312 993 1381 quasi
1021 1328 1204 1379 corpus

215 1382 556 1444 constituant,
601 1392 848 1452 quantum
893 1386 1001 1453 fieri
1043 1385 1160 1438 licet
1187 1427 1199 1448 ,

217 1457 534 1511 ostendatur,
581 1458 815 1511 Dubitari
850 1476 973 1512 sane
1004 1461 1199 1529 nequit,

216 1530 497 1584 doctrinam
526 1540 643 1600 apte
672 1534 967 1601 dispositam
996 1551 1095 1587 non
1125 1552 1205 1586 so-

219 1604 320 1656 lum
351 1607 701 1660 iucundiorem
732 1609 901 1669 reddi,
932 1609 1018 1659 sed
1049 1610 1203 1661 etiam

218 1679 445 1732 eiusdem
466 1681 765 1750 dignitatem
779 1682 1204 1734 etexcellentiam

220 1754 403 1807 melius
433 1756 668 1823 perspici,
711 1757 850 1807 illius
888 1773 1089 1825 quoque
1118 1772 1203 1808 ca·

160 1848 161 1851 ¹
221 1828 324 1896 pita
375 1828 575 1880 facilius
621 1829 866 1894 intelligi,
915 1847 977 1882 ac
1004 1831 1205 1882 firmius

221 1903 464 1954 memorie
491 1903 733 1971 imprimi:
760 1919 822 1955 ex
837 1920 936 1972 quo
950 1906 1201 1973 sequitur,

219 1977 577 2028 tractationem
605 1980 991 2046 systematicam
1019 1979 1081 2031 ad
1109 1978 1205 2030 Re-

221 2049 422 2117 ligionis
450 2056 560 2103 tum
588 2050 855 2114 honorem,
899 2059 1010 2104 tum
1049 2053 1205 2105 finem

222 2125 626 2191 promovendum
674 2125 809 2178 haud
863 2143 1042 2195 parum
1082 2143 1202 2180 con-

221 2197 373 2250 ferre.
405 2228 477 2238 —
502 2198 740 2268 Systema
780 2201 1084 2270 perfectum,
1113 2218 1203 2254 seu

222 2272 657 2336 mathematicum,
713 2275 763 2329 in
816 2291 915 2343 quo
979 2293 1047 2329 ex
1103 2293 1205 2330 uno

220 2362 419 2399 summo
460 2348 706 2417 principio
745 2365 921 2402 omnes
960 2351 1206 2403 veritates

223 2422 614 2488 pertractandae
655 2438 742 2490 per
775 2422 1059 2490 legitimam
1087 2441 1204 2477 con-

220 2496 540 2564 sequentiam
577 2496 927 2559 deducuntur‚
960 2498 1205 2567 applicari

223 2570 397 2638 nequit
421 2569 725 2637 Theologiae
764 2571 1110 2638 dogmaticae,
1155 2576 1203 2625 in

220 2658 320 2711 qua
362 2659 461 2696 non
509 2660 702 2712 paucae
754 2647 997 2698 veritates
1046 2649 1208 2700 conti-

221 2723 427 2778 nentur,
470 2733 601 2786 quae
642 2720 854 2771 rationis
880 2727 1090 2788 captum
1123 2737 1207 2773 su-

223 2797 497 2858 perant,ac
517 2792 629 2844 ideo
656 2807 979 2862 nequaquam
1006 2809 1100 2862 ope
1128 2812 1207 2848 ra-

224 2864 412 2916 tiocinii
456 2864 666 2919 humani
709 2883 776 2919 ex
816 2884 919 2920 uno
961 2870 1207 2937 principio

222 2937 404 2990 deduci
442 2947 657 3007 queunt.
707 2940 764 2993 ln
816 2941 915 2994 hac
963 2958 1084 3009 ergo
1136 2943 1210 2995 di-

221 3012 435 3079 sciplina
463 3014 590 3065 ratio
630 3029 719 3081 per
758 3015 1125 3069 revelationem
1152 3017 1210 3069 il-

223 3085 442 3138 lustrata
481 3085 584 3139 tale
623 3087 943 3142 solummodo
983 3097 1211 3159 systema

223 3160 445 3213 condere
475 3159 631 3222 valet,
675 3168 732 3213 ut
772 3164 1037 3226 veritates,
1081 3181 1211 3233 quae

227 3240 633 3303 pertractantur,
664 3242 782 3303 apto
811 3252 950 3290 nexu
985 3239 1119 3290 inter
1157 3255 1212 3291 se

227 3307 558 3369 cohaereant,
590 3324 692 3360 una
719 3325 786 3360 ex
812 3310 932 3372 alia,
963 3319 1211 3381 quantum

658 121 974 159 INTRODUCTIO
1012 121 1063 158 ΙΝ
1101 120 1408 158 THEOLOGIAM
1443 119 1802 158 Tnssonss'rlcm.

1270 201 1602 270 praecedunt,
1633 201 1803 255 lucem
1822 200 2255 274 subsequentibus

1268 275 1556 328 affundant.

1341 351 1392 401 5.
1434 350 1627 417 Dogma
1666 349 1909 418 empticare
1946 350 2082 404 idem
2135 359 2252 416 est,

1267 438 1328 474 ac
1367 423 1655 476 doctrinam
1681 424 1930 477 divinitus
1972 426 2257 480 revelatam

1268 496 1553 558 declarare,
1597 514 1688 550 seu
1717 499 2012 561 ostendere,
2043 500 2106 552 de
2133 517 2259 570 quo·

1269 587 1387 622 nam
1407 572 1640 624 subiecto
1667 579 1872 641 agatur,
1891 581 1942 626 et
1960 574 2112 642 quale
2140 575 2259 627 huic

1270 645 1620 712 praedicatum
1659 647 1805 700 iuxta
1844 647 2046 716 eloquia
2086 648 2259 701 divina

1267 720 1686 787 coniungendum
1752 722 1837 774 sit.
1903 721 2035 774 Cum
2085 729 2261 774 autem

1267 794 1618 855 authenticus,
1650 802 1702 848 et
1729 795 2011 855 infallibilis
2046 795 2260 849 Revela-

1268 869 1714 937 tionis'interpres
1754 870 1984 922 Ecclesia
2025 871 2109 932 sit,
2155 886 2261 922 me-

1271 944 1476 996 minerit
1511 944 1821 1011 Theologus,
1865 961 1920 996 se
1963 945 2013 996 in
2055 945 2264 1013 dogma-

1270 1024 1378 1068 tum
1404 1018 1749 1086 explicatione
1772 1018 2034 1071 Ecclesiae
2050 1034 2263 1072 sensum

1269 1092 1585 1160 investigare
1612 1099 1664 1145 et
1690 1094 1832 1162 sequi
1863 1093 2072 1158 debere3
2108 1109 2263 1162 quem

1269 1181 1333 1218 ex
1388 1164 1628 1219 Conciliis
1654 1208 1666 1228 ‚
1718 1167 1860 1219 libris
1923 1168 2219 1235 symbolicis
2245 1207 2259 1229 ,

1269 1238 1728 1293 Constitutionibus
1755 1240 1904 1293 Rom.
1932 1241 2259 1304 Pontificum,

1267 1312 1354 1365 SS.
1390 1313 1645 1376 PatribuS,
1691 1323 1742 1367 et
1768 1315 2038 1383 Tlieologis
2078 1332 2264 1382 cogno-

1269 1403 1412 1440 scere
1442 1389 1650 1442 valebit.
1679 1419 1751 1427 —
1771 1389 2059 1457 Explicatio
2086 1397 2262 1442 autem

1271 1461 1353 1513 vel
1380 1471 1457 1515 est
1485 1463 1706 1525 verbaliS,
1726 1481 1858 1533 quae
1879 1480 2050 1525 voceS,
2077 1464 2263 1532 quibus

1270 1535 1510 1604 dogmata
1537 1539 1896 1599 enuntiantur,
1935 1545 2076 1589 recte
2107 1540 2266 1590 inter-

1271 1617 1522 1677 pretatur,
1555 1613 1635 1662 vel
1667 1612 1834 1673 realis,
1879 1627 2011 1680 quae
2052 1627 2133 1663 res
2175 1626 2265 1679 per

1272 1700 1422 1736 voces
1474 1685 1769 1751 indigitatas
1830 1686 1928 1737 rite
1992 1685 2259 1754 explanat.

1270 1757 1562 1810 Notandum
1602 1775 1723 1811 vero
1763 1765 1862 1821 est,
1906 1774 2088 1822 voceS,
2132 1775 2266 1828 quae

1269 1832 1334 1883 ad
1375 1832 1635 1899 dogmata,
1673 1840 1724 1886 et
1763 1835 2038 1901 praecipue
2060 1833 2125 1886 ad
2154 1849 2265 1902 my·

1270 1907 1426 1958 steria
1453 1907 1782 1959 enuncianda
1809 1907 2141 1968 adhibentur,
2163 1923 2266 1960 non

1270 1986 1376 2033 tam
1405 1980 1548 2033 iuxta
1577 1997 1787 2035 sensum
1814 1981 2264 2050 grammaticalem

1270 2061 1361 2107 aut
1401 2055 1836 2124 philosophicum,
1891 2072 2047 2125 quam
2099 2057 2266 2123 potius

1271 2129 1414 2182 iuxta
1445 2146 1656 2182 sensum
1680 2129 1945 2183 Ecclesiae
1973 2138 2026 2183 et
2052 2129 2267 2183 Theolo-

1269 2203 1383 2270 giae
1413 2203 1798 2275 intelligendas,
1841 2211 1894 2258 et
1933 2203 2268 2275 exponendas

1271 2293 1404 2330 esse.

1342 2350 1410 2405 Ut
1444 2359 1618 2406 autem
1646 2353 1977 2421 explicationi
2016 2352 2143 2406 reali
2182 2368 2266 2405 sa-

1272 2425 1601 2488 tisfiat‚clara
1625 2427 1910 2496 propositae
1937 2427 2011 2479 rei
2040 2426 2267 2480 definitio

1271 2508 1348 2552 est
1374 2501 1621 2563 sistenda,
1655 2509 1746 2554 aut
1773 2502 1930 2554 etiam
1964 2501 2263 2569 descripti0,

1271 2589 1363 2625 seu
1404 2575 1726 2643 paraphrasis
1758 2574 2086 2643 applicanda3
2126 2575 2270 2627 hinc·

1272 2648 1389 2699 inde
1453 2650 1607 2702 etiam
1656 2649 2017 2717 pertractanda
2080 2650 2269 2701 veritas

1273 2722 1524 2791 exemplis
1547 2764 1559 2786 ,
1604 2730 1656 2776 et
1694 2722 2116 2776 similitudinibus
2153 2723 2269 2774 illu-

1273 2797 1424 2848 strari
1454 2802 1640 2865 potest3
1667 2796 1754 2850 ubi
1777 2803 1949 2849 tamen
1978 2796 2271 2850 cavendum

1274 2877 1373 2932 est,
1406 2887 1469 2922 ne
1496 2871 1616 2940 quid
1648 2872 1926 2924 misceatur
1947 2870 2030 2923 vel
2050 2870 2163 2923 falsi
2186 2867 2271 2921 vel

1273 2944 1522 3007 indecori,
1554 2945 1688 3014 quod
1715 2944 2038 2998 Maiestatem
2059 2943 2174 3006 Dei,
2191 2943 2270 2996 di-

1274 3019 1524 3086 gnitatem
1585 3018 1876 3070 divinorum
1930 3017 2231 3086 dogmatum
2252 3057 2268 3080 ‚

1275 3099 1366 3144 aut
1385 3091 1708 3144 sanctitatem
1725 3091 1987 3159 religionis
2002 3092 2268 3145 dedeceat.

1276 3164 1427 3218 Iuvat
1446 3165 1703 3231 interdum
1728 3181 1817 3234 per
1846 3166 2273 3234 negationemop-

1279 3239 1425 3307 positi
1452 3254 1562 3290 rem
1589 3239 1874 3308 declarare,
1907 3247 1959 3292 et
1983 3239 2272 3308 generatim

1277 3315 1328 3365 in
1355 3312 1402 3364 id
1432 3313 1704 3380 praecipue
1735 3313 2141 3365 incumbendum
2168 3319 2268 3373 est,

227 3382 338 3435 fieri
366 3388 552 3451 potest,
596 3382 866 3443 inferatur,
896 3400 958 3436 ac
983 3402 1041 3438 ea
1081 3402 1213 3455 quae
1280 3393 1337 3439 ut
1365 3387 1630 3453 perspicue
1657 3386 1978 3454 ostendatur,
2010 3402 2268 3457 quaenam

274 3483 326 3531 (1)
351 3482 455 3519 Rom.
481 3483 514 3526 1,
540 3483 593 3518 16.
618 3484 634 3517 Ι
659 3483 740 3519 Cor.
766 3484 798 3526 1,
825 3483 880 3519 21.

1325 3487 1379 3529 (ἓ)
1403 3487 1470 3523 Tu.
1496 3496 1578 3531 gen.
1605 3486 1630 3532 ,85
1655 3487 1709 3524 3ὶ.
