2332 3860
302 217 408 272 502

230 315 303 386 (et
341 332 431 386 per
468 315 604 370 hanc*
641 318 896 371 visionem
926 317 1212 371 beatificam

228 391 384 444 etiam
422 392 593 444 omnia
657 392 1064 459 supernaturalia
1113 391 1214 444 cla·

227 466 426 519 rissime
466 464 766 537 perspexit).
832 465 975 519 Unde
1038 466 1090 517 in
1154 480 1213 520 eo

225 538 353 592 fides
392 555 504 592 esse
541 555 645 592 non
683 541 864 609 potuit.
902 560 924 588 »
970 538 1214 592 Similiter

226 612 428 666 Christo
466 614 518 665 in
561 629 717 666 sensu
757 615 933 667 stricto
974 629 1073 666 non
1130 630 1215 682 po-

226 693 327 740 test
363 687 574 742 attribui
599 704 726 756 spes,
757 690 875 757 quia
898 688 1023 740 haec
1051 689 1214 741 virtus

226 760 513 828 theologica
553 769 789 815 versatur
827 764 961 814 circa
1001 777 1083 815 res
1139 764 1213 814 fu-

225 842 371 888 turas
410 844 462 888 et
501 837 727 888 nondum
768 851 1045 905 possessas,
1087 835 1212 889 Nam

224 925 346 977 spes,
389 926 512 978 quae
550 911 762 971 videtur,
816 927 911 962 non
950 919 1017 963 est
1079 927 1180 980 spes
1192 930 1213 972 ,-

225 1000 348 1037 nam
386 984 513 1052 quod
552 985 673 1038 videt
710 985 839 1052 quis,
882 986 1000 1053 quid
1025 984 1216 1054 sperat?

222 1056 279 1110 Si
316 1066 478 1111 autem
517 1059 643 1126 quod
681 1074 777 1110 non
810 1059 1021 1111 videmus
1052 1076 1215 1127 spera-

223 1148 352 1195 mus,
419 1149 508 1198 per
562 1134 852 1202 patientiam
915 1142 1215 1202 expectamus

225 1205 322 1278 (l).
367 1205 600 1260 Christus
639 1215 811 1259 autem
854 1223 934 1266 ea,
966 1224 1096 1277 quae
1124 1225 1215 1260 nos

223 1297 510 1348 speramuS,
544 1298 633 1350 per
656 1283 903 1333 visionem
927 1283 1211 1335 beatificam

223 1355 467 1423 possedit,
511 1363 563 1407 et
615 1355 727 1409 ideo
793 1356 919 1408 haec
983 1373 1214 1424 sperasse

223 1430 469 1482 dicendus
499 1446 598 1482 non
641 1438 736 1483 est.
783 1429 1015 1483 Charitas
1042 1438 1212 1484 autem

223 1504 274 1555 in
315 1503 517 1557 Christo
583 1505 949 1572 perfectissima
1014 1521 1215 1574 semper

226 1586 277 1630 et
315 1595 518 1630 summa
559 1579 671 1631 fuit.
738 1578 895 1631 Sicuti
962 1581 1098 1631 enim
1162 1581 1211 1630 in

226 1652 388 1705 beatis
428 1652 555 1704 fides
595 1660 645 1705 et
683 1670 800 1722 spes
838 1660 1060 1715 cessant,
1093 1653 1212 1706 dum

226 1725 392 1778 Deum
434 1728 610 1779 vident
667 1744 726 1779 ac
787 1729 1065 1795 possident,
1125 1728 1212 1780 sed

223 1800 438 1853 charitas
475 1818 728 1869 nunquam
767 1802 945 1854 excidit
986 1803 1084 1871 (³2);
1114 1805 1213 1854 imo

225 1891 314 1943 per
379 1877 542 1943 ipsam
606 1878 854 1928 visionem
927 1876 1212 1928 beatificam

222 1950 448 2002 maxime
490 1950 770 2017 perficitur,
795 1951 863 2002 ita
886 1952 1055 2002 anima
1071 1949 1214 2002 Chri-

222 2025 287 2075 sti
328 2024 523 2076 visione
573 2024 807 2076 beatifica
873 2025 1100 2090 praedita
1165 2032 1214 2077 et

223 2096 540 2164 amplissima
580 2100 746 2165 gratia
792 2099 987 2165 repleta
1050 2099 1214 2151 chari-

223 2179 382 2224 tatem
423 2172 474 2223 in
519 2171 883 2240 perfectissimo
925 2182 977 2224 et
1016 2189 1213 2226 summo

219 2246 381 2312 gradu
425 2246 621 2298 habuit.
667 2246 812 2298 Hanc
851 2245 1081 2298 Christus
1111 2249 1213 2314 ipse

219 2320 311 2373 sibi
352 2320 585 2373 attribuit
612 2320 805 2372 dicens:
838 2320 985 2388 diliqo
1007 2318 1211 2373 Patrem

219 2402 262 2445 et
300 2395 425 2446 sicat
463 2395 749 2446 mandatum
788 2395 914 2447 dedit
953 2394 1077 2446 milae·
1110 2394 1214 2446 Pa-

221 2476 310 2528 ter,
353 2468 424 2520 sic
485 2470 612 2537 facio
676 2469 773 2537 (5);
842 2475 1020 2537 atque:
1087 2468 1214 2521 Cum

221 2541 463 2599 dilexisset
489 2559 620 2604 suos,
654 2544 742 2609 qai
768 2551 906 2594 erant
930 2544 980 2594 in
1003 2546 1208 2604 mundo,

221 2618 274 2667 in
314 2618 459 2684 finem
523 2617 694 2669 dilexit
757 2633 833 2668 eos
887 2615 980 2686 (lt).
1051 2617 1213 2669 Huius

222 2689 483 2758 charitatis
523 2692 827 2743 testimoniis
885 2691 1034 2757 plena
1093 2699 1212 2743 sunt

221 2762 521 2832 Evangelia.
556 2795 621 2804 -—
653 2764 707 2816 ln
750 2764 950 2816 Christo
1005 2765 1211 2816 fuerunt

221 2838 372 2888 etiam
414 2855 592 2891 omnes
632 2839 848 2890 virtutes
878 2838 1096 2890 morales
1126 2854 1213 2905 per

220 2926 274 2961 se
315 2911 533 2973 infusae,
578 2913 674 2981 ipsi
714 2928 813 2964 non
843 2919 1205 2980 repugnantes.

218 2981 345 3035 Cum
388 2987 524 3038 enim
566 2987 694 3038 istae
734 2988 838 3038 sint
877 2986 1212 3054 proprietates

220 3059 434 3124 gratiae,
478 3061 766 3112 necessario
806 3061 1132 3126 reperiuntur
1159 3062 1209 3112 in

220 3146 279 3185 eo
318 3133 568 3195 subiecto,
615 3136 663 3186 in
703 3151 802 3203 quo
866 3142 943 3186 est
1005 3135 1207 3201 gratia:

221 3203 321 3257 sed.
350 3206 400 3257 in
440 3205 642 3259 Christo
682 3209 776 3261 fuit
809 3206 1068 3277 plenitudo
1095 3225 1213 3275 gra-

220 3278 354 3342 tiae3
399 3295 521 3347 ergo
573 3283 726 3333 etiam
780 3283 947 3334 omnis
1007 3283 1211 3348 generis

224 3353 436 3406 virtutes
454 3353 652 3408 infusae
676 3356 823 3408 modo
843 3356 1211 3426 perfectissimo

268 3525 320 3570 sl)
346 3524 492 3569 Rom&
517 3525 572 3562 26.
862 3526 915 3572 (2)
941 3530 966 3561 1.
987 3529 1068 3567 Cor.
1096 3527 1152 3571 13,
1176 3527 1227 3581 8..

655 236 717 273 DE
752 236 847 274 mio
883 236 1015 274 urst
1052 236 1244 275 HUMAM
1281 234 1483 276 GENERIS
1516 236 1852 278 REDEMPTORE.

1273 325 1326 371 et
1349 319 1778 375 excellentissimo
1806 321 1856 373 in
1885 320 1993 390 ipse
2019 319 2243 376 fuerunt*⁸
2297 340 2306 346 “

1274 393 1368 446 Ast
1407 393 1818 461 perfectissimae,
1861 395 1997 464 quae
2055 395 2252 450 Christo
2299 435 2320 473 a

1275 467 1493 528 inerant,
1538 464 1754 536 virtutes
1788 478 1916 522 vere
1951 460 2108 523 etiam
2141 478 2252 538 'pro-⁶

1277 543 1396 608 priis
1435 541 1633 595 actibus
1687 539 1960 613 acquisitae
2021 543 2248 611 fuerunt.

1275 612 1506 668 Christus
1545 617 1679 668 enim
1720 624 1776 669 ut
1814 617 2067 685 perfectus
2105 613 2253 670 homo

1277 687 1421 741 liberi
1483 705 1683 758 quoque
1751 691 1944 744 arbitrii
2009 691 2145 743 vires
2206 698 2253 743 et

1276 763 1477 830 quidem
1519 765 1872 831 integerrimas
1893 765 2090 825 habuit,
2131 779 2254 833 quas
2297 807 2302 812 .

1277 837 1576 903 plenitudini
1604 840 1798 904 gratiae
1823 838 2116 891 fidelissime
2143 854 2255 891 eoo·-

1278 926 1461 978 perans
1499 914 1549 964 in
1592 916 1694 964 toto
1735 913 1871 965 vitae
1911 910 2034 964 suae
2072 920 2255 980 tempo·

1277 1000 1330 1036 re
1371 1001 1487 1037 cum
1530 986 1767 1046 ineffabili
1798 986 2004 1038 solertia
2030 986 2253 1038 adhibuit

1275 1059 1339 1110 ad
1381 1060 1772 1128 perfectissimas
1829 1062 2047 1112 virtutes
2110 1075 2259 1112 exer·

1276 1135 1481 1186 (tendas,
1529 1134 1591 1186 Et
1646 1150 1807 1194 sane,
1876 1135 2091 1186 virtutes
2156 1135 2259 1187 mo-

1277 1207 1410 1260 rales
1449 1225 1506 1262 eo
1546 1209 1694 1260 modo
1736 1209 1921 1261 debent
1958 1209 2155 1261 admitti
2209 1209 2260 1260 in

1276 1281 1493 1342 Christo,
1537 1299 1635 1351 quo
1676 1284 1839 1350 magis
1877 1286 2044 1351 ipsum
2089 1281 2256 1343 decet,

1277 1363 1482 1408 etcum
1530 1358 1666 1408 omni
1735 1357 2063 1424 perfectione,
2131 1372 2260 1425 quae

1277 1431 1431 1482 statui
1472 1430 1800 1483 beatitudinis
1838 1437 1889 1483 et
1955 1431 2123 1482 unioni
2165 1429 2258 1499 hy-

1277 1505 1553 1572 postaticae
1612 1521 1711 1558 non
1771 1508 2056 1573 repugnat3
2121 1504 2259 1573 atqui

1280 1579 1549 1645 perfectius
1589 1586 1641 1632 et
1681 1578 1900 1639 nobilius
1940 1585 2017 1630 est
2074 1577 2258 1630 habere

1277 1654 1494 1705 virtutes
1536 1669 1622 1721 per
1664 1653 1890 1721 proprios
1914 1659 2078 1715 actuS,
2110 1649 2260 1720 qua'm

1276 1727 1440 1779 solum
1483 1743 1572 1795 per
1610 1728 1935 1787 infusionem,
1998 1733 2149 1795 atque
2210 1725 2259 1778 id

1278 1817 1441 1870 neque
1482 1802 1653 1853 unioni
1694 1801 2044 1870 hypostaticae
2094 1815 2259 1868 neque

1277 1877 1430 1928 statui
1472 1876 1801 1928 beatitudinis
1841 1874 2261 1944 repugnat‚·quia

1279 1962 1460 2002 natura
1509 1950 1735 2002 humana
1799 1950 2033 2019 quamvis
2096 1946 2262 2001 Verbo
2310 1961 2332 2022 ³3ss.

1278 2026 1439 2084 unita,
1468 2022 1668 2092 integra
1698 2031 1868 2077 tamen
1909 2029 1959 2075 et
1998 2022 2262 2074 inconfusa
2310 2023 2332 2093 25.-

1278 2100 1483 2159 mansit,
1528 2106 1578 2150 et
1617 2100 1732 2166 quia
1774 2098 2006 2149 Christus
2040 2111 2265 2163 compre·
2314 2100 2332 2167 {g

1277 2174 1461 2224 hensor
1501 2172 1726 2240 quidem,
1769 2172 1858 2224 sed
1898 2170 2049 2222 simut
2110 2171 2262 2222 etiam

1278 2248 1440 2298 viator
1479 2246 1592 2299 fuit.
1638 2246 1770 2313 Ergo
1810 2247 1862 2297 in
1902 2244 2100 2296 Christo
2163 2244 2263 2295 vir·
2322 2279 2324 2297 ;

1278 2328 1409 2372 tutes
1451 2321 1665 2389 propriis
1722 2320 1922 2372 actibus
1984 2318 2262 2387 acquisitae

1275 2395 1471 2447 admitti
1514 2395 1719 2447 debent.
1780 2393 1999 2445 Historia
2062 2407 2262 2461 quoque
2304 2392 2326 2469 4}-

1276 2469 1572 2536 evangelica
1615 2474 1830 2520 testatur
1887 2474 2045 2519 totam
2103 2467 2259 2517 vitam

1276 2542 1460 2595 Christi
1510 2543 1808 2594 continuum
1877 2540 2260 2607 perfectissima·

1275 2632 1390 2668 rum
1431 2618 1679 2668 virtutum
1718 2615 2019 2666 exercitium
2078 2614 2253 2674 fuisse,
2290 2670 2292 2674 .

1275 2698 1324 2742 et
1365 2691 1549 2758 ubique
1589 2706 1654 2740 ex
1694 2690 1801 2756 ipso
1842 2689 2094 2756 insignem
2145 2702 2259 2754 pru-
2300 2759 2301 2762 Ἴ

1275 2764 1518 2823 dentiam,
1564 2763 1892 2814 tenerrimam
1914 2762 2254 2822 devotionem,
2296 2805 2297 2809 ,

1276 2838 1715 2904 profundissimam
1736 2836 2261 2902 humilitatem‚prom⁶
2282 2831 2297 2891 ᾖ

1277 2913 1555 2978 ptissimam
1596 2911 1954 2970 obedientiam,
2017 2910 2259 2961 invictam
2288 2909 2294 2926 ³

1273 2987 1429 3038 animi
1472 2985 1844 3045 fortitudinem,
1915 2979 2289 3054 mansuetudi÷5

1277 3075 1412 3121 nem,
1457 3059 1774 3127 patientiam,
1799 3059 2128 3125 caeterasque
2154 3055 2291 3107 vire-1·

1275 3139 1408 3185 tutes
1455 3133 1674 3185 morales
1737 3131 1984 3199 singulari
2049 3126 2255 3197 prorsus
2279 3164 2283 3171 -

1276 3207 1421 3259 modo
1486 3206 1741 3258 refulsisse
1767 3247 1780 3268 ,
1849 3204 1978 3273 quod
2044 3216 2108 3254 ex
2175 3202 2273 3278 iis?

1273 3297 1402 3349 quae
1443 3281 1494 3332 in
1534 3280 1766 3348 sequenti
1793 3272 2018 3330 sectione
2044 3264 2280 3345 dicenda?

1273 3359 1443 3413 eruut,
1487 3353 1674 3407 clarius
1715 3346 1922 3422 patebit.
2227 3346 2262 3406 ¹³5

1316 3524 1578 3571 (3)1oann.14.
1605 3523 1660 3561 31.
1816 3526 1821 3537 ·
1907 3522 1954 3567 (4)
1987 3488 2275 3586 Ioann.13{.''
