2332 3860
345 179 450 243 lito

266 284 548 354 propositio
586 287 755 341 minor
794 304 862 341 ex
899 288 1009 357 ipsa
1061 286 1260 339 revela-

264 357 404 413 tione
449 361 710 429 probanda
781 367 878 424 est,
945 370 1004 415 ut
1069 376 1258 413 novum

263 434 385 487 inde
411 444 779 504 argumentum
800 442 1040 504 exurgat.
1067 435 1259 487 Idcirco

266 508 325 559 4⁰
374 508 432 560 de
469 525 671 578 corpore
709 508 898 562 Christi
938 510 1171 571 humana,
1209 514 1260 561 et

263 579 323 633 ⁴2⁰
348 582 405 634 de
442 586 612 636 anima
650 582 842 636 Christi
880 584 1096 636 humana
1160 582 1260 634 dis·

263 656 540 710 serendum
582 664 681 720 est,
743 659 928 727 quibus
995 658 1054 709 5⁰
1119 663 1259 709 recte

262 730 503 783 adiicitur
541 738 794 784 tractatus
834 733 897 784 de
937 732 1107 793 modo,
1159 746 1259 799 quo

263 802 495 856 Christus
521 812 801 872 conceptus
831 813 882 858 et
908 806 1113 873 genitus
1143 805 1255 865 fuit,

263 893 356 930 seu
395 885 648 931 tractatus
676 880 731 932 de
752 881 1037 950 virqim‘tate
1063 879 1261 933 Mariae

265 952 452 1007 Matris
491 951 700 1006 Christi.

584 1126 870 1163 ARTICULUS
895 1126 928 1162 l.

559 1217 611 1252 De
633 1225 790 1260 corpore
814 1216 962 1251 Christi.

661 1361 700 1419 ς
731 1361 862 1407 215.

337 1465 484 1519 Multi
548 1467 650 1519 iam
715 1468 764 1519 in
826 1468 1001 1536 primis
1040 1467 1259 1520 saeculis

265 1542 551 1593 extiterunt
578 1541 843 1601 haeretici,
870 1543 954 1611 qui
979 1542 1089 1594 lesu
1120 1541 1261 1594 Chri-

264 1621 343 1667 sto
383 1630 563 1667 verum
605 1622 656 1668 et
695 1616 913 1667 solidum
955 1632 1140 1684 corpus
1176 1616 1261 1667 ab·

264 1688 594 1750 iudicarunt,
639 1695 690 1741 et
730 1690 907 1742 fictum
961 1691 1254 1749 duntaxat,

265 1763 560 1823 umbratile,
592 1779 681 1815 seu
706 1765 1089 1831 phantasticum
1119 1765 1260 1816 attri-

263 1836 507 1889 buerunt.
571 1836 887 1890 Aberrantes
928 1840 1008 1889 isti
1050 1840 1256 1889 comuni

266 1911 471 1962 nomine
524 1912 712 1963 docetae
751 1928 842 1963 seu
895 1912 1258 1979 phantasiastae

263 1982 384 2035 dicti
435 1992 575 2036 sunt.
620 1985 769 2036 Tales
823 1986 1030 2038 fuerunt
1086 1985 1259 2037 Satar-

261 2057 430 2120 m‘naS,
476 2058 741 2115 Basilides,
786 2060 1041 2120 Marcion,
1095 2061 1258 2112 Mani-

260 2130 396 2183 chaei
448 2138 500 2183 et
553 2132 975 2185 Priscillianixtae.
1032 2163 1103 2171 -—
1157 2134 1252 2185 Alii

261 2203 527 2265 haeretici,
573 2213 628 2256 ut
692 2206 989 2269 Valentinus,
1048 2207 1253 2274 Apelles‘,

258 2276 524 2346 Secunda8‚
555 2279 878 2342 BardesaneS,
909 2288 1007 2333 etc.
1055 2280 1255 2333 Christo

259 2367 447 2421 corpus
486 2354 742 2421 quoddam
771 2355 1136 2415 attribuerunt,
1178 2362 1257 2407 ast

260 2441 361 2478 non
403 2426 714 2487 humanum,
781 2429 870 2480 sed
931 2430 1250 2486 aethereum,

260 2515 362 2552 non
403 2500 466 2552 de
506 2502 793 2554 substantia
845 2506 1023 2555 matris
1082 2519 1254 2571 sump-

261 2580 391 2634 tum,
437 2575 525 2626 sed
568 2575 629 2627 de
680 2577 823 2628 coelo
887 2577 1125 2630 allatum.
1185 2607 1255 2618 —

262 2646 491 2716 Denique
533 2651 818 2702 extiterunt
857 2651 1013 2703 etiam
1076 2651 1254 2703 haere·

261 2721 367 2781 tici,
410 2724 494 2790 qui
538 2731 812 2790 negarunt,
857 2723 1042 2776 Christi
1071 2741 1255 2792 corpus

263 2795 384 2860 pati,
429 2803 480 2847 et
520 2797 719 2849 dolores
758 2799 949 2849 sentire
1007 2800 1247 2866 potuisse

259 2866 342 2919 Sic
393 2868 616 2922 tatianus
675 2870 1048 2923 Halicarnensis
1107 2879 1256 2940 euty-

261 2941 562 2995 chianorum
605 2945 801 2996 haeresi
842 2945 1078 2997 addictus
1117 2961 1254 2996 asse-

263 3016 384 3071 ruit,
428 3031 635 3070 carnem
677 3019 862 3071 Christi
906 3020 1061 3070 fuisse
1089 3020 1255 3070 incor-

173 3153 181 3161 .
262 3088 579 3154 ruptibilem‚
622 3099 674 3144 et
697 3093 1086 3159 impassibilem
1118 3092 1252 3143 unde

263 3160 373 3213 eius
394 3169 673 3216 sectatores
693 3167 1110 3234 incorrupticulae
1131 3166 1252 3217 dicti

262 3241 400 3287 sunt.
441 3233 627 3288 Contra
667 3248 997 3292 enumeratos
1039 3239 1256 3291 haereti·
1315 3254 1506 3322 corpus·
1539 3239 1602 3290 Et
1636 3247 1821 3307 accepto
1870 3246 2067 3306 corpore
2111 3235 2243 3288 invol

264 3323 350 3361 cos
389 3307 490 3360 iam
532 3311 849 3377 probandum
870 3320 967 3374 est,
993 3312 1254 3366 Christum
1315 3311 1438 3363 illud
1482 3312 1535 3363 in
1571 3312 1777 3364 sindone
1814 3311 2018 3370 munda,
2060 3317 2105 3361 et
2148 3323 2269 3377 posu
2330 3375 2332 3379 Ι

248 3377 505 3436 ‘babuisse
541 3397 713 3452 corpus
752 3386 1039 3439 humanum
1071 3402 1253 3440 verum
1316 3385 1439 3438 iuml
1476 3386 1530 3438 in
1566 3383 1877 3438 monumento
1903 3382 2002 3455 (ὅ).
2036 3382 2220 3436 Petrus
2259 3457 2262 3460 ἢ

312 3554 364 3600 u)
387 3554 496 3591 Mare.
526 3554 581 3598 14,
606 3553 640 3593 8.
951 3518 1004 3603 (ᾖ)
1027 3560 1077 3593 10.
1101 3558 1138 3601 2,
1166 3522 1219 3594 it.

685 207 748 244 DE:
785 206 880 244 mio
918 206 1052 244 LAPS!
1092 201 1287 245 HUM'RM
1319 203 1524 242 GENERIS
1562 203 1900 243 REDEMPTORE.

2171 68 2175 71 ,
2267 0 2332 100 a

1320 293 1374 339 et
1412 284 1652 350 solidum,
1691 301 1763 341 ex
1800 281 2122 342 substantia
2121 275 2332 342 Matri&

1322 367 1640 428 susceptum,
1684 360 1907 451 passioni
1952 367 2005 414 et
2055 351 2332 425 doloribus!

1322 434 1672 489 obnoxiumu
1989 487 1992 490 .
2292 434 2313 473 ἵ

1702 595 1741 654 ς,
1771 596 1912 642 zuo.

1437 705 1463 740 1.
1489 705 1655 741 Christus
1677 714 1808 740 verum
1831 714 1966 750 corpus
1988 687 2188 748 assumpsit
2297 698 2323 746 g

1592 779 1699 815 nohis
1719 780 2041 815 consubstantiale.

1397 876 1618 944 Longea
1658 879 1876 930 veritate
1916 878 2187 939 aberrant,
2231 874 2332 946 qui-

1323 949 1523 1003 Christo
1563 967 1817 1019 apparens
1857 951 2149 1013 duntaxat,
2206 965 2318 1002 um·

1324 1025 1506 1078 bratile
1571 1033 1661 1077 aut
1711 1026 2089 1091 phantasticum
2131 1034 2332 1090 corpus

1324 1100 1640 1151 adscribunt.
1686 1098 1817 1151 Nam
1856 1115 1920 1152 ex
1966 1106 2180 1167 utroque
2221 1097 2319 1150 Re:

1326 1173 1593 1224 velationis
1634 1173 1771 1225 fonte
1811 1174 2003 1225 invicte
2052 1173 2314 1240 probatur,

1323 1245 1581 1298 Christum
1624 1264 1723 1299 non
1765 1248 1927 1299 solam
1968 1247 2193 1314 speciem
2226 1260 2318 1298 seu

1323 1322 1697 1388 apparentiam,
1741 1322 1832 1373 sed
1875 1336 2053 1372 veram
2079 1320 2319 1373 substan-

1325 1396 1447 1446 tiam
1468 1397 1693 1462 corporis
1719 1395 1931 1447 humani
1961 1395 2319 1462 assumpsisse,

1322 1475 1374 1520 et
1419 1484 1629 1520 carnem
1683 1485 1882 1528 veram,
1939 1468 2174 1530 solidam,
2231 1483 2318 1519 ex·

1324 1558 1553 1610 pressam
1597 1559 1685 1611 ac,
1711 1541 2017 1610 palpabilem
2065 1542 2312 1595 induisse.

1397 1617 1448 1667 1.
1492 1617 1546 1669 S.
1590 1616 1855 1684 Scriptura
1898 1616 1943 1667 id
1986 1616 2123 1668 clarc
2163 1622 2317 1668 testa—

1324 1697 1439 1741 tur:
1485 1690 1555 1742 10.
1595 1690 1635 1751 l,
1683 1691 1779 1742 tlt:
1831 1689 2036 1742 Verbum
2075 1705 2190 1742 caro
2239 1690 2316 1757 fa-

1321 1771 1449 1815 ctam
1488 1774 1587 1826 est,
1581 1783 1593 1795 ·
1634 1766 1673 1816 si
1696 1766 1901 1832 factam,
1933 1779 2055 1831 ergo
2079 1780 2178 1816 non
2209 1779 2316 1816 um-

1323 1838 1536 1894 biatilis,
1582 1854 1676 1890 nec
1701 1839 2022 1906 phantastica
2050 1854 2168 1891 caro
2196 1838 2311 1899 fuit,

1319 1913 1407 1963 sed
1452 1928 1573 1964 veta
1615 1919 1665 1963 et
1706 1913 1875 1963 realis.
1932 1911 2078 1964 Rom.
2147 1914 2188 1973 l,
2255 1911 2315 1972 5,

1320 1987 1381 2036 de
1420 1984 1617 2038 Christo
1659 1985 1786 2038 Filio
1827 1986 1918 2038 Dei
1961 1986 2173 2037 dicitur:
2218 1983 2331 2048 Qtd'

1317 2061 1473 2127 factas
1511 2068 1578 2111 est
1620 2061 1665 2111 ei
1703 2077 1764 2112 eoe
1814 2061 1995 2112 semine
2039 2059 2193 2111 David
2243 2070 2315 2110 se*

1318 2135 1530 2185 elmodam
1569 2150 1803 2196 carnem;
1837 2140 1888 2186 et
1932 2134 2074 2185 Rom.
2121 2131 2209 2185 lX.
2257 2131 2314 2184 οὲ.

1318 2223 1379 2259 eoe
1418 2207 1591 2275 quibas
1635 2210 1862 2275 patribus
1889 2216 1957 2259 est
1983 2205 2211 2259 Christus
2245 2213 2314 2258 se·¹

1317 2283 1530 2333 eandam
1595 2298 1830 2334 carnem:
1880 2288 1960 2333 ast
2002 2297 2099 2332 non
2145 2281 2315 2347 posset

1319 2355 1548 2408 Christus
1590 2357 1754 2408 iactus
1796 2373 1861 2408 ex
1901 2357 2096 2407 semine
2148 2353 2318 2407 David

1319 2437 1368 2481 et
1407 2446 1470 2481 ex
1517 2431 1746 2497 patribus
1787 2430 2105 2482 descendens
2144 2415 2318 2488 secan}

1317 2504 1434 2555 dam
1472 2519 1667 2556 carnem
1708 2504 1827 2562 dici,
1870 2504 1913 2556 si
1975 2504 2101 2555 baec
2159 2508 2314 2579 ἃρρειό·

1320 2593 1435 2628 iens
1475 2584 1677 2629 tantum
1719 2584 1771 2629 et
1810 2593 1909 2628 non
1943 2591 2064 2628 vera
2087 2560 2312 2641 etrealis

1317 2651 1512 2703 fuisset.
1560 2650 1759 2719 Ubique
1799 2650 1913 2703 Iesu
1955 2648 2156 2702 Christo
2222 2653 2309 2701 vei

1319 2740 1429 2775 rum
1471 2740 1655 2791 corpus
1698 2725 1982 2776 humanum
2045 2721 2316 2776 tribuitur}

1317 2797 1537 2864 ipsemet
1558 2798 1620 2849 de
1642 2797 1946 2866 Magdalena
1975 2797 2134 2849 dicit.
2168 2796 2328 2861 Praei(

1311 2872 1442 2922 'venit
1481 2888 1661 2939 anqere
1718 2887 1892 2940 corpus
1946 2886 2107 2928 meam
2146 2872 2200 2921 in
2237 2848 2332 2946 3⁶3}

1313 2947 1569 3012 pultaram
1585 2946 1631 3014 (l
1645 2947 1683 3011 ):
1698 2946 1835 2997 -Itte
1860 2953 2023 2997 autem
2049 2943 2234 2996 dicebat
2251 2926 2326 2996 ἀῶ

1317 3019 1484 3087 tempto
1511 3020 1731 3087 corporis
1758 3020 1843 3070 sui
1869 3018 1966 3088 (Q),
2014 3018 2219 3086 Legitur
2245 3015 2329 3068 d'
2299 3045 2332 3078 ”a

1317 3092 1528 3159 losepho
1568 3097 1632 3144 ab
1675 3092 2006 3144 Arimathea.
2039 3089 2179 3142 Petiit
2205 3105 2260 3141 co
2330 3115 2332 3118 ·

1312 3181 1404 3232 pus
1443 3166 1573 3217 Iesu.
1609 3164 1743 3218 Tunc
1767 3165 1970 3218 Pilatus
1995 3163 2139 3216 iussit
2165 3162 2287 3214 redd

1359 3554 1412 3600 (3)
1434 3526 1561 3593 hiatui·
1585 3555 1643 3598 27.
1669 3554 1724 3600 58.
1745 3561 1816 3594 eut.
1869 3607 1875 3609 Α
2053 3565 2056 3569 -
2146 3566 2149 3569 .
2208 3526 2270 3578 ,ἐμ
