2332 3860
0 2 7 28 i
83 0 129 37 ,..,’·“”--
158 11 164 16 ·

0 37 7 55 ι
147 56 154 66 ο

0 220 4 222 .
37 125 73 218 'fa
464 173 468 182 ·
620 166 760 208 rans
796 168 861 208 ιι..
893 148 1057 208 scorto
1096 170 1132 209 1.
1176 168 1334 209 cam
1366 166 1435 207 m
1489 175 1492 179 ·

0 269 10 303 s
38 246 392 335 *ignoscitur
429 247 478 322 b)
534 248 849 314 Peccatum,
909 267 1028 305 cum

0 342 10 375 ι
27 327 148 399 ψῃ
174 327 246 380 sit
276 322 398 395 quid
426 324 720 393 positivum,
765 293 855 379 sed
895 326 1030 380 defe-

6 405 198 467 ,otus-,-
216 413 325 453 seu
363 399 584 468 privatio
621 400 825 453 debitae
881 402 1032 454 recti-

0 503 3 513 ν
39 473 275 538 tudinis,
300 487 404 531 ιιοιι
433 471 759 537 efficientem,
791 474 879 527 sed
908 475 1030 527 defi-

8 549 258 612 »unientem
285 562 495 601 causam
531 550 790 616 supponit.
821 554 874 601 et
900 550 1032 601 sicut

0 616 92 686 λιιι
128 621 233 675 Deo
271 620 404 675 Ente
459 622 829 691 perfectissimo
868 630 920 675 et
960 624 1033 675 in·

3 691 183 753 *finito
224 695 399 749 nutius
438 696 708 759 defectuS‚
764 698 836 750 ita
876 697 1028 749 etiam

11 756 242 833 ·dullum
281 777 549 840 peccatum
589 787 701 824 esse
743 778 924 840 potest.
956 771 1030 823 Ex

10 838 220 905 ‘eadem
274 846 472 898 ratione
527 845 670 898 nullo
726 846 876 898 modo
934 846 1029 897 dici

3 941 17 951 -
41 918 226 990 potest,
257 917 463 972 Deum
451 935 502 972 ιιι
537 919 828 973 hominibus
854 935 1034 989 pecca-

8 996 150 1048 ''ttim
172 995 418 1062 operari3
428 1010 546 1047 nam
574 994 804 1047 defectus
831 994 1032 1047 debitae

8 1062 359 1142 rectitudinis
416 1070 653 1137 provenit
709 1085 773 1121 ex
833 1069 1031 1121 defectu

15 1136 241 1198 debitae
280 1143 614 1226 causalitatis3
659 1143 742 1196 hic
781 1151 954 1196 autem
983 1160 1032 1195 e—

17 1215 246 1287 quidem
287 1218 339 1269 in
393 1218 642 1270 creaturis
701 1217 898 1279 finitis,
949 1220 1032 1286 qui

44 1291 177 1350 vires
214 1291 309 1344 sibi
357 1291 503 1345 datas
553 1308 655 1344 non
703 1292 799 1344 rite
840 1293 1035 1360 impen-

21 1363 180 1431 dere,
219 1371 271 1417 et
309 1365 422 1419 ideo
461 1382 490 1418 a
517 1365 688 1418 debita
726 1367 1034 1419 rectitudine

21 1437 264 1497 ‹deficere
303 1447 556 1508 possunt,
611 1440 779 1493 locum
838 1441 1031 1504 habet,

20 1519 143 1570 ilion
185 1520 358 1566 autem
400 1516 450 1566 in
488 1514 595 1567 ‘Deo
635 1515 766 1567 Ente
806 1517 1031 1584 omnipo-

20 1587 190 1649 ·tenti,
234 1589 621 1656 perfectissimo,
665 1589 885 1642 infinito,

43 1682 63 1690 ··
114 1661 246 1715 Nota
271 1664 319 1717 ι.
338 1663 634 1717 Adversarii
662 1664 923 1717 doctrinae
949 1680 1033 1716 ca-

24 1734 263 1790 ’tholicae
303 1738 463 1790 multa
492 1738 546 1791 S.
590 1737 885 1806 Scripturae
926 1739 1034 1790 loca

22 1818 304 1879 *opponunt
333 1853 345 1875 ‚
389 1828 519 1882 quae
558 1814 599 1864 si
666 1813 717 1865 in
766 1829 920 1865 sensu
957 1813 1038 1865 lit-

49 1885 196 1939 terali
245 1889 447 1955 proprio
505 1894 817 1951 sumantur,
873 1888 1034 1940 Deum

30 1961 242 2028 =peccati
282 1969 546 2014 auctorem
586 1979 815 2015 asserere
864 1963 1038 2013 viden-

0 2095 1 2099 *
30 2038 150 2086 'tur.
194 2033 272 2087 Ad
301 2036 590 2089 huiusmodi
617 2044 789 2089 autem
830 2035 1039 2089 difficul-

0 2106 177 2161 {states
215 2109 429 2163 biblicas
467 2111 738 2164 solvendas
777 2112 1034 2180 generalia

28 2183 299 2253 «quaedam
328 2201 567 2253 responsa
596 2187 896 2239 inservient.
929 2186 1040 2238 Pri-

28 2271 126 2309 imo
165 2257 368 2326 quidem
430 2260 656 2312 textibus
695 2261 905 2313 obiectis
954 2278 1038 2328 op-

30 2332 285 2400 iponimus
324 2333 608 2386 clarissima
646 2333 702 2386 S.
746 2335 1039 2402 Scripturae

31 2406 339 2459 ttestimonia
377 2408 613 2476 superius
639 2408 821 2471 citata,
851 2412 902 2461 in
930 2410 1039 2477 qui-

32 2477 145 2538 lbus
176 2479 345 2533 >Deum
386 2488 594 2549 peccata
623 2481 856 2550 diligere,
886 2483 1038 2547 velle,

29 2554 290 2629 «causari,
333 2562 423 2607 aut
480 2572 779 2624 promovere
833 2558 1040 2610 omnino

34 2631 291 2701 megatur.
321 2628 538 2683 Secundo
564 2631 899 2684 observamus
932 2647 1042 2684 cer-

35 2705 162 2757 itum
187 2702 422 2768 regulam
447 2704 886 2759 hermeneuticam
914 2722 1039 2771 esse,

33 2772 107 2829 tin
143 2773 198 2828 S.
240 2775 532 2845 Scripturae
566 2779 989 2848 interpretatione
1011 2798 1038 2832 a

33 2848 206 2905 mensu
236 2849 443 2904 litterali
471 2854 671 2921 proprio
698 2855 1039 2907 recedendum

33 2926 187 2986 ime,
229 2925 271 2978 si
311 2941 378 2978 ex
408 2926 503 2979 isto
529 2934 707 2995 aperte
744 2929 1042 2995 absurdum,

33 2991 145 3058 mut
182 2999 515 3053 contradictio
542 3016 660 3053 cum
679 3001 793 3055 aliis
817 3002 1043 3071 Scriptu-

32 3078 161 3127 infe
183 3072 308 3125 locis
345 3082 665 3143 sequeretur.
722 3076 821 3146 Ipsi
862 3078 1043 3130 adver-

34 3142 176 3210 cmii
201 3145 335 3199 bane
355 3148 587 3231 regulam
609 3150 892 3204 observant
906 3153 1039 3204 circa

36 3213 181 3281 {loca
206 3219 412 3284 biblica,
454 3224 512 3274 in
533 3224 717 3292 quibus
754 3225 864 3278 Deo
891 3226 1043 3292 oculi,

30 3290 228 3356 tiaras,
258 3309 442 3349 manus
467 3302 568 3349 etc.
603 3299 920 3353 tribuuntur
953 3298 1043 3352 At-

57 3366 158 3434 qui
178 3366 410 3429 assertio,
438 3386 537 3440 qua
564 3370 703 3424 Deus
723 3381 902 3426 auctor
930 3389 1044 3442 pec-

119 3438 158 3500 ti
188 3445 542 3508 constituitur,
578 3447 859 3502 maximam
899 3448 977 3501 ιιι
988 3464 1044 3501 se

98 3536 218 3585 stit..
242 3540 531 3581 auedoetcur
559 3554 594 3584 c.
621 3545 675 3583 1⁶.

1899 150 2009 207 387

1092 252 1318 306 continet
1338 247 1735 311 absurditatem,
1763 254 1818 302 et
1842 250 2079 302 omnibus

1090 326 1142 379 S.
1187 326 1483 395 scripturae
1509 317 1652 386 lucie,
1683 323 1735 375 in
1774 323 1960 392 quibus
1989 322 2081 376 Dei

1088 392 1348 454 Sanctitas
1385 398 1711 468 praedicatur
1754 396 2088 463 contradicit3

1093 491 1214 543 ergo
1255 475 1366 527 loca
1403 475 1502 526 ista
1540 474 1590 524 in
1619 472 1803 540 quibus
1828 471 1966 524 Deus
1993 485 2083 522 au-

1093 557 1201 602 ctor
1233 549 1426 618 peccati
1455 547 1611 600 statui
1641 546 1861 614 videtur,
1902 544 2083 597 non-in

1094 639 1246 676 sensu
1282 621 1521 685 litterali,
1563 620 1652 673 sed
1692 622 1743 672 in
1783 619 2082 688 improprio,

1093 714 1182 750 seu
1247 697 1468 763 figurato
1531 694 1865 762 intelligenda
1939 699 2079 745 sunt.

1094 772 1238 824 Hanc
1266 772 1499 839 regulam
1527 771 1630 823 iam
1660 769 1867 822 tradidit
1892 768 1952 821 S..
1983 766 2085 819 Au-

1094 847 1315 915 qustinus
1355 845 1432 917 (i)
1474 845 1725 897 scribens:
1773 863 1799 892 ιι
1841 843 1894 894 Si
1936 857 2086 910 prae-

1094 921 1295 989 ceptiva
1353 919 1541 972 locutio
1580 925 1658 971 est
1706 924 1796 971 aut
1834 916 2087 984 flagitium

1094 1002 1184 1047 aut
1221 995 1420 1047 facinus
1447 1000 1651 1054 vetanS‚
1681 999 1772 1045 aut
1810 991 2086 1044 utilitatem

1096 1076 1184 1121 aut
1221 1069 1528 1121 beneficium
1586 1067 1769 1120 iubens
1795 1108 1807 1129 ‚
1869 1081 1969 1118 non
2011 1070 2088 1117 est

1096 1144 1335 1211 figurata.
1378 1143 1430 1196 Si
1470 1149 1643 1195 autem
1683 1147 1774 1194 aut
1813 1139 2084 1208 flagitium,

1096 1224 1184 1270 aut
1210 1219 1407 1270 facinus
1435 1217 1639 1269 videtur
1666 1217 1863 1277 iubere,
1887 1215 2088 1267 aututi-

1098 1292 1292 1344 iitatem
1330 1299 1419 1345 aut
1455 1291 1867 1344 beneficientiam
1907 1290 2100 1355 vitare‚'

1096 1366 1314 1433 figurata
1344 1374 1487 1419 est.»
1523 1366 1683 1418 Tertio
1717 1362 2091 1418 attendendum

1098 1445 1193 1502 est,
1239 1442 1371 1510 quod
1413 1457 1581 1494 sermo
1621 1442 1686 1492 sit
1726 1456 1827 1492 non
1857 1438 1919 1492 de
1953 1437 2089 1490 malo

1100 1518 1277 1568 morali
1317 1532 1407 1569 seu
1451 1522 1680 1584 peccato,
1723 1514 1821 1566 sed¹
1851 1513 1916 1566 de
1955 1510 2090 1565 malo

1101 1590 1329 1658 physico,
1361 1606 1451 1642 seu
1493 1589 1933 1647 tribulationibus,
1982 1587 2092 1656 qui-

1101 1666 1192 1716 bus
1220 1665 1356 1716 Deus
1384 1665 1646 1716 hominum
1678 1669 1887 1731 peccata
1923 1662 2087 1730 punit:

1102 1741 1147 1789 in
1191 1739 1286 1790 hoc
1326 1755 1480 1790 sensu
1519 1739 1585 1790 Is,
1633 1738 1733 1799 45,
1779 1738 1839 1796 5,
1882 1736 2087 1789 dicitur:

1099 1813 1201 1881 Eyo
1217 1813 1456 1865 Dominus
1477 1814 1657 1879 faciens
1672 1828 1842 1882 pacem
1863 1819 1906 1863 et
1926 1826 2093 1863 creans

1099 1887 1282 1938 malum
1324 1886 1420 1958 (2).
1467 1886 1651 1950 Quarto
1685 1887 2003 1953 distinguere
2039 1901 2092 1938 o-

1102 1969 1267 2030 portet
1307 1962 1625 2013 voiuntatem
1655 1961 1746 2014 Dei
1788 1960 2092 2023 effectivam,

1102 2044 1150 2087 et
1173 2038 1548 2103 permissivum:
1575 2035 1638 2087 de
1660 2036 1756 2088 bac
1777 2036 1914 2087 enim
1940 2051 2094 2102 saepe

1101 2127 1267 2163 sermo
1306 2119 1423 2172 est,
1469 2111 1590 2162 dum
1642 2111 1884 2163 actiones·
1927 2109 2094 2163 malae

1103 2185 1206 2237 Deo
1246 2186 1294 2237 in
1360 2184 1414 2238 S.
1457 2184 1720 2254 Scriptura
1765 2185 1983 2237 adscribi
2024 2184 2095 2236 vi-

1103 2260 1309 2320 dentur,
1342 2260 1424 2311 vel
1465 2275 1583 2312 cum
1624 2259 1812 2313 dicitur
1837 2259 1976 2312 Deus
2005 2274 2095 2311 ex·

1102 2350 1343 2395 caecare,
1387 2341 1438 2386 et
1477 2334 1732 2386 obdurare
1773 2340 2088 2402 peccatores,

1105 2409 1289 2471 Quinto
1340 2408 1719 2460 observandum
1759 2414 1874 2475 est,
1939 2419 2096 2475 gene-

1106 2482 1279 2534 raliter
1342 2483 1392 2534 in
1455 2484 1711 2550 peccatis,
1771 2497 1900 2551 quae
1963 2480 2097 2533 fiunt

1103 2562 1281 2608 contra
1321 2557 1645 2624 proximum,
1703 2556 1798 2608 tria
1847 2555 2057 2624 reperiri
2073 2572 2091 2621 3

1105 2630 1346 2683 nimirum
1385 2632 1640 2684 actionem
1678 2629 1866 2682 malam
1906 2645 2098 2683 vexan·
2173 2643 2178 2649 ’

1106 2706 1200 2767 tis,
1244 2706 1530 2774 passionem
1579 2705 1736 2767 illius,
1782 2704 1865 2757 cui
1912 2704 2097 2756 iniuria

1106 2779 1339 2842 infertur,
1380 2787 1431 2832 et
1470 2780 1709 2832 effectum
1748 2778 2095 2847 bonum‚rqui

1107 2854 1221 2906 inde
1249 2861 1538 2922 promanat:
1565 2854 1692 2906 baec
1720 2853 1817 2905 tria
1844 2852 1982 2906 clare
2010 2867 2096 2920 pa-

1108 2935 1215 2980 tent
1253 2944 1299 2980 e.
1344 2944 1397 2997 g.
1440 2930 1491 2980 in
1552 2927 1846 2981 venditione
1895 2925 2096 2995 Iosephi

1104 3001 1311 3071 AEgypt.
1355 3008 1406 3054 et
1446 3003 1495 3054 in
1525 3001 1855 3054 crucifixione
1893 3000 2097 3055 Christi.

1105 3076 1153 3128 Si
1195 3078 1322 3128 istae
1361 3077 1588 3128 actiones
1614 3076 2004 3134 considerentur
2031 3089 2098 3127 ex

1107 3157 1249 3217 parte
1289 3150 1592 3217 agentium,
1646 3149 2003 3210 summalae,
2045 3154 2099 3201 et

1106 3240 1192 3276 eas
1231 3222 1369 3275 Deus
1410 3240 1504 3276 nec
1545 3223 1657 3276 vult
1705 3239 1800 3278 nec
1859 3222 2096 3292 praedifi-

1106 3300 1197 3364 nit,
1237 3297 1326 3350 sed
1357 3305 1526 3350 tamen
1557 3299 1978 3367 praecognoscit,
1976 3312 2098 3365 per-

1108 3372 1284 3433 mittit,
1327 3378 1378 3424 et
1418 3388 1508 3440 pro
1535 3373 1732 3426 infinita
1760 3383 1853 3427 sua
1892 3371 2097 3439 Sapien-

1109 3447 1176 3499 tia
1216 3443 1301 3499 ad.
1340 3445 1498 3500 bonos
1536 3446 1666 3501 fines
1722 3446 1932 3515 dirigitz
1981 3442 2096 3497 ideo

951 3565 954 3567 ·
1051 3567 1057 3582 .·
1150 3545 1201 3591 (Ω)
1225 3547 1276 3582 ct.
1302 3546 1322 3583 2
1346 3546 1429 3591 neg.
1454 3545 1512 3591 12,
1536 3546 1592 3586 1¹.
