2332 3860
223 169 330 222 3822

147 265 439 319 huiusmodi
497 266 752 319 orationes
813 267 969 320 etiam
1031 264 1135 317 alta

145 355 272 393 voce
315 339 664 408 pronuntient,
706 346 762 393 ut
799 340 861 394 ad
903 339 1131 393 notitiam

144 415 373 467 omnium
413 415 607 484 possint
645 416 933 484 pervenire.
969 434 993 462 »
1037 411 1133 465 Ne-

142 503 241 557 que
281 490 498 542 dubitari
548 496 750 558 potest,
793 489 925 542 hanc
986 488 1131 540 mini-

145 569 362 616 strorum
402 579 666 616 sacrorum
717 564 999 617 orationem
1042 579 1129 630 pu-

142 635 325 690 blicam
367 644 419 691 et
463 654 789 692 communem
840 638 1129 690 efficacissi-

139 726 275 764 mam
335 727 446 777 esse
496 713 559 765 ad
600 713 1020 765 ‘misericordiam
1079 717 1129 763 et

137 785 543 841 benedictionem
573 787 795 840 divinam
827 803 915 855 pro
944 785 1127 855 populo

135 859 547 928 impetrandam,
590 862 654 914 ad
699 863 893 930 gratias
951 877 1126 930 super-

135 936 398 988 naturales
419 936 738 1003 obtinendaS‚
761 935 1125 1004 hominumque

133 1009 354 1063 salutem
405 1010 824 1078 promovendam.
868 1009 1013 1063 Unde
1060 1007 1119 1062 S.

132 1081 501 1154 Chrysostomus
541 1083 617 1156 (l)
648 1086 739 1138 ait:
769 1106 795 1134 «
824 1084 995 1138 Oratio
1035 1085 1126 1136 Ec-

132 1157 319 1212 clesiae
359 1175 539 1212 murus
578 1166 674 1220 est,
707 1161 790 1228 qui
818 1159 982 1227 rumpi
1024 1175 1122 1211 non

129 1240 318 1301 potest,
350 1235 729 1287 munimentum
763 1236 1121 1286 inconcussum

130 1306 463 1361 daemonibus
509 1309 713 1377 quidem
764 1309 1118 1369 formidabile,

125 1381 224 1449 piis
263 1399 411 1444 vero,
464 1384 703 1435 nimirum
747 1385 910 1446 nobiS,
953 1389 1118 1435 tutum

128 1471 189 1508 ac
210 1456 590 1510 salutiferum.»
621 1458 672 1510 S.
705 1457 1015 1526 Augustinus
1043 1455 1118 1528 (Ξ)

127 1539 302 1584 contra
344 1532 517 1600 Pelag.
552 1533 748 1585 scribit:
784 1553 810 1582 «
840 1532 916 1585 Ad
959 1533 1119 1584 malos

126 1605 380 1659 docendos
412 1607 698 1675 pigrescere
728 1623 826 1661 non
856 1606 1115 1660 debemus

124 1679 246 1733 Plus
287 1681 360 1734 eis
401 1688 573 1735 tamen
632 1684 742 1735 sine
802 1682 1116 1734 dubitatione

125 1762 487 1822 praestamuS‚
532 1757 573 1809 si
641 1764 695 1809 ut
755 1759 1111 1824 corrigantur,

123 1845 352 1895 oremus3
384 1831 500 1900 quia
524 1831 786 1890 voluntas,
820 1838 875 1883 ut
902 1831 964 1882 ad
996 1847 1112 1882 vera

124 1905 382 1958 credenda
424 1913 713 1968 moveatur,
747 1922 845 1958 non
889 1906 980 1958 sibi
1017 1905 1116 1956 suf-

123 1977 265 2040 ficit,
312 1980 405 2031 nisi
448 1996 538 2048 per
576 1981 795 2048 gratiam
834 1979 925 2031 Dei
976 1980 1115 2047 oppi-

122 2052 336 2106 tuletur.
388 2073 410 2102 »
455 2053 507 2106 S.
562 2054 845 2106 Bernartius
902 2052 978 2125 (3)
1038 2055 1114 2105 in-

119 2128 250 2195 quit:
286 2147 312 2176 «
333 2126 478 2180 Nunc
500 2135 712 2181 manent
734 2130 848 2181 tria:
878 2129 1111 2195 verbum,

121 2202 417 2271 exemplum
459 2209 510 2255 et
536 2204 717 2255 oratio:
753 2203 912 2254 maior
939 2209 1109 2254 autem

120 2275 301 2328 horum
343 2278 523 2330 oratio.
569 2277 641 2330 Ea
698 2292 919 2346 namque
972 2279 1108 2345 operi

117 2357 170 2402 et
207 2352 321 2404 voci
361 2353 582 2419 gratiam
610 2359 662 2405 et
688 2351 969 2405 efficaciam
998 2367 1110 2421 pro-

117 2433 366 2478 meretur.
402 2445 429 2474 »

191 2500 245 2551 2.
278 2500 628 2569 Praecipuum
679 2499 969 2553 Sacerdotis
1008 2499 1110 2551 olfi-

117 2573 254 2626 cium
293 2581 405 2636 est,
454 2575 730 2645 sacrificare
772 2592 862 2644 pro
909 2574 1103 2643 popula.

115 2646 265 2700 Nam:
294 2648 462 2701 Omnis
483 2647 719 2716 Povvtttfeae
746 2666 808 2701 ew
835 2649 1110 2701 hominibus

125 2731 389 2791 ussumptus
401 2739 490 2792 pro
506 2723 780 2775 hominibus
797 2724 1111 2776 constituitur

121 2796 171 2846 in
200 2797 283 2864 iic,
313 2813 435 2865 quae
461 2798 652 2850 suntad
677 2797 848 2859 Deum,
869 2807 921 2850 ut
943 2799 1110 2867 offerat

118 2870 246 2922 :lona
281 2881 324 2923 ct
359 2872 602 2940 sacrificia
631 2887 726 2942 pro
764 2875 968 2940 peccatis
1010 2870 1104 2942 (lt).

117 2942 225 2996 Iam
263 2945 314 2996 in
354 2945 421 2999 V.
477 2945 613 2999 Tcst.
672 2945 843 3000 cultus
894 2947 987 2999 Dei
1027 2963 1112 2997 ex-

116 3023 295 3071 ternus
336 3021 491 3072 variis
530 3021 793 3074 sacrificiis
822 3020 1112 3090 perficieba-

111 3097 244 3154 tur,
288 3108 418 3161 quae
473 3110 559 3163 per
599 3097 894 3148 sacerdotes
934 3095 1111 3147 011Ἢοιο-

114 3166 327 3219 bantur.
374 3167 427 3219 ln
458 3168 520 3221 N.
552 3168 690 3222 Test.
731 3169 966 3222 Christus
1006 3171 1111 3238 ipse

118 3236 427 3293 sacrificium
456 3251 727 3296 cruentum
758 3246 808 3296 in
835 3244 998 3296 Cruce
1027 3244 1112 3296 ob-

117 3313 275 3376 tulit,
319 3320 372 3367 et
418 3318 725 3371 sacrificium
786 3320 1113 3371 incruentum

117 3389 168 3440 in
210 3387 531 3442 Eucharistia
559 3392 779 3445 instituit
811 3409 842 3445 a
881 3392 1113 3445 sacerdo-

766 3523 823 3565 2}
850 3524 959 3566 Epist
984 3523 1059 3558 106.

166 3517 217 3561 ²1)
245 3518 354 3553 1.tb.2
376 3521 420 3554 de
442 3526 535 3556 orat.
757 3559 818 3606 μ)
834 3567 941 3601 neb
967 3566 999 3607 5
1025 3567 1056 3601 ¹

163 3539 214 3604 2³)
242 3563 351 3603 Epist.
377 3563 461 3599 201.

562 185 624 223 DE
660 185 754 223 DEO
791 184 927 223 mest
963 181 1151 222 numm!
1188 179 1395 221 ommis
1428 182 1797 222 REDEMPTORE.

1197 261 1333 317 tibus
1371 263 1614 318 continuo
1653 238 2006 334 offerendum,
2014 226 2216 337 qnod
2294 284 2332 300 ··

1196 339 1245 390 in
1288 345 1432 408 parte
1470 338 1703 416 sequenti
1740 327 2049 419 probabitur.
2079 334 2176 394 Pe‘r
2250 344 2263 374 ⁴<

1195 412 1290 465 hoc
1328 410 1633 490 sacrificium
1693 414 1796 467 Deo
1833 414 2064 468 summus
2098 414 2175 468 la·

1195 489 1320 540 triae
1336 486 1530 540 cultus
1569 488 1813 552 defertur,
1839 505 1929 558 pro
1957 489 2175 559 acceptis
2260 487 2263 494 '

1194 561 1452 615 beneficiis
1498 565 1779 631 gratiarum
1837 564 1994 617 00110
2031 563 2192 617 exhi--

1193 636 1359 696 betur,
1404 653 1493 707 pro
1525 638 1805 691 commissis
1846 639 2065 706 peccatis
2100 654 2175 692 sa-

1192 710 1408 764 tisfactio
1449 718 1756 779 praestatur,
1797 719 1849 765 et
1887 714 2082 779 gratiae
2118 729 2176 766 u·
2228 728 2230 730 ·
2311 746 2322 753 κ

1191 785 1442 838 berrimae
1489 787 1802 839 obtinentur.
1857 786 2175 842 Sacrificium

1189 859 1300 912 ideo
1340 877 1370 912 a
1409 861 1759 914 sacerdotibus
1810 859 1981 917 Novae
2028 862 2174 938 Legis

1188 933 1418 987 oblatum
1442 935 1937 1003 praestantissimum
1950 929 2173 990 medium

1188 1009 1460 1062 dicendum
1501 1017 1618 1070 est,
1663 1026 1763 1079 quo
1818 1009 1957 1063 salus
2015 1012 2174 1064 bomi-

1188 1099 1310 1137 num
1351 1091 1402 1138 et
1439 1085 1555 1137 finis
1582 1051 1842 1138 Ecclesiae
1877 1100 2174 1155 promoven·

1187 1165 1290 1212 tur.

1258 1233 1310 1285 5.
1355 1231 1586 1286 Christus
1607 1234 1657 1286 in
1685 1232 1827 1287 Novo
1848 1233 2170 1292 Testamenta

1185 1307 1339 1359 etiam
1366 1317 1561 1377 septem
1590 1309 1907 1363 Sacramenta
1935 1311 2168 1378 instituit,

1184 1397 1314 1449 quae
1354 1390 1475 1435 sunt
1528 1384 1799 1452 praecipua
1859 1385 2055 1452 gratiae
2094 1387 2169 1438 in-

1183 1462 1468 1509 strumenta
1526 1458 1590 1510 ad
1643 1457 2037 1512 sanctificandos
2084 1460 2170 1513 110-

1185 1532 1345 1584 mines
1374 1531 1624 1594 ordinata,
1657 1532 1718 1585 de
1739 1534 1922 1602 quibus
1950 1535 1998 1586 in
2027 1542 2169 1602 parte

1181 1607 1412 1675 sequenti
1454 1607 1609 1659 fusior
1629 1623 1796 1660 sermo
1825 1609 2169 1663 instituendus

1181 1682 1294 1733 erit.
1342 1681 1478 1733 Haec
1517 1690 1689 1734 autem
1719 1682 2053 1736 Sacramenta
2081 1685 2168 1737 ad·

1181 1756 1500 1807 ministrandi
1544 1763 1767 1824 potestas
1820 1757 2080 1826 Episcopis
2119 1763 2169 1811 et

1178 1831 1528 1883 sacerdotibus
1568 1831 1753 1883 collata
1794 1839 1908 1894 est,
1953 1849 2018 1885 ex
2069 1848 2168 1902 quo

1181 1909 1349 1971 patet,
1413 1921 1502 1972 per
1540 1904 1893 1957 Sacerdotium
1933 1906 2098 1975 legale
2136 1923 2167 1959 a

1179 1977 1377 2031 Christo
1418 1979 1555 2047 Rege
1610 1980 1982 2048 sapientissime
2022 1980 2165 2033 insti-

1178 2059 1344 2105 tutum
1373 2053 1690 2122 spiritualem
1731 2054 1995 2107 hominum
2033 2054 2175 2116 salu-¹

1177 2135 1311 2190 tem,
1355 2135 1406 2179 et
1453 2127 1709 2180 Ecclesiae
1763 2135 1970 2182 sanctae
2009 2128 2164 2183 finem

1175 2202 1526 2254 efficacissime
1566 2204 1878 2270 promoveri.

1562 2326 1600 2384 §
1631 2328 1778 2373 ese.

1215 2415 1276 2449 111.
1299 2416 1351 2451 De
1373 2415 1527 2460 imperio
1550 2424 1653 2452 sacro
1675 2417 1712 2451 in
1729 2417 1883 2453 Ecclesia
1905 2419 2117 2456 constituto.

1247 2497 1502 2551 Christum
1545 2501 1595 2552 in
1623 2500 1850 2554 Ecclesia
1891 2503 2160 2572 imperium

1174 2589 1375 2625 sacrum
1405 2575 1750 2635 constituisse,
1786 2593 1877 2629 seu
1905 2578 2162 2646 Apostolis

1174 2664 1452 2718 eorumque
1510 2651 1888 2703 successoribus
1943 2659 2164 2719 potesta—

1177 2730 1276 2774 tem
1318 2724 1678 2787 legislativam‚
1723 2725 2040 2779 iudiciariam
2085 2733 2162 2780 at-

1174 2813 1271 2865 que
1311 2798 1636 2850 coercitivam
1678 2799 1944 2853 tradidisse
1985 2802 2086 2853 iam
2112 2818 2163 2854 a·

1177 2871 1260 2923 libi
1303 2872 1570 2939 probatum
1609 2873 1704 2926 suit
1743 2871 1837 2944 (5).
1882 2875 1975 2927 Ast
2013 2873 2165 2928 facile

1176 2946 1326 2997 etiam
1368 2946 1653 2999 ostenditur
1677 2989 1691 3009 ‚
1745 2963 1835 3016 per
1874 2949 1968 3005 hoc
2005 2946 2166 3018 impess

1177 3021 1306 3072 rium
1335 3036 1538 3073 sacrum
1566 3021 1793 3074 fidelium
1817 3022 2035 3076 salutem
2059 3038 2164 3074 ma-

1176 3095 1313 3147 xime
1372 3097 1711 3164 promoveri,
1766 3103 1818 3148 et
1881 3095 2165 3162 Ecclesiam

1177 3171 1335 3236 ipsam
1394 3170 1614 3223 mediate
1671 3171 1736 3223 ab
1800 3171 1907 3240 ipso
1965 3158 2168 3225 Christo

1175 3244 1546 3311 sapientissime
1586 3245 1699 3312 regi
1734 3251 1785 3296 et
1829 3245 2125 3313 gubernari.

1254 3317 1305 3369 1.
1339 3317 1569 3371 Potestas
1616 3317 1882 3371 Ecclesiae
1906 3316 2167 3388 leyislatwa

1175 3391 1240 3443 ad
1279 3391 1499 3444 salutem
1559 3392 1823 3446 hominum
1880 3399 1931 3444 et
1975 3394 2167 3447 bonum

1174 3522 1422 3607 tttgq'fheol.
1450 3533 1535 3566 gen.
1557 3511 1683 3568 panti,
1705 3531 1785 3568 cap.
1811 3522 1853 3567 3,
1876 3526 1960 3561 edit.
1973 3497 2037 3567 2)ss
2053 3525 2080 3571 S
2098 3525 2164 3564 m
