2332 3860
181 850 185 853 ’
258 867 383 912 vam,
446 866 548 919 qua
606 858 966 919 praecavetur,

333 79 443 135 358
526 68 527 71 ‘

257 184 421 240 retur,
461 176 652 247 illaque
692 178 922 232 debitum
960 178 1252 247 proximum

258 252 454 321 peccati
489 254 719 312 omnino,
740 269 842 306 non
899 253 1247 307 contraheret.

256 326 578 396 Mariaergo
619 326 779 381 multo
820 329 984 396 magis
1024 328 1087 381 de
1146 343 1252 381 me-

256 403 367 455 ritis
388 401 708 455 Redemtoris
727 402 1072 471 participavit,
1096 417 1252 472 quam

257 478 446 530 caeteri
488 477 739 530 homines.
766 476 1034 546 Duplicem
1055 477 1252 531 redem-

256 552 484 620 ptionem
522 551 847 620 distinguunt
886 552 1128 619 theologi,
1181 553 1252 604 ni—

255 627 444 679 mirum
483 627 839 696 reparativam‚
883 643 983 696 qua
1022 627 1137 696 quis
1171 642 1251 680 so-

255 701 365 755 luto
407 702 569 771 pretio
626 717 657 754 a
714 701 1032 770 captivitate,
1096 717 1251 771 quam

254 777 490 844 incurrit,
530 775 802 836 liberatur,
846 782 897 828 et
929 777 1252 845 praeservati-

1030 867 1094 903 ne
1134 853 1249 920 quis

258 926 538 994 captivitati
555 925 894 994 mancipetur,
916 927 999 978 cui
1023 932 1249 979 caetero-

257 1002 400 1070 quin,
471 1000 566 1051 nisi
632 1000 853 1068 pretium
918 1000 1243 1063 solveretur,

257 1082 397 1128 certo
418 1074 772 1128 subiiceretur.
797 1074 942 1127 Hanc
963 1091 1084 1127 vero
1108 1092 1250 1144 prae-

257 1151 557 1203 stantiorem
597 1166 729 1211 esse,
762 1149 984 1202 dubitari
1015 1167 1113 1202 non
1144 1158 1250 1218 pot·

257 1231 372 1289 est3
404 1224 588 1277 melius
611 1225 749 1276 enim
769 1231 865 1285 est,
892 1241 919 1276 a
946 1225 1078 1276 malo
1102 1241 1246 1293 prae-

256 1299 473 1362 servari,
517 1315 671 1367 quam
712 1314 779 1350 ex
816 1299 903 1351 illo
946 1299 1168 1352 liberari.

329 1371 435 1426 obi.
481 1374 564 1425 5.⁸
606 1373 850 1426 Doctores
908 1375 958 1425 in
1018 1374 1245 1426 Ecclesia

254 1447 574 1502 celeberrimi
643 1448 857 1500 Mariam
927 1450 1246 1501 contraxisse

255 1530 525 1592 peccatum
553 1523 803 1591 originale
831 1522 1158 1576 adseverant.
1188 1522 1240 1576 S.

253 1596 512 1652 Anselmus
554 1595 631 1669 (l)
665 1600 773 1650 ait:
834 1618 861 1647 «
916 1598 1073 1665 Virgo
1114 1599 1241 1666 ipsa,

257 1674 391 1726 unde
455 1679 750 1740 assumptus
814 1680 889 1726 est
947 1670 1241 1745 (Christus),

257 1756 334 1801 est
386 1750 437 1800 in
490 1748 843 1817 iniquitatibus
883 1755 1151 1816 concepta,
1196 1756 1246 1800 et

256 1824 309 1875 in
348 1825 571 1892 peccatis
611 1823 846 1891 concepit
903 1838 1018 1874 eam
1083 1829 1246 1874 mater

257 1898 388 1959 ciue,
433 1905 484 1949 et
547 1913 664 1950 cum
735 1896 972 1964 originali
1036 1903 1244 1965 peccato

254 1978 377 2025 nata
417 1978 520 2024 est:
565 1973 683 2041 quia
724 1978 774 2024 et
814 1972 922 2039 ipsa
969 1972 1019 2022 in
1080 1972 1243 2024 Adam

253 2049 507 2116 peccavit,
553 2047 603 2098 in
644 2062 743 2115 quo
783 2062 960 2098 omnes
1000 2062 1246 2115 peccave-

253 2129 394 2174 runt.
443 2141 468 2170 »
499 2120 552 2174 S.
584 2120 872 2173 Bernardzts
910 2121 1004 2188 Ep.
1049 2122 1138 2182 712,
1169 2138 1246 2172 re-

255 2196 526 2266 prehendit
565 2197 839 2248 canonicos
881 2195 1244 2263 lugdunenses,

253 2272 389 2342 quod
448 2272 636 2323 festum
693 2270 753 2323 B.
798 2270 1022 2338 Virginis
1062 2272 1112 2322 in
1154 2287 1244 2323 sua

254 2346 470 2400 ecclesia
511 2345 845 2404 instituerint,
883 2352 934 2398 et
957 2362 1055 2397 non
1080 2345 1243 2398 solum

254 2421 519 2488 redarguit
558 2420 794 2481 modum,
837 2436 936 2490 quo
976 2421 1025 2472 id
1066 2420 1242 2472 incon-

254 2495 388 2549 sulta
427 2494 559 2548 Sede
585 2494 876 2564 Apostolica
905 2495 1241 2563 perfecerant,

255 2571 341 2624 sed
383 2571 548 2638 ipsum
590 2584 791 2639 quoque
818 2570 1020 2637 impetit
1055 2568 1245 2622 Conce-

256 2645 440 2714 ptionis
481 2644 699 2706 cultum,
744 2660 802 2697 eo
861 2645 992 2714 quod
1046 2651 1246 2697 careret

254 2720 580 2773 convenienti
622 2719 849 2780 obiect0,
889 2734 1007 2771 nam
1047 2719 1109 2770 de
1136 2720 1244 2786 ipsa

255 2793 597 2862 Conceptione
625 2795 695 2847 ita
726 2793 953 2846 disserit:
984 2813 1006 2840 α
1041 2792 1240 2855 Restat,

257 2876 311 2921 ut
353 2876 464 2937 post
503 2876 811 2937 conceptum
850 2869 902 2920 in
944 2874 1086 2921 utero
1138 2869 1244 2920 exi·

254 2949 395 2996 stens
462 2943 920 2997 sanctificationem
985 2943 1244 3010 accepisse

254 3017 515 3080 credatur,
584 3035 715 3087 quae
773 3018 983 3071 excluso
1035 3025 1244 3085 peccato

254 3099 488 3144 sanctam
526 3092 702 3145 fecerit
740 3093 1093 3152 nativitatem,
1143 3109 1243 3144 non

256 3164 427 3219 tamen
469 3172 519 3217 et
542 3169 945 3234 conceptionem.
978 3186 998 3215 »
1028 3167 1243 3220 Demum

243 3239 307 3294 .S.
336 3239 541 3293 Thomas
569 3237 643 3309 (2)
674 3241 851 3294 scribit
875 3259 888 3292 :
925 3261 952 3291 «
979 3240 1106 3294 Esse
1133 3243 1244 3294 sine

256 3322 494 3386 peccato,
554 3313 739 3365 dicitur
804 3328 933 3368 essc‘
980 3317 1243 3385 proprium

304 3447 352 3492 tl)
373 3449 411 3483 L.
445 3446 478 3483 2.
502 3447 576 3482 Gur
598 3447 696 3481 Deus
719 3447 835 3481 nomo.
871 3456 904 3482 c.
930 3448 983 3483 16.

289 3491 350 3539 (ἱ)
368 3494 425 3528 111
443 3492 543 3528 sent.
580 3492 668 3528 Dist.
695 3490 729 3534 3,
753 3496 820 3526 art.
845 3494 877 3523 2.

664 96 726 136 DE
763 97 858 134 DEO
896 95 947 134 ΙΝ
982 79 1277 135 ΒΕΒΑΤῘΟΝΕ
1291 95 1355 136 m
1391 71 1608 141 MUNDUM
1620 89 1890 138 smc'rsso,

1512 46 1540 55 x

1975 0 1987 14 Ἴ·
2010 0 2089 20 =z⁴'›‘-.‘-
2108 9 2109 14 π
2130 0 2158 19 Ὗ’
2186 4 2190 18 ,¹
2211 0 2234 20 Γ
2276 15 2278 18 ,

1957 20 2002 36 .;
2114 0 2284 53 4035&

2095 64 2098 66 -
2140 81 2173 98 J*
2227 68 2277 105 ΛΖ..
2322 78 2325 79 ’

1313 177 1567 243 Christo,
1592 181 1712 251 quia
1766 195 1894 234 nec·
1908 147 2186 251 originali
2258 237 2302 257 ἱ

1312 252 1503 306 actuali
1531 262 1743 324 peccato
1780 255 1877 308 fuit
1935 263 2208 326 unquam
2223 256 2326 331 τῇ

1317 328 1495 381 fectus,
1532 328 1714 398 Virgo
1737 337 1913 383 autem
1969 329 2148 384 Mater
2188 316 2237 385 ci
2269 333 2303 365 -ῑ

1313 403 1407 456 fuit
1444 402 1662 473 quidem
1687 405 1919 473 originali
1961 412 2193 474 peccato
2219 402 2332 462 ma:

1312 477 1483 539 fecta,
1539 494 1570 531 a
1608 493 1707 548 quo
1746 486 2022 550 antequam
2062 478 2332 543 nascere-:ti

1314 558 1417 614 tur,
1461 553 1556 605 fuit
1593 551 1860 616 mundata,
1903 554 1994 607 sed
2024 554 2089 607 ab
2107 545 2332 617 actuali&

1312 632 1520 695 peccato
1561 628 1656 680 suit
1694 629 1903 696 omnino
1950 629 2214 682 immunis
2268 647 2332 680 »5

1312 701 1451 755 Idem
1492 700 1569 772 (5)
1610 702 1769 755 dicit:
1805 722 1828 752 ιι
1859 697 2208 757 Sanctificatio
2235 703 2332 758 1322*-

1310 775 1534 845 Virginis
1574 792 1675 829 non
1715 784 1883 846 potest
1920 778 2138 846 intelligi
2177 787 2332 833 anto.

1310 851 1698 914 animationem,
1743 868 1839 904 nec
1865 852 2077 905 instanti
2103 852 2298 907 anima-

1313 926 1480 987 tioniS,
1524 926 1613 979 sed
1654 933 1766 996 post
1791 927 2183 992 animationem3
2210 927 2332 982 aliz*

1311 1008 1388 1054 ter
1427 1002 1562 1055 enim
1604 1018 1705 1054 non
1725 1002 2023 1055 incurrisset
2039 998 2301 1056 maculam

1312 1077 1503 1144 peccati
1545 1077 1825 1145 originaliS,
1870 1083 1921 1130 et
1977 1093 2068 1146 per
2123 1091 2298 1130 conse-

1309 1167 1469 1220 quens
1489 1168 1587 1204 non
1616 1153 1915 1218 indiguisset
1947 1151 2298 1221 redemptione

1311 1227 1439 1278 facta
1482 1243 1572 1294 per
1611 1225 1887 1279 Christum.
1924 1246 1950 1275 n

1381 1300 1525 1367 Resp.
1581 1299 1709 1352 Cum
1773 1300 1835 1352 de
1900 1301 1997 1352 fide
2069 1300 2295 1354 nondum

1310 1374 1487 1427 fuisset
1558 1376 1824 1428 definitum
1894 1374 1954 1426 B.
2031 1374 2297 1442 Virginem

1310 1450 1638 1502 immaculate
1688 1454 1989 1518 conceptam
2045 1465 2185 1511 esse,
2245 1457 2299 1503 et

1311 1525 1518 1577 ineunte
1575 1524 1999 1577 scholasticorum
2062 1540 2190 1578 aevo
2233 1525 2307 1578 def

1312 1600 1578 1651 traditione
1618 1607 1669 1652 et
1708 1613 1881 1651 scnsu‘
1906 1598 2155 1652 ecclesiae
2194 1613 2295 1651 non

1309 1676 1430 1726 satis
1470 1680 1754 1735 constaret,
1796 1680 1948 1743 atque
2005 1674 2116 1726 ideo
2179 1681 2330 1747 con-f⁴

1311 1750 1559 1802 troversia
1610 1755 1885 1816 ageretur3
1947 1749 2134 1801 mirum
2193 1764 2332 1806 non.

1309 1831 1417 1884 est,
1465 1826 1599 1877 viros
1639 1823 1933 1885 nonnulIOS,
1977 1823 2207 1876 doctrina
2235 1839 2297 1876 ac

1309 1900 1579 1950 sanctitate
1645 1899 1946 1966 conspicuos
2010 1898 2298 1952 sententiae
2330 1935 2332 1938 .

1310 1972 1365 2024 Β.
1387 1972 1461 2035 V.
1488 1974 1678 2028 Mariae
1719 1974 1815 2025 hoc
1856 1971 2180 2042 privilegium
2207 1975 2321 2025 ne-⁴'

1308 2048 1449 2115 ganti
1512 2048 1821 2100 adhaesisse.
1889 2046 2084 2100 Horum
2122 2054 2298 2101 autem

1309 2122 1586 2175 auctoritas
1628 2130 1769 2175 tanta
1813 2138 1911 2173 non
1953 2129 2048 2183 est,
2094 2128 2151 2175 ut
2214 2138 2297 2176 ar-

1308 2205 1553 2264 gumenta
1594 2214 1683 2266 pro
1723 2198 1976 2249 sententia
2010 2194 2298 2249 affirmante
2331 2200 2332 2203 ’

1309 2272 1463 2324 allata
1504 2288 1754 2324 enervare
1795 2272 1972 2339 possit.
2014 2270 2068 2322 ld
2107 2271 2296 2324 clarius

1308 2347 1593 2414 apparebit,
1662 2348 1701 2399 si
1763 2347 1959 2399 obiecta
2005 2346 2297 2398 testimonia

1309 2421 1604 2490 singillatim
1654 2420 2052 2490 perpendantur.
2118 2417 2169 2486 a)
2233 2417 2290 2473 S.

1307 2493 1566 2548 Anselmus
1606 2498 1761 2548 verba
1800 2494 2035 2563 adlegata
2059 2509 2159 2546 non
2185 2500 2239 2546 ut
2265 2511 2332 2547 a

1307 2585 1381 2629 se,
1425 2570 1513 2622 sed
1555 2576 1612 2621 ut
1648 2586 1678 2622 a
1717 2536 1948 2621 ,essonoso
1952 2584 2043 2620 suo
2076 2568 2296 2620 collocu-
2323 2586 2332 2627 *3

1308 2650 1416 2696 tore
1456 2651 1507 2696 et
1546 2643 1815 2712 discipule,
1859 2644 1910 2694 in
1950 2658 2068 2694 eum
2085 2642 2332 2714 modum,-

1308 2719 1596 2788 inquirente
1637 2724 1687 2770 et
1732 2723 2127 2802 argumentante
2185 2706 2332 2806 pro-ff

1308 2793 1411 2846 lata
1451 2793 1640 2857 refert3
1685 2800 1736 2845 et
1775 2793 2010 2862 quamvis
2051 2794 2157 2860 ipse
2214 2807 2316 2846 reb«

1307 2868 1602 2935 spondendo
1632 2867 1787 2920 verba
1817 2866 1903 2918 illa
1926 2882 2027 2919 non
2055 2867 2329 2935 corrigat-z:

1309 2959 1406 2995 non
1450 2943 1561 2995 ideo
1602 2949 1774 2996 tamen
1815 2957 1876 2994 ea
1914 2940 2182 3024 adprobat,
2201 2940 2293 2994 ‘sed
2318 2966 2330 3004 ς

1308 3018 1688 3088 praetermittit,
1741 3023 1849 3069 tum
1909 3016 2047 3084 quia,
2099 3017 2318 3082 scopus

1307 3099 1418 3144 erat
1455 3091 1742 3153 ostendere,
1786 3089 2046 3146 Christum
2084 3086 2147 3141 ab

1305 3165 1462 3234 ginali
1527 3172 1735 3233 peccato
1796 3165 2077 3217 immunem
2139 3177 2255 3215 esse

1305 3241 1652 3310 quamtumvis
1679 3239 1833 3292 etiam
1870 3231 1933 3290 de
1961 3242 2124 3289 matre

1306 3315 1494 3368 catrice
1533 3321 1816 3367 concentuss
1846 3312 2003 3376 toret,
2033 3318 2143 3366 tum
2169 3325 2222 3382 q
2254 3302 2297 3354 ³2⁴³*

1348 3490 1397 3534 (3)
1425 3489 1458 3532 3,
1483 3498 1506 3534 q
1544 3489 1602 3532 ⁶27,
1626 3495 1691 3528 art,
1722 3486 1753 3526 Ξ.
1792 3507 1794 3510 v
