2332 3860
303 259 422 324 Dei,

297 337 450 396 etiam
502 342 706 394 nomina
745 341 1106 399 attributorum
1155 340 1282 393 divi-

297 426 518 475 norum,
578 416 709 468 siin
758 416 1039 469 masculino
1095 430 1281 482 genere

295 485 660 551 adhibeantur,
702 489 1029 559 aequivalent
1068 490 1281 542 nomini-

294 558 391 613 bus
430 564 700 627 concretiS,
745 572 796 617 et
823 566 982 633 ipsam
1011 580 1279 633 personam

290 634 617 704 significant3
671 605 807 697 uude
858 645 995 691 recte
1048 639 1274 690 dicitur.

291 708 527 763 AEternus
545 713 702 780 faetus
715 721 782 765 est
801 713 852 765 in
869 721 1095 781 tempore3
1111 712 1278 765 Omni-

288 791 450 851 polens
498 785 673 853 liqatus
723 796 790 839 εει
831 788 1030 855 funibus
1079 795 1179 840 etc.
1233 786 1276 840 A

291 864 473 911 natura
496 858 721 913 humana
749 861 1046 914 derivantur
1074 865 1275 914 nomina

290 940 548 986 concreta.
594 934 749 997 homo,
792 936 923 1005 filaus
961 936 1188 999 hominis,
1223 938 1277 1005 fi·

290 1004 385 1058 ltus
419 1007 614 1061 Mariae
653 1015 751 1061 etc.
797 1010 1128 1078 proprietates
1154 1027 1274 1079 quo-

288 1095 385 1148 que
426 1089 638 1136 naturae
686 1083 940 1136 humanae
988 1086 1057 1138 ita
1108 1086 1274 1137 subie-

287 1155 421 1208 ctive
459 1158 714 1210 enuntiari
750 1165 987 1227 possunt,
1031 1165 1086 1212 ut
1111 1160 1271 1228 ipsam

287 1242 571 1297 personam,
593 1234 640 1284 in
671 1249 768 1301 qua
798 1233 924 1286 baec
948 1240 1127 1285 natura
1155 1235 1271 1286 sub-

285 1303 435 1366 sistit,
456 1305 743 1375 designent,
777 1314 827 1360 et
853 1309 1269 1360 communicatio·

285 1391 401 1433 nem
442 1380 737 1438 idiomatum
765 1389 957 1434 rectam
997 1389 1046 1435 et
1082 1382 1269 1434 licitam

285 1452 517 1507 reddant.
554 1454 868 1525 Quapropter
894 1456 1169 1509 orthodoxe
1197 1457 1270 1508 di-

283 1527 435 1582 citur:
478 1529 702 1584 Nascens
728 1531 780 1584 in
820 1540 1022 1599 tempore
1054 1540 1120 1582 εει
1156 1531 1269 1584 Ver·

282 1599 392 1654 bam
437 1612 685 1657 aeternum
698 1623 712 1670 3
756 1621 967 1658 crescens
1013 1613 1163 1657 αειαιε
1202 1614 1267 1657 εει

279 1675 408 1729 Deus
435 1678 775 1742 immutabilis;
802 1689 1022 1733 mortuus
1050 1681 1101 1732 in
1128 1696 1266 1733 cruce

277 1759 345 1803 est
377 1753 579 1806 Creator
622 1753 843 1807 Universa·
871 1763 967 1807 etc.

350 1827 400 1878 2.
458 1827 674 1881 Nomina
732 1830 990 1882 abstracta
1050 1836 1263 1882 naturae

275 1898 476 1953 divinae
516 1903 578 1955 de
619 1919 831 1971 persona
860 1903 1033 1962 Verbi,
1077 1920 1165 1955 scu
1202 1904 1263 1956 de

275 1972 473 2028 Christo
493 1977 711 2030 identice
733 1977 1009 2045 praedicari
1033 1985 1260 2046 possunt,

274 2063 373 2101 non
413 2058 586 2104 autem
614 2052 870 2104 abstracta
912 2058 1127 2103 naturae
1167 2052 1261 2104 hu-

271 2139 492 2190 manae3
536 2127 653 2195 quia
693 2127 862 2179 omnia
902 2126 1147 2179 attributa
1188 2126 1260 2178 di-

271 2199 391 2251 vina
431 2207 552 2253 sunt
591 2202 695 2269 ipsa
730 2201 950 2252 essentia
991 2201 1180 2267 divina,
1210 2207 1260 2253 et

270 2273 423 2326 etiam
465 2291 680 2343 persona
709 2275 879 2327 divina
922 2282 998 2327 est
1038 2275 1258 2326 essentia

268 2346 470 2401 divina:
515 2366 635 2418 ergo
693 2348 915 2403 Persona
971 2348 1123 2403 Verbi
1181 2356 1257 2402 est

266 2422 385 2490 quid
413 2424 547 2476 idem
575 2424 793 2476 identice
826 2431 877 2477 et
908 2423 1113 2475 realiter
1140 2438 1255 2475 cum

269 2504 451 2550 natura
491 2498 682 2557 divina,
718 2515 815 2551 non
847 2514 967 2550 vero
1006 2512 1122 2549 cum
1169 2513 1256 2548 na-

270 2576 381 2624 tura
424 2573 672 2625 humana:
700 2572 824 2625 haec
852 2573 986 2624 enim
1017 2572 1256 2640 hyposta-

269 2646 364 2699 tice
403 2648 606 2715 quidem
634 2663 749 2699 cuin
781 2646 945 2701 Verbo
974 2647 1116 2697 unita
1146 2645 1255 2711 suit,

266 2720 354 2772 sed
396 2727 568 2774 tamen
610 2722 873 2774 inconfusa
913 2735 1126 2772 manens
1156 2734 1253 2770 non

267 2801 344 2847 est
382 2795 513 2849 sacta
555 2811 714 2848 unum
754 2801 805 2847 et
851 2794 985 2846 idem
1025 2808 1141 2845 cum
1182 2792 1254 2843 di-

266 2869 498 2923 vinitate.
559 2870 899 2933 Quamobrem
960 2874 1099 2920 recte
1158 2866 1252 2917 dici

268 2950 450 3010 potest:
492 2942 708 2997 Persona
765 2942 904 2995 Verbi
941 2949 1008 2993 εει
1063 2940 1255 2992 Divini-

195 3033 198 3036 ·
269 3024 364 3078 ιαε,·
406 3018 629 3071 Christus
667 3026 735 3071 est
774 3013 1148 3084 Omnipotentia‚
1181 3013 1256 3065 bo-

265 3091 395 3142 nitas
420 3132 433 3151 ,
476 3092 816 3145 misericordia
857 3099 983 3153 etc.;
1025 3088 1114 3140 sed
1153 3103 1251 3139 non

268 3171 434 3232 potest
472 3165 588 3217 dici:
636 3167 854 3219 Persona
899 3162 1039 3217 Verbi
1076 3170 1142 3214 εει
1169 3161 1258 3213 hu-

269 3238 502 3301 ηιαηιιαες
529 3237 753 3292 Christus
773 3248 841 3291 εει
860 3237 1130 3290 mortalitas
1158 3241 1254 3287 etc.

344 3313 395 3367 3.
413 3311 680 3365 Abstracta
696 3321 996 3366 naturarum
1015 3317 1065 3363 et
1078 3324 1256 3363 earum

271 3387 636 3457 proprietatum
655 3403 751 3439 non
770 3393 980 3454 possunt
999 3385 1062 3438 de
1082 3399 1136 3437 se
1150 3398 1259 3435 mu-

272 3469 360 3515 tuo
398 3460 694 3544 praedicari.
734 3460 906 3521 Ratio,
935 3459 1169 3527 superius
1188 3455 1260 3509 al-

272 3535 396 3604 lata,
421 3542 515 3603 est,
531 3535 647 3605 quia
671 3540 882 3588 naturae
901 3534 1040 3602 ipsae
1058 3533 1190 3586 sicut
1208 3536 1259 3583 et

709 185 771 221 na
809 185 901 222 neo
941 185 1078 223 tarsi
1115 184 1303 223 numam
1341 184 1542 224 cananis
1578 186 1912 224 nannum-ona.

469 262 750 335 Uniqenitus
799 264 968 319 Patris
1022 274 1123 320 etc.
1178 264 1283 319 Imo
1343 282 1520 320 earum
1540 268 1874 337 proprietates
1911 274 2032 321 sunt
2057 265 2327 329 distinctae

1345 340 1568 404 realiter,
1592 349 1642 395 et
1663 342 1774 396 ideo
1795 343 1845 394 in
1880 342 2136 396 abstracto
2164 358 2327 397 enun-

1345 416 1497 468 tiatae
1523 423 1783 486 nequeunt
1803 416 1865 470 de
1893 431 1947 469 se
1978 423 2158 469 mutuo
2186 433 2325 486 prae·

1342 489 1524 552 dicari,
1567 491 1684 559 quia
1739 490 1867 544 tates
1925 490 2325 559 praedicationes

1339 563 1712 631 significarent,
1753 580 1910 619 unam
1949 563 2132 617 Christi
2173 572 2323 619 natu-

1340 653 1449 690 ram
1507 654 1619 691 esse
1675 640 1726 691 in
1788 639 1941 695 aliam
1998 654 2318 694 conversam.

1339 712 1580 774 Quamvis
1618 728 1739 781 ergo
1779 719 1915 766 recte
1955 712 2158 765 dicitur:
2195 713 2322 767 Deus

1338 795 1403 837 est
1443 787 1580 839 homo
1603 805 1619 851 3
1665 803 1762 840 non
1813 788 1936 840 item
1973 787 2142 839 dicere
2181 788 2319 841 licet:

1336 860 1563 914 divinitas
1581 870 1649 913 εει
1668 860 1963 924 humanitem
1983 877 2168 931 neque:
2197 861 2322 915 Deus

1335 943 1401 987 εει
1429 935 1732 998 humanitas,
1765 935 1875 987 vet:
1920 935 2056 987 honio
2093 943 2160 987 est
2197 936 2322 988 divi-

1335 1013 1480 1061 ηίιαε.
1526 1010 1714 1066 Eodem
1754 1009 1902 1061 modo
1940 1010 2031 1061 etsi
2075 1016 2211 1062 recte
2251 1009 2322 1062 di-

1335 1099 1484 1139 cam:
1528 1083 1764 1136 AEterrtus
1801 1084 1956 1152 factus
1994 1091 2059 1135 εει
2110 1083 2166 1135 in
2205 1090 2320 1135 tem-

1331 1174 1471 1225 pore,·
1517 1159 1777 1211 immensus
1803 1157 1983 1227 pannis
2022 1157 2316 1221 involvitur3

1336 1232 1466 1284 haud
1509 1239 1645 1285 recte
1685 1239 1855 1285 tamen
1898 1233 2196 1300 pronuncio:
2225 1230 2316 1284 AE·

1334 1307 1538 1359 cernitas
1562 1308 1690 1373 facta
1727 1315 1796 1359 εει
1833 1306 1886 1358 in
1925 1313 2168 1372 tempore3
2213 1305 2314 1357 vel:

1331 1381 1632 1433 Inmtensitas
1682 1381 1864 1447 pannis
1896 1379 2174 1432 involvitur.
2223 1378 2320 1431 Na-

1331 1461 1444 1507 tura
1485 1456 1619 1509 enim
1661 1454 1832 1507 divina
1863 1469 1961 1506 non
1991 1453 2122 1505 facta
2161 1453 2315 1505 estin

1333 1536 1578 1597 tempore,
1611 1543 1704 1581 nec
1743 1527 1938 1581 reddita
1977 1534 2055 1580 est
2099 1527 2318 1579 circum-

1328 1604 1546 1672 scripta,
1589 1604 1737 1656 sicuti
1780 1618 1943 1671 neque
1996 1608 2178 1655 natura
2218 1601 2314 1653 hu-

1330 1694 1479 1730 mana
1532 1679 1664 1731 facta
1724 1684 1801 1730 est
1858 1683 2069 1730 aeterna
2118 1683 2169 1729 et
2221 1676 2315 1728 im-

1329 1769 1521 1805 mensa.
1577 1751 1700 1804 Illae
1739 1767 1860 1819 ergo
1911 1750 2313 1819 praedicationes

1327 1827 1566 1879 vitandae
1616 1833 1765 1888 sunt,
1824 1841 1954 1894 quae
2012 1831 2314 1877 naturarum

1328 1902 1717 1969 permixtionem
1743 1916 1834 1954 seu
1861 1899 2210 1952 confusionem
2247 1899 2313 1950 si·

1323 1976 1588 2043 gnificant.

1397 2053 1448 2103 li.
1493 2049 1633 2112 Quod
1676 2048 1881 2101 nomina
1919 2046 2149 2100 adiectiva
2195 2045 2313 2098 atti-

1321 2132 1444 2185 net,
1489 2122 1847 2190 distinguenda
1886 2131 2007 2174 sunt
2046 2137 2135 2182 ea,
2179 2135 2310 2188 quae

1321 2199 1621 2251 derivantur
1643 2213 1670 2249 a
1699 2197 1950 2249 concretis
1977 2194 2310 2248 substantivis

1322 2280 1559 2325 naturam
1588 2270 2010 2339 significantibuS,
2029 2277 2181 2338 atque
2202 2267 2308 2335 illa,

1320 2363 1450 2416 quae
1504 2346 1792 2413 significant
1835 2346 2174 2419 proprietates
2220 2357 2308 2393 na-

1322 2429 1466 2473 tutae
1507 2421 1708 2472 divinae
1747 2427 1838 2471 aut
1875 2419 2149 2470 humanae.
2193 2415 2303 2476 Sic,

1322 2503 1374 2547 ut
1417 2495 1596 2563 prioris
1634 2494 1836 2560 generis
1874 2491 2110 2558 exempla
2148 2489 2306 2541 addu-

1319 2585 1516 2629 camuS,
1560 2584 1621 2619 ex
1661 2566 1910 2619 concretis
1949 2565 2301 2625 substantiviS,

1317 2633 1466 2702 Βειιε,
1497 2641 1752 2701 Dominus,
1785 2640 1922 2690 homo
1944 2646 2042 2691 etc.
2075 2638 2307 2691 derivan-

1319 2724 1401 2768 tui
1439 2715 1709 2767 adiectiva:
1752 2713 1968 2775 divinae,
2011 2713 2310 2778 dominicus,

1318 2790 1576 2842 humanus,
1615 2787 1752 2840 Haec
1777 2787 2026 2839 adiectiva
2068 2802 2165 2839 non
2194 2803 2318 2855 pos·

1316 2871 1436 2917 sunt
1475 2863 1536 2915 de
1564 2861 1761 2915 Christo
1796 2860 2095 2928 praedicari,
2137 2867 2226 2912 aut
2252 2861 2332 2940 in33

1316 2937 1774 2990 communicatione
1790 2935 2085 2987 idiomatum
2102 2937 2175 2987 uti
2189 2911 2332 2998 con-4}

1317 3019 1456 3065 creta
1482 3011 1802 3064 substantiva
1837 3009 2084 3062 adhiberi.
2119 3006 2332 3081 Quam-r·

1318 3102 1469 3153 quam
1509 3086 1662 3153 igitur
1726 3084 2004 3135 rectissime
2061 3081 2260 3134 dicatur
2283 3049 2332 3154 Q

1317 3159 1542 3211 Christus
1598 3166 1665 3210 εει
1702 3157 1833 3209 Deus
1884 3166 1928 3210 et
1965 3155 2102 3208 homo
2123 3172 2139 3219 3
2200 3170 2265 3208 no

1319 3241 1488 3288 tamen
1543 3233 1711 3284 dicere
1759 3231 1907 3284 licet:
1959 3227 2184 3281 Christus
2231 3244 2281 3280 es

1318 3307 1447 3358 Deus
1486 3306 1767 3367 humanus,
1815 3304 1898 3357 vel
1934 3311 2001 3355 εει
2039 3301 2176 3355 homo
2226 3301 2257 3354 d
2291 3344 2294 3346 .

1318 3381 1554 3442 miniates,
1596 3380 1868 3449 deificatae,
1911 3376 2064 3444 deifer
2102 3382 2202 3429 etc.
2266 3415 2289 3426 -
