2332 3860
23 158 214 237 Filius
254 176 333 235 cst
386 166 604 236 Spiritus
659 164 934 233 Sancti.»
975 163 1032 223 S

27 241 604 315 13Th0mas(l)clarius
642 238 898 308 explicat,
950 256 1039 293 cur

33 308 282 385 g2Cli13stus
319 314 477 369 Filius
510 313 728 383 Spiritus
755 313 928 366 Sancti
967 313 1041 366 di-

29 392 247 458 “'cendus
282 405 383 443 non
434 391 517 442 sit.
572 386 649 440 Ad
692 403 867 440 veram
906 388 1041 440 enim

58 462 110 526 et
123 465 419 536 perfectam
452 463 836 531 generationem
877 461 1042 530 requi-

56 540 205 601 titur,
248 545 304 591 ut
330 537 533 606 genitus
563 536 801 605 procedat
828 552 894 588 ex
926 535 1040 588 sub-

50 611 241 669 stantia
278 612 572 679 generantis
623 616 673 662 et
711 611 761 662 in
810 609 1042 662 similitu·

61 683 226 741 dinem
277 686 589 751 generantis.
650 683 750 737 Sed
811 683 1042 736 Christus

34 762 263 815 'carnem
291 759 564 827 assumpsit
593 775 692 811 non
722 774 786 810 ex
813 757 1046 810 substan·

58 830 138 902 tia!
167 833 381 902 Spiritus
426 832 632 891 Sancti,
676 831 764 884 sed
823 847 886 882 cx
927 830 1043 882 sub-

61 909 244 962 stantia
283 905 458 958 Matris
484 905 548 960 V.
578 905 672 967 M,
699 913 750 957 et
791 912 940 957 natus
969 911 1046 956 est

62 987 160 1036 n'on
199 982 250 1034 in
279 981 658 1033 similitudinem
681 979 897 1047 Spiritus
919 977 1045 1030 San-

63 1057 149 1118 cti,
190 1055 278 1108 sed
337 1056 386 1106 in
446 1053 830 1106 similitudinem
889 1052 1045 1104 homi·

63 1146 204 1184 num.
249 1129 489 1192 Quamvis
518 1145 638 1195 ergo
679 1127 910 1179 Christus
953 1127 1048 1177 vir-

63 1210 169 1257 tute
207 1203 424 1271 Spiritus
451 1202 620 1254 Sancti
645 1208 920 1269 conceptus
946 1201 1049 1252 iue-

62 1279 166 1339 rit,
210 1277 562 1329 deficientibus
602 1282 770 1328 tamen
816 1291 1050 1327 necessa-

63 1352 150 1405 riis
212 1351 275 1403 ad
335 1350 609 1420 perfectam
667 1351 1050 1418 generationem

64 1421 337 1494 requisitis,
383 1441 544 1492 neque
568 1422 822 1477 Christum
867 1423 1049 1475 Filium

55 1496 281 1567 ‘Spiritus
330 1498 541 1559 Sancti,
586 1515 749 1567 neque
807 1498 1051 1565 Spiritum

63 1572 308 1627 Sanctum
351 1563 551 1625 Patrem
581 1571 726 1624 Chris
732 1573 767 1624 ti
794 1573 1052 1639 appellare

67 1647 204 1700 licet.
249 1646 387 1699 Haec
426 1654 503 1699 est
542 1646 770 1699 doctrina
822 1645 880 1701 S.
935 1646 1053 1700 Tho-

66 1737 170 1774 mae
199 1719 295 1791 (Ξ);
344 1740 369 1769 (ι
412 1719 642 1773 Christus
675 1727 952 1789 conceptus
979 1726 1055 1772 est

63 1795 131 1848 de
168 1794 327 1847 Maria
362 1794 572 1863 Virgine
603 1796 867 1848 miteriam
907 1795 1056 1846 mini-

68 1875 264 1922 strante
304 1869 354 1920 in
395 1869 779 1923 similitudinem
833 1869 1052 1938 speciei3

71 1951 121 1997 et
159 1943 270 1996 ideo
310 1943 493 1996 dicitur
531 1942 690 1996 Filius
731 1944 858 1996 eius,
914 1942 1056 1995 Chri-

71 2024 181 2071 stus
219 2024 392 2070 autem
431 2018 713 2070 secundum
754 2017 884 2087 quod
907 2017 1057 2070 homo

73 2099 349 2161 conceptus
412 2099 489 2144 est
541 2092 603 2144 de
641 2092 831 2160 Spiritu
870 2091 1059 2144 Sancto

71 2166 203 2218 sicut
243 2166 305 2217 de
343 2168 509 2219 activo
547 2167 809 2235 principi0‚
851 2183 948 2219 non
992 2173 1062 2218 ta·

74 2254 190 2292 men
223 2240 503 2292 secundum
531 2240 915 2294 similitudinem
952 2257 1063 2309 spe-

73 2314 187 2376 ciei,
231 2314 363 2366 sicut
389 2313 539 2367 homo
569 2315 795 2367 nascitur
823 2315 882 2366 de
921 2322 1061 2381 patre

74 2404 187 2444 suo:
230 2395 280 2440 et
319 2388 430 2440 ideo
469 2387 700 2441 Christus
739 2405 838 2442 non
879 2388 1064 2442 dicitur

77 2459 235 2515 Filius
273 2461 492 2532 Spiritus
530 2462 726 2516 Sancti.

467 2634 506 2694 ς
536 2635 676 2681 234.

175 2731 228 2768 An
251 2730 408 2766 Persona
431 2731 560 2766 curisti
583 2736 666 2774 post
689 2730 976 2767 incarnationem

426 2790 474 2824 sit
495 2790 722 2834 composita?

159 2901 235 2956 Ad
286 2902 420 2955 hanc
477 2903 826 2972 quaestionem
871 2903 1072 2957 solven-

85 2977 223 3039 dam,
254 2976 444 3045 duplex
471 2978 765 3045 compositio
794 2984 870 3031 est
902 2979 1076 3031 distin-

85 3050 308 3119 guenda:
352 3066 484 3112 una,
527 3051 577 3102 in
618 3067 717 3120 qua
756 3060 928 3120 partes
968 3070 1078 3122 pro·

86 3125 195 3192 prie
233 3124 398 3177 dictae
439 3131 615 3177 mutuo
654 3141 708 3178 se
747 3124 993 3193 afficiunt,
1027 3135 1078 3180 et

87 3198 139 3250 in
179 3199 331 3251 unius
358 3205 574 3251 naturae
603 3215 701 3252 non
733 3202 900 3253 minus
922 3218 1076 3270 quam

88 3273 330 3340 suppositi
370 3272 689 3326 effectionem
727 3283 1042 3330 concurrunt

153 3399 192 3490 Β
208 3399 242 3490 13
257 3402 479 3484 {ungat-¹32,
503 3408 572 3440 art.
597 3402 631 3441 3.

655 86 772 124 PARS
809 86 880 123 111.
923 85 1087 124 sEcrto
1126 86 1160 122 l
1205 84 1355 122 CAPUT
1389 84 1446 122 11.

1907 67 2018 126 1ι65,

1099 163 1382 219 cuiusmodi
1422 169 1500 216 cst
1539 162 1835 232 compositio
1886 164 2087 226 animae

1101 246 1152 293 et
1190 237 1434 309 corporis3
1464 253 1596 307 quae
1621 244 1742 291 sunt
1781 244 1950 306 partes
1982 252 2090 290 mu-

1102 320 1189 366 tuo
1226 328 1281 366 se
1328 311 1651 381 perficientes
1708 315 1759 364 et
1819 326 2088 380 personam

1103 386 1321 440 hominis
1358 386 1747 439 constituentes
1791 383 1928 437 Talis
1954 400 2092 437 com-

1103 462 1282 529 positio
1319 475 1349 512 a
1381 458 1698 512 scholasticis
1738 465 1946 511 vocatur
1972 474 2093 511 com-

1096 535 1273 606 positio
1300 551 1360 587 ex
1398 533 1493 595 Ιιὶε,
1520 532 1600 584 vel
1635 548 1727 601 per
1762 533 1959 584 modum
1974 547 2094 601 par·

1106 612 1251 671 tium3
1290 609 1356 662 ab
1394 607 1508 660 aliis
1549 605 1625 678 (5)
1665 605 1899 668 absoluta,
1943 622 1972 658 a
2013 605 2095 658 Pe-

1106 684 1228 736 tao-io
1269 680 1345 751 (lt)
1386 680 1620 741 interior,
1676 696 1765 733 seu
1807 680 2090 733 intrinseca.

1106 755 1218 809 Alia
1257 762 1335 808 est
1373 755 1668 822 compositio
1695 796 1707 816 ,

1106 846 1161 883 se
1188 837 1365 882 mutuo
1396 829 1665 897 perficiunt
1695 828 1800 890 illa,
1832 844 1962 898 quae
1984 828 2095 880 iun-

1107 910 1316 971 guntur,
1362 919 1455 956 nec
1494 903 1683 973 aliquid
1713 919 1741 954 a
1781 918 1835 955 se
1877 903 2097 955 invicem

1107 979 1400 1046 accipiunt,

1108 1053 1276 1112 mod0‚
1302 1051 1433 1122 quod
1460 1059 1780 1118 assumptum
1808 1058 1883 1104 est
1905 1067 1934 1104 a
1963 1067 2102 1119 prae-

1109 1128 1373 1187 stantiore,
1418 1126 1619 1178 fovetur
1652 1126 1717 1178 ab
1757 1142 1815 1179 eo
1855 1141 1916 1179 ac
1955 1125 2103 1194 perfi-

1109 1202 1260 1263 citur,
1305 1207 1364 1253 ut
1401 1216 1518 1253 cum
1546 1201 1608 1252 ad
1639 1200 1976 1253 substantiam
2012 1199 2102 1253 ali·

1110 1290 1264 1344 quam
1302 1275 1403 1327 iam
1444 1274 1771 1342 completam,
1814 1274 2101 1328 absolutam

1112 1357 1161 1401 et
1189 1366 1277 1418 per
1305 1366 1357 1401 se
1386 1349 1748 1402 subsistentem
1777 1349 1989 1402 alterius
2017 1364 2104 1401 na-

1112 1430 1257 1476 turae
1305 1424 1446 1493 quasi
1509 1423 1700 1475 formae
1742 1423 1798 1476 fit
1847 1423 2070 1476 accessio
2086 1440 2103 1487 3

1113 1499 1258 1550 cuius
1297 1499 1369 1550 rei
1411 1498 1499 1550 vix
1538 1498 1896 1551 communibus
1943 1504 1994 1550 et
2032 1513 2110 1550 or·

1114 1573 1324 1624 dinariis
1364 1588 1429 1624 ex
1470 1572 1622 1624 rebus
1661 1580 1780 1640 apta
1830 1571 2108 1625 similitudo

1763 755 1813 807 in
1854 770 1954 823 qua
1996 770 2094 806 non

1458 977 1545 1030 sed
1604 978 1825 1030 alterum
1874 983 2099 1030 tantum-

1118 1647 1380 1699 transserri
1423 1653 1607 1714 potest,
1651 1648 1769 1716 quia
1809 1646 1951 1699 nulla
2004 1653 2111 1699 tam

1116 1723 1303 1789 exigua
1332 1737 1413 1773 res
1441 1728 1519 1773 est
1558 1728 1609 1774 et
1635 1727 1948 1789 contempta,
1980 1735 2111 1790 quae

1118 1812 1217 1847 non
1258 1796 1550 1848 accessione
1590 1796 1666 1847 sui
1709 1795 1988 1864 quamlibet
2032 1807 2115 1863 po-

1119 1871 1299 1922 tiorem
1338 1869 1554 1921 alteram
1583 1886 1784 1939 quoquo
1825 1869 1973 1922 modo
2002 1884 2114 1937 per-

1120 1944 1275 2008 ficiat3
1318 1943 1405 1996 sed
1449 1943 1585 1996 lucet
1623 1943 1797 2014 aliqua
1837 1949 2009 1996 tamen
2057 1942 2115 1995 il·

1122 2018 1218 2071 lius
1257 2019 1518 2086 expressio
1558 2018 1608 2070 in
1632 2034 1691 2070 ea
1731 2019 2115 2087 compositione,

1121 2108 1249 2161 quae
1272 2109 1337 2145 ex
1358 2093 1642 2145 substantia
1680 2092 1736 2144 fit
1754 2100 1805 2146 et
1826 2092 2112 2145 accidente.

1125 2167 1258 2219 Haec
1280 2168 1575 2235 compositio
1596 2183 1626 2219 a
1649 2167 1968 2220 scholasticis
1990 2182 2117 2219 nun-

1124 2248 1340 2309 cupatur
1366 2241 1641 2309 compositio
1661 2257 1772 2294 cum
1801 2241 1896 2302 hia,
1926 2240 2008 2294 vel
2031 2255 2120 2310 per

1124 2316 1319 2368 modum
1347 2315 1560 2375 numer-i,
1591 2315 1655 2367 ab
1694 2315 1805 2367 aliis
1833 2315 2058 2385 simplex,
2089 2330 2120 2366 a

1128 2390 1334 2442 Petavio
1373 2390 1606 2450 exterior,
1640 2408 1666 2437 «
1698 2391 1816 2458 quia
1855 2406 1955 2442 non
1996 2390 2123 2442 int-e-

1129 2465 1313 2516 riorem
1342 2463 1681 2515 substantiam
1712 2461 1886 2523 afficit,
1916 2463 2005 2516 sed
2034 2479 2122 2515 ex·

1129 2539 1381 2591 trinsecus
1440 2537 1707 2605 superfusa
1772 2538 1916 2590 velut
1980 2536 2124 2589 illam

1129 2612 1322 2664 colorat
1360 2618 1412 2663 et
1452 2610 1635 2663 leviter
1661 2612 1860 2664 imbuit.
1899 2610 2126 2664 »-Po-

1131 2687 1224 2738 sita
1249 2686 1344 2738 hac
1371 2685 1717 2746 distinctione,
1743 2686 2030 2739 communis
2050 2690 2127 2738 est

1133 2760 1486 2826 theologorum
1528 2762 1789 2828 responsio
1819 2801 1833 2821 ,
1882 2760 2128 2827 composi-

1134 2836 1326 2888 tionem
1346 2835 1563 2903 priorem
1593 2834 1889 2887 nullatenus
1917 2835 1968 2887 in
1990 2831 2129 2887 Chri-

1134 2910 1198 2962 sti
1265 2924 1480 2977 persona
1542 2908 1720 2960 adesse
1744 2926 1760 2972 3
1817 2909 2127 2977 posteriorem

1138 2999 1258 3035 vero
1280 2983 1340 3034 de
1364 2998 1579 3051 persona
1603 2980 1791 3035 Christi
1819 2991 1958 3037 recte
1988 2998 2131 3051 prae·

1138 3057 1316 3109 dicari.
1345 3085 1417 3094 —
1456 3055 1613 3115 Sane,
1658 3072 1903 3124 personae
1944 3055 2130 3110 Christi

1139 3129 1436 3183 nullatenus
1475 3130 1686 3183 attribui
1727 3136 1891 3200 potest
1929 3147 2133 3199 compo·

1140 3205 1275 3265 sitio,
1307 3220 1438 3273 quae
1467 3204 1523 3255 fit
1553 3220 1640 3271 per
1659 3205 1866 3258 modum
1889 3206 2130 3274 partium:

1062 3318 1074 3340 ,
1114 3277 1238 3331 hac
1277 3279 1412 3330 enim
1453 3276 1694 3342 admissa,
1726 3279 2001 3342 DivinitaS,
2045 3293 2133 3332 seu

1189 3405 1241 3450 (3)
1265 3406 1303 3441 V
1325 3407 1479 3443 Antoine
1503 3408 1547 3442 de
1570 3408 1713 3443 Incarn.
1740 3417 1816 3452 cap.
1830 3407 1866 3450 3,
1885 3414 1951 3443 art.
1966 3408 1998 3444 4.

1193 3451 1243 3497 (ί)
1269 3453 1318 3488 Dc
1343 3453 1485 3488 incarn.
1511 3453 1574 3491 lib.
1603 3454 1633 3508 3.
1658 3462 1736 3502 cap
1764 3454 1820 3499 15
1845 3463 1879 3488 ιι
1910 3452 1963 3490 lll-
