2332 3860
16 0 167 160 35³?

28 99 83 138 ,2

670 131 789 170 PARS
825 132 899 170 111.
941 131 1106 170 SECUO
1145 133 1180 171 Ι.
1223 131 1402 172 CAPUT-
1399 132 1450 171 -.1

18 218 28 231 '
72 215 300 288 reposuit
354 166 554 279 Angeia
615 211 709 269 sibi
771 211 1058 273 nuntianti,

21 291 43 353 j
73 289 210 361 quod
245 286 407 346 fitium
446 292 761 354 conceptura
797 292 867 339 et
931 287 1064 354 pari-

28 366 197 427 Ctura
232 360 318 422 sit,
361 361 451 413 ait
472 361 647 412 enim:
691 358 942 423 Quomodo
987 361 1066 429 fiet

75 436 222 498 istud,
269 434 501 503 quoniam
542 433 703 486 virum
753 450 854 485 non
897 449 1067 502 eoquo-

75 506 316 580 sco?(t):
345 509 529 577 quibus
568 509 737 560 verbis
760 508 913 574 Virgo
953 523 1067 559 san-

77 581 612 649 ctissima-significat,
644 583 1065 650 impedimentum

77 673 132 722 se
170 656 379 716 babere,
421 657 696 724 quominus
737 655 899 707 filium
950 670 1070 707 con—

77 731 243 798 cipere
281 736 332 783 et
389 746 568 798 parere
623 731 797 798 possit.
854 729 1070 796 Impedi-

30 851 32 853 .
76 811 306 859 mentum
370 812 544 856 autem
607 804 733 855 illud
785 819 883 855 non
930 803 1069 855 aliud

80 895 189 932 esse
231 878 413 946 potuit,
457 894 611 946 quam
653 884 926 946 perpetuae
977 877 1070 928 vir

79 952 308 1021 ginitatis
381 959 560 1004 votum
631 953 730 1004 iam
802 952 1067 1004 emissum

78 1027 171 1081 lna
211 1027 349 1079 enim
391 1027 581 1078 verba:
626 1027 785 1078 virum
838 1042 934 1078 non
998 1040 1071 1077 co-

59 1116 282 1171 pposco,
339 1113 438 1151 non
481 1100 775 1166 significant
815 1115 828 1151 ε
883 1100 985 1152 iam
1024 1115 1075 1151 a·

82 1181 166 1228 ctu
209 1191 309 1228 non
349 1190 621 1241 cognosc03
664 1173 753 1226 sed
805 1190 903 1225 non
958 1174 1075 1225 licet

80 1248 203 1303 mihi
269 1264 610 1315 cognoscere:
680 1249 904 1316 alioquin
968 1249 1074 1299 ine-

82 1323 311 1393 ptissima
351 1323 684 1390 interrogatio
726 1323 923 1384 fuisset,
954 1337 1072 1374 cum

81 1398 254 1450 statim
296 1397 542 1465 potuisset
582 1397 917 1465 responderi:
982 1398 1073 1448 etsi

81 1478 217 1524 nunc
256 1487 357 1524 non
398 1471 683 1535 cognosciS‚
731 1478 900 1524 tamen
926 1471 1076 1540 paulo

42 1550 196 1614 'post
234 1561 532 1612 cognosces,
593 1544 751 1598 Sicuti
805 1561 927 1612 ergo
990 1546 1077 1598 ab·

82 1621 296 1673 stemius
336 1619 490 1672 dicit:
548 1635 646 1672 non
709 1620 823 1672 bibo
874 1621 1073 1676 vinum,

86 1694 122 1746 i.
167 1709 214 1747 e.
261 1694 436 1746 bibere
479 1709 579 1747 non
630 1710 869 1761 possum3
925 1701 973 1746 et
1027 1695 1079 1745 in

89 1767 493 1835 Quadragesima
534 1768 784 1821 dicimus:
837 1769 1079 1820 carnibus

87 1858 188 1896 non
249 1844 530 1903 vescimur,
594 1844 628 1894 i.
692 1858 738 1894 e.
808 1858 907 1894 non
962 1842 1080 1894 iicet

0 1965 1 1972 ,
87 1916 230 1969 nobis
269 1917 365 1968 hoc
405 1924 632 1984 tempore
654 1918 895 1969 carnibus
918 1917 1075 1968 vesci:

87 1991 159 2044 sic
198 1990 256 2043 B.
307 1990 463 2059 Virgo
526 1991 688 2042 dixit:
759 1991 931 2043 Virum
979 2008 1078 2042 non

87 2080 328 2132 coquosoe,
377 2065 413 2117 i.
475 2081 520 2118 e.
588 2065 854 2133 prohibeor
912 2066 1078 2116 virum

90 2154 418 2206 cognoscere.
463 2138 566 2191 Cur
617 2147 789 2192 autem
852 2141 1083 2207 prohibe·

91 2220 254 2275 retur,
300 2213 439 2267 nulla
493 2215 621 2266 ratio
679 2213 820 2266 reddi
882 2220 1076 2281 potest.

91 2288 187 2340 nisi
227 2294 440 2351 votum3
485 2303 604 2339 nam
657 2295 707 2340 et
765 2289 932 2340 virum
992 2288 1082 2341 ba-

90 2361 262 2423 bebat,
307 2370 358 2414 et
398 2363 599 2414 iuvenis
639 2367 780 2425 erat3
848 2378 944 2414 nec
1006 2368 1082 2413 est

92 2435 355 2497 credibile,
381 2436 608 2488 sterilem
631 2442 722 2487 aut
751 2436 1080 2505 impotentem

94 2509 269 2570 fuisse,
314 2511 394 2562 vel
437 2518 576 2564 certe
617 2510 665 2562 id
706 2511 814 2578 ipsa
857 2511 1081 2562 nondum

94 2584 224 2637 scire
266 2591 483 2652 poterat,
527 2600 642 2636 cum
684 2584 747 2636 ad
790 2585 957 2636 virum
983 2601 1080 2637 non

93 2659 430 2727 pervenisset.
474 2658 578 2711 Nec
632 2659 851 2727 denique
916 2660 1085 2727 prohi-

94 2732 311 2785 bebatur
374 2733 540 2783 virum
599 2748 907 2800 cognoscere
974 2734 1084 2800 iege

94 2806 262 2874 aliqua
305 2805 585 2866 communi,
631 2813 687 2857 ut
738 2812 915 2858 notum
973 2815 1080 2871 est3

95 2880 250 2946 igitur
292 2879 402 2945 iege
443 2879 758 2947 particulari,
799 2882 834 2932 i.
868 2896 915 2932 e.
945 2887 1080 2933 vote.

97 2953 217 3005 Ideo
255 2952 308 3005 S.
339 2952 642 3022 Auyustinus
675 2953 762 3006 lib.
808 2953 871 3006 de
909 2962 1085 3006 sancta

98 3027 392 3093 virginitate
453 3026 528 3098 (ἢ)
583 3030 632 3079 in
692 3028 846 3080 citata
898 3027 1088 3080 Mariae

90 3102 255 3164 ,verba
294 3101 451 3153 dicit:
487 3120 514 3149 (ι
544 3100 684 3164 Quod
729 3102 950 3169 protecto
988 3118 1087 3154 non

100 3172 311 3235 diceret,
345 3176 438 3227 nisi
468 3175 574 3228 Deo
603 3176 852 3241 virginem
882 3192 937 3228 se
967 3184 1088 3229 ante

102 3248 347 3307 vovisset.
378 3264 409 3300 τι
440 3278 511 3288 -·
538 3249 589 3302 Si
618 3256 793 3302 autem
812 3249 972 3302 Maria
989 3250 1090 3302 hoc

76 3409 90 3415 ”
144 3404 199 3538 {1}
223 3406 311 3440 Luc.
338 3374 373 3447 1
398 3406 452 3442 34.
831 3408 882 3454 (2)
906 3409 987 3454 Cap.
1012 3410 1045 3445 4

162 3448 182 3484 3
221 3450 422 3484 comment
449 3451 486 3484 in
510 3451 634 3487 Matth.
659 3460 741 3497 pag.
766 3451 833 3488 223
854 3454 911 3489 ed.
936 3455 1044 3491 fluet.

162 3492 183 3528 4
220 3493 325 3530 nom.
350 3493 371 3529 ’1
392 3495 431 3530 in
453 3495 601 3535 Lucam.

74 3726 113 3860 ἶέ-ἐῇίί·
83 3618 102 3662 ·-.”
108 3549 109 3553 Α
74 3507 84 3512 ⁸

1927 115 2032 170 lili?

1125 219 1302 269 votum
1339 210 1530 270 emisit,
1584 217 1723 266 certe
1777 210 1905 265 illud
1956 215 2114 268 etiam

1126 301 1327 355 semper
1364 286 1678 359 observavit,
1721 300 1842 339 cum
1891 286 1970 338 de
2004 288 2116 340 eius

1115 361 1399 414 ,sanctitate
1438 327 1678 414 dubitare
1713 375 1813 413 non
1854 359 2010 424 licet3
2064 366 2118 414 et

1128 437 1168 487 si
1208 434 1387 489 matris
1425 433 1630 490 divinae
1670 433 1971 501 dignitatem
2001 436 2153 486 cum‘

1131 507 1437 576 virginitatis
1477 508 1676 560 iactura
1721 514 1992 576 acceptare
2032 523 2122 559 no·

1134 583 1328 643 luisset,
1373 580 1535 635 mutto
1576 582 1746 634 minus
1786 589 1899 650 post
1946 583 2124 635 obten-

1133 663 1236 709 tam
1279 656 1418 708 iiiam
1458 656 1760 722 dignitatem
1814 656 2126 722 virginitatis

1132 731 1315 782 decore
1358 730 1544 797 privari
1586 745 1641 782 se
1682 730 1932 797 permisit.

1206 805 1258 856 a.
1291 802 1367 856 Ss.
1399 801 1574 855 Patres
1604 811 1904 871 perpetuam
1939 803 2130 856 Mariae

1136 885 1246 945 post
1287 883 1490 945 partum
1532 878 1716 930 Christi
1769 877 2129 946 Virginitatem

1135 959 1511 1004 contestantur.
1547 951 1854 1022 Oriqenes(?
1838 954 1880 1023 )
1920 953 2133 1005 adseve-

1137 1033 1252 1088 rat,
1301 1045 1327 1076 «
1370 1026 1584 1078 Maiiam
1623 1042 1827 1094 semper
1868 1026 2134 1093 Virginem

1139 1101 1499 1167 permansisse,
1546 1115 1641 1153 nec
1679 1101 1838 1153 atium
1894 1101 2136 1153 habuisse

1140 1174 1322 1227 Filium
1365 1181 1567 1241 praeter
1607 1174 1796 1227 lesum.
1841 1194 1867 1224 »
1911 1175 2011 1228 Eos
2049 1174 2136 1243 qui

1138 1250 1454 1301 contrarium
1493 1250 1753 1310 sentiunt,
1798 1250 2022 1302 insanire
2063 1249 2138 1300 di-

1138 1325 1206 1376 cit
1246 1322 1345 1392 (t):
1393 1323 1491 1374 «ln
1536 1330 1734 1376 tantam
1767 1324 1940 1375 nescio
1967 1364 1979 1383 ,
2024 1323 2139 1391 quis

1142 1398 1368 1465 prorupit
1411 1398 1661 1449 insaniam
1691 1439 1703 1458 ,
1761 1403 1818 1450 ut
1849 1403 2136 1458 assereret,

1143 1479 1381 1539 negatam
1421 1472 1576 1524 fuisse
1615 1471 1829 1525 Mariam
1880 1489 1911 1524 a
1961 1471 2143 1524 Salva-

1143 1554 1270 1607 tore‚
1314 1562 1374 1598 eo
1413 1546 1545 1614 quod
1591 1553 1701 1613 post
1731 1547 2057 1598 nativitatem
2086 1543 2144 1597 il-

1143 1621 1238 1672 lius
1278 1621 1450 1672 iuncta
1475 1621 1629 1673 fuerit
1661 1620 1902 1688 Ioseph.»
1946 1619 1999 1673 S.
2043 1619 2144 1671 Ba-

1140 1695 1282 1747 silius
1305 1693 1379 1766 (ὅ)
1398 1695 1593 1747 scribit:
1628 1714 1655 1743 «
1687 1694 1879 1747 Christi
1907 1701 2146 1747 amantes

1141 1770 1319 1820 audire
1338 1785 1437 1821 non
1459 1771 1739 1830 sustinent,
1765 1769 1898 1837 quod
1923 1769 2147 1837 Deipara
2223 1779 2234 1790 ·

1142 1843 1416 1911 aliquando
1469 1860 1581 1895 esse
1605 1843 1816 1895 desierit
1845 1846 2051 1910 virgo.»
2089 1840 2142 1894 S.

1141 1917 1368 1969 Hilarius
1393 1916 1468 1987 (6)
1498 1917 1612 1969 ilios
1639 1917 1975 1985 reprehendit
2003 1923 2151 1968 etvo-

1142 1997 1225 2044 cat
1268 1993 1598 2059 pravissimos
1623 2032 1635 2052 ,
1680 1993 1767 2060 qui
1808 1996 2152 2059 praesumunt

1143 2066 1277 2134 quod
1345 2067 1517 2133 piures
1578 2065 1855 2119 Dominum
1917 2072 2153 2118 nostrum

1145 2141 1326 2192 fratres
1367 2140 1628 2201 hahuisse,
1675 2141 1925 2193 traditum
1969 2141 2055 2191 sit.
2097 2138 2150 2191 S.

1145 2213 1411 2282 Greqorius
1452 2214 1663 2281 Nyssen.
1700 2213 1841 2266 Orat.
1888 2215 1939 2265 in
1986 2212 2155 2266 Natat.

1143 2288 1282 2341 Chri.
1327 2289 1454 2339 haec
1494 2288 1670 2340 habet:
1718 2288 1796 2339 Ex
1825 2288 2005 2339 divino
2034 2302 2155 2339 con-

1144 2363 1255 2414 silio
1286 2363 1476 2414 factum
1498 2377 1631 2423 esse,
1658 2369 1714 2413 ut
1735 2361 1895 2414 Maria
1926 2361 2157 2429 cuipiam

1146 2438 1563 2504 desponsaretur,
1612 2456 1637 2484 n
1682 2437 1768 2503 qui
1797 2442 1972 2488 tamen
2007 2436 2156 2486 dum-

1149 2518 1289 2562 taxat
1329 2510 1392 2562 ad
1433 2509 1825 2562 custodiendam
1881 2511 1993 2561 eius
2037 2508 2159 2562 Vir-

1145 2586 1414 2649 ginitatem
1445 2585 1659 2635 idoneus
1681 2590 1837 2635 esset.
1877 2602 1903 2631 ι(
1947 2582 2002 2652 S.
2038 2581 2159 2634 Am·

1148 2659 1339 2710 brusias
1381 2656 1457 2728 (7)
1499 2659 1700 2726 inquit:
1750 2676 1776 2706 ι(
1821 2656 1934 2709 Non
1976 2656 2162 2709 deficit

1148 2733 1325 2794 Maria,
1357 2748 1457 2784 non
1489 2732 1659 2783 deficit
1688 2730 2016 2797 Virginitatis
2052 2747 2163 2783 ma-

1148 2810 1340 2871 gistra3
1386 2822 1480 2858 nec
1521 2807 1629 2857 fieri
1675 2805 1876 2873 potuit,
1922 2811 1980 2858 ut
2027 2820 2166 2874 quae

1148 2881 1311 2932 Deum
1355 2886 1670 2949 portaverat,
1718 2879 2028 2947 portandum
2072 2879 2167 2932 ho-

1149 2958 1340 3007 minem
1399 2955 1760 3006 arbitraretur.
1823 2952 1929 3005 Nec
1969 2953 2168 3020 loseph

1150 3031 1228 3080 vir
1268 3031 1434 3081 iustus
1475 3030 1527 3079 in
1565 3043 1678 3079 eam
1723 3027 2041 3095 prorupisset
2083 3029 2169 3079 in-

1150 3103 1368 3163 saniam,
1400 3109 1455 3155 ut
1494 3102 1641 3153 Matri
1673 3100 1876 3153 Domini
1907 3116 2158 3170 corporeo

1150 3178 1424 3230 concubitu
1478 3177 1800 3228 misceretur.
1861 3195 1898 3224 »Δ
1934 3175 1992 3229 S.
2041 3175 2160 3228 Hie-

1151 3266 1382 3320 ronymus
1420 3251 1471 3301 in
1515 3249 1604 3348 lib,
1649 3263 1696 3303 c.
1739 3248 2040 3302 Helvidium
2086 3255 2157 3302 to·

1196 3409 1248 3453 (5)
1235 3409 1376 3452 )Hom.
1390 3407 1433 3442 20
1456 3407 1493 3442 in
1517 3407 1615 3443 Chri.
1642 3412 1804 3451 generat.
1830 3417 1867 3444 n.
1894 3407 1928 3445 5.

1212 3453 1616 3494 6)112M;=.unc.1‚.n
1643 3452 1674 3487 4.

1213 3497 1248 3542 ’1)
1274 3499 1339 3534 De
1347 3498 1465 3534 lustit.
1494 3497 1590 3542 virg.
1618 3506 1651 3532 c
1662 3497 1696 3541 6,
1721 3505 1758 3531 n.
1782 3494 1840 3534 45.
