2332 3860
0 0 320 247 ξ

26 250 57 322 [⁶3³
95 242 281 306 sol-um,
308 246 380 297 ut
415 239 548 295 adsit
573 245 758 294 natura
786 241 1068 304 rationalis,

24 319 184 387 sed
216 316 371 370 etiam
411 322 468 367 ut
506 314 632 368 baec
671 314 722 366 in
762 331 817 368 se
867 323 919 368 et
973 331 1070 368 non

93 391 146 445 in
183 390 283 444 alio
317 389 578 442 subsistat.
621 387 886 442 Subsistere
927 391 978 442 in
1025 405 1074 442 se

96 464 280 518 dicitur
318 479 399 516 res
454 462 644 532 aliqua,
701 463 904 531 quando
966 466 1073 531 ipsa

93 553 192 592 non
231 538 402 590 existit
438 536 490 589 in
530 537 629 590 alio
668 544 912 605 tanquam
935 553 1069 605 pam,

28 634 37 638 ·
94 626 188 665 nec
209 611 429 664 trahitur
450 627 539 679 per
567 612 808 663 unionem
834 610 897 663 ad
932 610 1073 663 aliud

93 692 336 753 tanquam
379 683 443 736 ad
492 691 654 738 totum
693 684 914 753 dignius.
958 683 1075 736 Sub-

92 759 255 813 sistere
291 759 347 811 in
385 758 482 810 alio
522 759 707 812 dicitur
753 759 923 827 aliqua
970 775 1069 818 reS,

93 832 294 903 quando
335 834 509 885 existit
557 834 608 885 in
673 833 772 886 alio
831 839 1074 901 tanquam

26 944 29 945 ν
93 923 227 976 pam,
269 913 320 959 et
358 906 580 959 trahitur
620 923 708 975 per
749 907 987 959 unionem
1011 907 1074 958 ad

90 980 226 1034 aliud
266 986 508 1050 tanquam
541 981 602 1033 ad
647 988 808 1034 totum
849 981 1068 1049 dignius,

89 1052 171 1107 Sic
208 1070 255 1107 e.
307 1070 385 1122 gr.
431 1062 614 1107 natura
665 1056 885 1108 humana
941 1055 1074 1107 Petri

37 1148 47 1158 ·
91 1127 242 1182 habet
259 1130 511 1197 propriam
529 1130 929 1192 subsistentiam,
956 1129 1073 1199 quia

93 1218 191 1256 non
231 1202 404 1255 existit
442 1203 493 1255 in
534 1203 905 1273 alio‘tanquam
934 1220 1070 1272 pam,

91 1291 186 1329 nec
226 1292 314 1345 per
354 1277 594 1330 unionem
654 1278 917 1347 physicam
979 1285 1076 1329 tra-

92 1349 230 1403 hitur
258 1350 321 1403 ad
361 1351 498 1403 aliud
542 1359 781 1421 tanquam
821 1352 884 1405 ad
915 1359 1073 1405 totum

47 1423 334 1499 jdignius3
379 1432 554 1481 contra
594 1442 716 1478 vero
757 1443 808 1478 V.
853 1443 930 1494 gr.
971 1443 1075 1477 ma·

91 1514 189 1551 nus
228 1506 279 1551 et
318 1499 470 1567 pedes
528 1500 661 1552 Petri
729 1517 828 1553 non
887 1501 1075 1553 habent

90 1573 345 1641 propriam
386 1574 787 1635 subsistentiam,
831 1576 947 1643 quia
990 1591 1077 1643 per

94 1647 332 1699 unionem
373 1648 636 1716 physicam
679 1649 956 1701 trahuntur
1012 1649 1074 1701 ad

91 1721 503 1774 constituendum
531 1722 759 1783 Petrum,
792 1724 936 1775 cuius
957 1730 1076 1775 sunt

92 1802 280 1864 parteS.
326 1793 437 1863 Ipsa
479 1798 634 1859 igitur
671 1797 1003 1858 subsistentia,
1035 1798 1074 1848 si

91 1870 407 1923 substantive
426 1873 743 1932 enuntiatur,
773 1888 974 1940 semper
1002 1872 1076 1923 in-

93 1943 353 1996 dividuum
371 1945 421 1996 in
442 1961 493 1997 se
508 1946 788 1998 subsistens
806 1946 1012 1998 denotat
1027 1953 1077 1997 et

93 2019 379 2086 aequivalet
394 2020 583 2071 nomini
594 2036 838 2088 personae.
853 2020 989 2072 idem
1008 2021 1078 2071 di-

94 2093 311 2146 cendum
328 2100 403 2145 est
421 2094 480 2145 de
496 2094 759 2162 hypostasi,
778 2110 906 2163 quae
933 2096 1077 2146 iuxta

94 2182 419 2219 communem
452 2167 533 2220 Ss.
578 2169 784 2220 Patrum
825 2176 875 2221 et
902 2169 1078 2221 Eccle-

95 2241 200 2294 siae
266 2257 415 2293 usum
476 2258 742 2309 personam
802 2244 1072 2310 signifieat.

96 2313 338 2378 Quamvis
396 2322 569 2368 autem
625 2318 724 2368 iam
765 2318 968 2369 saeculo
1012 2317 1079 2369 IV

98 2389 160 2442 ab
200 2388 426 2442 Ecclesia
465 2390 729 2442 definitum
770 2391 942 2452 fuerit,
997 2391 1081 2458 hy-

97 2463 313 2530 postasin
340 2470 391 2515 et
426 2480 703 2532 personam,
735 2465 858 2516 dum
885 2465 946 2517 de
973 2466 1079 2517 Tri-

101 2536 272 2589 nitatis
313 2539 555 2606 mysterio
596 2555 763 2591 sermo
802 2547 899 2600 est,
932 2556 1081 2592 voces

101 2612 397 2680 synonimas
436 2627 566 2675 esse,
612 2612 905 2675 nilominuS,
950 2621 1006 2666 ut
1032 2630 1082 2666 o-

70 2685 292 2737 'stendit
333 2686 549 2739 Petavius
572 2685 837 2757 (i)adhuc
875 2688 1080 2741 saeculo

100 2757 171 2818 V,
209 2758 330 2810 dum
369 2761 746 2813 controversiae
785 2762 848 2813 de
911 2762 1080 2815 Incar-

100 2832 306 2885 natione
322 2833 627 2900 agebantur,
654 2835 883 2887 nonnulli
907 2835 1082 2890 Patres

101 2906 238 2959 inter
274 2923 400 2976 quos
427 2907 717 2960 nominatur
744 2910 897 2961 etiam
917 2910 968 2962 S.
998 2911 1084 2980 Cy-

95 2979 246 3033 ·rillus
283 2979 425 3034 Alex.
451 2997 625 3035 vocem
649 2982 910 3051 hypostasis
939 2986 1084 3046 modo

103 3053 167 3107 ad
194 3055 581 3122 significandam
617 3072 906 3124 personam,
936 3060 1084 3112 modo

106 3129 260 3181 etiam
299 3129 363 3182 ad
405 3129 747 3183 denotandam
775 3139 1010 3185 naturam
1032 3150 1085 3186 a·

106 3199 437 3267 dbibuerunt,
480 3204 611 3273 quod
636 3206 788 3273 probe
810 3207 1085 3260 observan-

107 3273 250 3341 dum,
307 3293 373 3330 ne
428 3279 542 3348 quis
591 3295 765 3331 eorum
806 3284 1087 3336 sententias

110 3347 245 3402 male
275 3349 570 3421 intelligens
616 3352 919 3409 offendatur.

156 3524 201 3570 ιι,
229 3527 280 3562 De
303 3527 475 3565 incarnat.
498 3528 571 3567 loc.
593 3537 628 3568 e.
651 3537 688 3566 n.
714 3529 747 3567 2.
773 3535 809 3566 et
829 3537 902 3576 seq.

695 160 812 198 PARS
849 160 922 199 m.
964 160 1127 200 saevio
1163 157 1200 200 1.
1231 159 1382 198 cnm·
1418 159 1472 197 n.

1945 140 2053 196 1153

1524 236 1564 297 s
1593 237 1730 284 ees.

1347 348 1401 384 ne
1422 347 1531 383 unica
1554 346 1685 383 Christi
1709 347 1878 382 Persona.

1205 459 1465 514 Nestorius
1506 457 1801 511 Patriarcha
1844 454 2125 509 Consta-nti«

1135 535 1456 604 nopolitanus
1480 548 1675 597 veram,
1690 530 1881 584 realem
1898 537 1948 583 et
1964 530 2125 599 hypo-

1135 610 1367 662 staticam
1395 608 1635 659 unionem
1672 612 1886 657 naturae
1919 604 2124 656 divinae

1136 690 1187 735 et
1214 683 1468 736 humanae
1506 681 1557 733 in
1599 679 1797 732 Christo
1820 679 2047 747 negavit,
2071 685 2122 730 et

1138 756 1382 810 moralem
1424 761 1625 809 tantum
1684 754 1928 818 admisit3
1991 752 2124 804 hanc

1137 831 1298 899 ipsam
1312 830 1724 883 coniunctionem
1743 828 1988 881 moralem
2003 826 2126 880 Ver-

1138 906 1184 958 bi
1226 921 1342 959 cum
1383 905 1589 958 homine
1629 903 1829 956 Christo
1887 917 2124 955 asserens

1137 980 1322 1032 factam
1363 980 1518 1032 fuisse
1559 995 1659 1032 non
1700 979 1751 1030 in
1781 978 1888 1046 ipso
1918 983 2034 1029 ortu
2055 975 2126 1028 vi-

1139 1061 1219 1107 tae
1259 1053 1468 1116 Christi,
1511 1054 1601 1106 sed
1643 1059 1754 1122 post
1793 1049 2126 1103 intervallum

1139 1130 1398 1197 temporis,
1421 1136 1689 1197 postquam
1712 1127 1952 1179 nimirum
1983 1123 2125 1176 Chri-

1137 1209 1248 1255 stus
1288 1203 1438 1255 homo
1467 1202 1682 1255 eandem
1711 1200 2125 1253 coniunctionem

1139 1279 1446 1344 promeritus
1491 1277 1604 1329 fuit.
1669 1276 1823 1328 Porro
1886 1275 2126 1326 unionem

1137 1351 1270 1403 hanc
1311 1352 1558 1404 moralem
1599 1351 1754 1402 variis
1775 1349 1935 1401 modis
1969 1363 2127 1417 expo-

1140 1426 1328 1478 nebat:
1376 1427 1536 1478 voluit
1574 1441 1687 1477 eam
1729 1440 1840 1477 esse
1882 1424 2125 1475 unionem

1137 1502 1332 1568 affectas
1372 1501 1644 1561 duntaxat,
1708 1506 1759 1552 et
1823 1497 2141 1559 concordiae,

1138 1591 1237 1642 qua
1278 1575 1376 1627 duo
1416 1576 1564 1627 amici
1613 1575 1745 1626 inter
1804 1589 1858 1625 se
1915 1573 2127 1624 coniun-

1138 1655 1360 1715 guntur3
1405 1648 1735 1709 habitationis,
1772 1663 1871 1716 qua
1898 1646 2127 1701 Verbum

1139 1724 1186 1773 in
1230 1723 1433 1775 homine
1475 1723 1674 1774 Christo
1714 1722 1974 1774 habitabat
2015 1728 2127 1773 tan-

1138 1812 1287 1865 quam
1331 1799 1380 1849 in
1421 1797 1630 1865 templo;
1674 1796 1981 1866 operationis,
2041 1810 2129 1863 per

1138 1887 1290 1939 quam
1344 1871 1571 1926 Verbum
1625 1872 1864 1923 utebatur
1922 1869 2128 1922 homine

1139 1945 1337 1997 Christo
1378 1953 1622 2014 tanquam
1676 1947 2018 1997 instrumento
2076 1945 2129 1997 in

1141 2020 1402 2087 patrandis
1445 2021 1582 2072 miris
1641 2020 1741 2072 illis
1798 2020 2035 2087 operibus
2097 2034 2127 2071 a

1140 2093 1339 2146 Christo
1381 2096 1553 2155 factiS,
1610 2101 1661 2147 et
1712 2093 2125 2164 participationis,

1140 2184 1229 2236 per
1269 2186 1422 2237 quam
1461 2169 1685 2223 Verbum
1718 2169 1907 2220 homini
1931 2166 2129 2220 Christo

1140 2243 1441 2314 dignitatem
1502 2259 1649 2296 suam
1713 2243 2013 2311 impertivit,
2074 2247 2132 2293 ut

1141 2316 1298 2370 Filius
1339 2317 1429 2370 Dei
1464 2323 1753 2371 vocaretur.
1787 2317 2130 2381 Quamobrem

1141 2391 1512 2445 lncarnationis
1551 2392 1853 2461 mysterium
1897 2390 2021 2443 nihil
2074 2406 2126 2442 a·

1144 2466 1246 2517 liud
1287 2482 1398 2519 esse
1437 2467 1783 2526 existimabat,
1827 2480 1981 2535 quam
2040 2462 2128 2515 ha·

1142 2541 1438 2593 bitationem
1480 2540 1569 2593 Dei
1616 2542 1668 2593 in
1728 2540 1934 2592 homine
1987 2536 2131 2590 velut

1143 2616 1192 2666 in
1234 2615 1486 2667 domicilio
1526 2631 1637 2677 su0,
1682 2614 1764 2667 vel
1804 2615 1855 2666 in
1902 2611 2128 2681 ,templm

1142 2690 1274 2742 sicut
1313 2691 1363 2742 in
1404 2689 1579 2759 Moyse
1643 2696 1694 2742 et
1759 2689 1809 2740 in
1867 2687 2132 2756 Prophetis

1146 2764 1351 2832 reliquis
1416 2764 1672 2816 habitasse
1738 2762 1938 2815 dicitur.
2003 2761 2134 2813 Hinc

1144 2837 1403 2891 Christum
1466 2838 1723 2906 Deiferum
1795 2835 2133 2905 appellabat,

1147 2929 1246 2964 non
1288 2929 1410 2965 vere
1450 2913 1635 2965 Deum.
1681 2911 1758 2964 Ex
1798 2910 1896 2964 hac
1958 2917 2134 2963 autem

1146 2988 1334 3040 unione
1374 2986 1551 3039 morali
1593 2992 1841 3054 tanquam
1881 3001 1948 3037 ex
1999 2985 2137 3037 fonte

1146 3068 1196 3113 et
1236 3063 1400 3130 capite
1442 3062 1628 3129 impuri
1668 3060 1922 3144 dogmatis
1961 3074 2142 3128 seque·

1147 3133 1439 3187 batur.1⁰
1479 3135 1606 3187 duas
1646 3150 1759 3187 esse
1822 3134 1874 3187 in
1939 3131 2141 3186 Christo

1150 3225 1413 3277 personam
1446 3224 1604 3262 unam
1642 3208 1755 3271 Dei,
1797 3208 2015 3261 alteram
2058 3207 2143 3259 ho-

1149 3283 1336 3345 minis,
1398 3284 1513 3352 quia
1574 3283 1696 3335 unio
1754 3275 2014 3344 moralis,
2042 3295 2143 3350 qua

1148 3373 1259 3424 v.g.
1286 3357 1418 3409 inter
1440 3374 1493 3410 se
1514 3356 1634 3410 duo
1632 3358 1791 3410 amici
1827 3357 2147 3422 coniungun-

1150 3437 1252 3492 tur,
1295 3437 1385 3483 aut
1424 3430 1562 3484 Deus
1602 3447 1692 3500 per
1729 3433 1948 3500 gratiam
1998 3427 2141 3480 habi-

1151 3509 1222 3558 tat
1249 3505 1298 3557 in
1327 3504 1498 3558 anima
1527 3506 1668 3568 iusti.
1695 3521 1794 3558 non
1823 3503 1947 3558 facit
1985 3513 2143 3553 unam
2194 3575 2197 3579 ἢ
