2332 3860
296 146 403 202 216

222 259 355 313 quae
392 243 562 298 Deum
602 246 813 317 dirigit'
799 265 851 301 m
892 265 1066 301 rerum
1092 263 1235 317 pro

221 317 486 373 ductione.
518 351 594 360 -
617 321 913 376 Notandum
953 339 1076 376 vero
1115 329 1213 385 est,
1232 380 1235 384 ,

220 392 356 461 quod
398 394 534 447 sicut
559 396 808 449 attributa
846 397 1019 450 divina
1047 413 1215 450 essen-

219 466 364 520 tialia
432 483 535 521 non
593 470 843 533 realiter,
899 471 989 523 sed
1048 470 1214 524 solum

221 548 394 595 mente
409 549 587 596 nostra
613 543 1019 612 distinguuntur,
1038 546 1110 598 ita
1137 552 1213 598 et-

220 614 323 667 iam
363 617 415 668 in
452 616 558 670 Deo
584 617 699 671 idea
729 619 979 672 obiectiva
1011 619 1075 672 ab
1102 619 1212 673 idea

217 687 418 742 formali
458 691 668 745 realiter
698 709 796 746 non
839 694 1207 761 distinguatur3

196 770 438 833 ‘utraque
477 766 615 817 enim
654 774 732 820 est
753 767 971 834 *scientia
1012 768 1206 830 divina,

217 852 308 889 seu
349 838 644 892 intellectus
684 841 923 904 divinus,
987 843 1072 911 qui
1132 850 1209 895 est

216 911 325 979 ipsa
362 914 577 965 scientia
608 914 722 967 Dei.
758 946 827 954 -—
864 915 1019 969 Recte
1059 933 1208 985 porro

214 987 436 1039 essentia
476 987 650 1040 divina
690 991 983 1043 nominatur
1034 1006 1208 1043 exem-

213 1059 346 1128 plar,
376 1077 466 1114 seu
489 1070 794 1132 prototypon
816 1066 1041 1117 omnium
1066 1082 1207 1118 crea-

214 1141 480 1197 turarum,
525 1144 576 1189 et
626 1138 721 1191 hae
773 1146 913 1193 recte
964 1139 1206 1192 dic-untur

211 1208 355 1262 illam
393 1211 613 1273 imitari,
671 1229 759 1265 seu
802 1213 865 1265 de
910 1212 1007 1266 *illa
1048 1216 1205 1282 parti-

212 1283 405 1351 cipare;
450 1296 570 1337 nam
608 1294 876 1340 creaturae
915 1288 1080 1340 solum
1118 1305 1205 1343 ve-

211 1372 319 1418 rae,
366 1358 528 1411 bonae
557 1365 609 1411 et
655 1360 861 1429 pulcrae
907 1369 1048 1424 sunt,
1079 1379 1205 1432 qua-

211 1437 361 1484 tenus
400 1434 711 1502 participant
749 1436 812 1488 de
841 1437 1076 1498 veritate,
1110 1438 1199 1490 bo-

212 1506 371 1558 nitate
411 1514 463 1558 et
490 1508 833 1576 pulcritudine
860 1511 971 1563 Dei.
1005 1510 1200 1563 Caven-

209 1579 332 1631 dum
372 1587 546 1634 autem
588 1590 699 1645 est,
742 1600 807 1636 ne
861 1588 973 1653 quis
1014 1592 1196 1652 putet,

207 1652 373 1708 Deum
422 1656 485 1707 ad
527 1657 689 1709 instar
735 1658 947 1711 artificis
988 1659 1198 1714 humani

208 1729 461 1782 essentiae
500 1747 624 1783 suae
662 1733 907 1785 attributa
947 1735 1092 1801 quasi
1122 1751 1198 1785 re-

206 1801 356 1870 gulas
385 1804 523 1870 prius
550 1806 803 1872 aspicere,
835 1813 884 1859 et
912 1807 1027 1859 dein
1058 1807 1198 1859 ideas

208 1877 498 1944 concipere,
543 1886 595 1930 et
635 1887 897 1932 creaturas
938 1881 1037 1932 illis
1078 1898 1198 1933 con-

206 1949 392 2003 formes
417 1951 651 2015 reddere3
685 1970 783 2006 non
814 1955 950 2007 enim
982 1956 1196 2007 scientia

204 2023 318 2085 Dei,
362 2041 493 2094 quae
515 2034 591 2078 est
612 2027 719 2094 ipsa
749 2031 969 2081 essentia
999 2029 1191 2090 divina,

205 2113 234 2150 a
276 2098 488 2167 reliquis
529 2102 818 2164 attributiS,
863 2119 994 2171 quae
1041 2105 1193 2156 etiam

206 2187 325 2227 cum
365 2174 544 2226 eadem
585 2175 963 2243 simplicissima
1002 2176 1091 2229 Dei
1123 2195 1197 2230 es-

205 2248 369 2299 sentia
396 2248 800 2311 identificantur‚
835 2253 976 2319 quasi
1007 2253 1194 2320 depen-

204 2320 332 2374 dens
346 2323 542 2391 concipi
563 2331 747 2391 potest:
773 2325 1047 2377 dicendum
1074 2342 1195 2394 ergo

205 2396 373 2463 potius
399 2403 496 2458 est,
531 2406 794 2451 creaturas
823 2416 993 2462 veraS,
1020 2401 1193 2467 bonaS,

206 2468 411 2536 pulcras
451 2479 550 2523 etc.
595 2471 739 2534 fieri,
784 2474 902 2542 quia
929 2515 942 2535 ,
986 2480 1036 2527 et
1074 2491 1195 2543 qua-

206 2550 358 2596 tenus
395 2560 424 2596 a
465 2545 570 2597 Deo
600 2547 972 2614 producuntur,
1004 2549 1087 2617 qui
1118 2556 1195 2601 est

205 2617 311 2684 ipsa
353 2620 562 2678 veritas,
607 2636 806 2673 summa
852 2623 1073 2683 bonitaS,
1118 2623 1195 2674 in-

205 2690 347 2742 finita
391 2685 679 2759 pulcritudo
707 2702 833 2757 etc,
859 2703 910 2748 et
933 2696 1044 2748 ideo
1075 2712 1196 2749 non·

207 2763 303 2815 nisi
344 2781 492 2828 vera,
537 2768 670 2821 bona
709 2776 759 2821 et
799 2769 976 2838 pulcra
1017 2769 1187 2822 efficit.

205 2835 261 2888 In
303 2837 399 2891 hoc
438 2857 592 2894 sensu
639 2858 670 2895 a
707 2842 761 2895 S.
804 2842 1077 2912 Anqustino
1116 2842 1191 2915 (l)

205 2917 257 2962 et
294 2911 358 2964 ab
414 2913 527 2967 aliis
566 2917 788 2970 essentia
840 2918 1013 2970 divina
1052 2934 1193 2971 crea-

205 2989 437 3037 turarum
477 2991 743 3059 exemplar
783 2992 1096 3045 nominatur.

241 3057 331 3110 -.”2
375 3058 500 3112 Cum
542 3064 683 3117 ideae
715 3066 765 3118 in
809 3065 913 3119 Deo
951 3082 1050 3118 non
1092 3066 1194 3118 sint

204 3131 299 3183 nisi
328 3133 435 3199 ipsa
463 3136 694 3201 scientia,
719 3156 812 3193 seu
834 3142 1055 3194 essentia
1084 3140 1192 3206 Dei,

191 3206 472 3260 manifeste
511 3212 760 3279 sequitur,
804 3215 942 3284 ipsas
967 3223 1193 3268 aeternas

203 3286 256 3334 et
318 3283 727 3340 incommutabiles
781 3303 912 3343 esse.
974 3288 1031 3342 ld
1075 3305 1191 3343 cum

245 3438 299 3572 {23
322 3438 409 3520 ε’
424 3441 710 3531 εε]

260 3524 298 3572 ⁴)
319 3524 467 3565 conon.
487 3529 534 3565 ια
554 3530 659 3567 uem
667 3513 715 3568 Ὀ
741 3512 773 3569 ὁ
844 3488 896 3534 (3)
918 3491 948 3532 1,
960 3499 996 3534 q.
1011 3490 1190 3535 warns.

625 166 686 204 ΒΕ
723 167 817 205 DEO
855 167 906 205 IN
946 160 1224 206 RELATIONE
1263 168 1328 205 An
1364 167 1569 205 MUNth
1606 165 1868 206 SPECTAro.

1277 246 1334 303 S.
1378 246 1654 316 Augustino
1693 245 1769 321 (Ξ)
1803 245 1932 301 etS.
1960 245 2157 300 Thom
2165 179 2315 320 (5)-

1277 324 1385 390 ipsa
1417 338 1542 375 sana
1591 323 1720 376 ratio
1759 322 1927 376 docet.
1969 320 2100 375 Nam
2121 323 2163 375 si
2218 284 2332 410 ila

1277 396 1404 450 deae
1431 396 1633 450 divinae
1659 403 1903 450 aeternae
1935 411 2037 449 non
2065 403 2287 463 essenis

2279 249 2332 355 {iai-a
2291 0 2332 251 mmm-mnia·

1275 471 1327 524 in
1369 477 1599 540 tempore
1635 471 1688 524 in
1728 477 1901 524 mente
1940 470 2115 523 divina
2162 471 2282 530 ori,-

1275 552 1455 598 rentur
1479 586 1491 607 ,
1535 551 1626 598 aut
1663 545 1703 598 si
1755 544 1895 598 Deus
1932 561 2034 599 non
2073 544 2138 598 ab
2176 560 2261 597 ae·

1274 626 1420 672 terno
1492 619 1663 672 omnia
1719 625 2090 687 cognosceret,
2151 619 2260 672 eius
2295 646 2332 670 »ἡ

1271 694 1516 747 scientiae
1555 693 1744 762 aliquid
1777 694 2065 756 accederet,
2107 699 2260 761 atque
2294 719 2328 739 n

1271 769 1322 821 in
1363 776 1580 837 utroque
1618 783 1739 820 casu
1767 766 1906 821 Deus
1945 773 2253 820 mutaretur:

1271 843 1402 912 quod
1441 858 1597 911 quam
1621 841 1901 894 absurdum
1942 850 1991 895 et
2029 843 2260 908 impossi-

1271 916 1370 970 bile
1410 917 1495 978 sit,
1538 916 1755 986 quilibet
1794 916 1940 968 facile
1979 919 2255 986 cognoscit.
2312 937 2332 946 1

1268 990 1426 1043 Sicuti
1449 1006 1571 1058 ergo
1601 990 1733 1043 Plato
1762 990 1975 1052 erravit,
2007 994 2093 1060 qui
2116 991 2256 1044 ideas
2329 1024 2332 1037 2

1267 1066 1492 1127 admisit,
1521 1082 1617 1118 non
1636 1071 1809 1118 autem
1827 1065 1876 1116 in
1895 1072 2066 1118 mente
2081 1065 2255 1117 divina
2327 1090 2332 1091 ⁷

1267 1141 1356 1192 sed
1397 1146 1544 1193 extra
1590 1139 1756 1192 Deum
1814 1140 2095 1192 existentes
2134 1137 2254 1210 (qua

1266 1214 1317 1266 in
1361 1231 1414 1266 re
1442 1231 1471 1266 a
1493 1213 1576 1267 ss.
1602 1213 1791 1265 Iustino
1815 1211 1909 1284 (lt),
1930 1214 2130 1266 Irenaeo
2152 1213 2250 1286 (ὅ),
2300 1259 2303 1261 ,

1265 1288 1524 1341 Ambrosio
1565 1286 1640 1359 (6)
1682 1295 1732 1340 et
1758 1287 2034 1355 Auqztstino
2075 1285 2172 1358 (7),
2204 1294 2254 1340 et

1265 1364 1328 1415 ab
1370 1364 1475 1431 ipso
1516 1360 1768 1414 Aristotele
1789 1363 1884 1415 fuit
1911 1361 2249 1431 confutatus)';

1265 1437 1333 1488 ita
1361 1438 1515 1489 etiam
1544 1443 1739 1496 errant,
1771 1436 1857 1505 qui
1892 1451 2009 1488 cum
2049 1435 2111 1489 D.
2143 1435 2252 1487 Klee

1264 1509 1340 1581 (8)
1382 1511 1521 1563 ideas
1561 1510 1761 1562 divinas
1801 1526 1973 1562 rerum
2009 1511 2251 1563 creanda-

1265 1600 1379 1637 rum
1417 1592 1656 1637 aeternas
1696 1600 1806 1636 csse
1849 1592 2057 1652 negant.

1336 1660 1388 1712 5.
1433 1659 1674 1711 Nonnulli
1718 1666 1936 1726 putant,
1998 1658 2131 1727 quod
2185 1675 2250 1711 ex

1262 1733 1492 1785 doctrina
1536 1732 1915 1799 theologorum,
1961 1734 2045 1801 qui
2085 1732 2252 1784 Deum

1264 1814 1587 1877 prototypon,
1631 1807 1916 1875 exemplar,
1947 1823 2038 1859 seu
2081 1807 2250 1859 ideam
2289 1874 2297 1884 .

1262 1882 1436 1935 mundi
1480 1882 1763 1943 nominant,
1802 1881 2087 1934 necessario
2128 1897 2252 1948 pan-

1260 1955 1508 2007 tlioismus
1550 1956 1816 2008 inferatur.
1867 1956 2025 2017 Nam,
2069 1956 2246 2018 aiunt,

1260 2031 1394 2081 sicut
1434 2031 1611 2082 domus
1670 2030 1936 2083 aedificata
1977 2046 2077 2082 non
2127 2035 2245 2091 est,

1262 2105 1354 2155 nisi
1404 2112 1621 2157 externa
1662 2104 2004 2157 manifestatio
2059 2103 2204 2156 ideae
2231 2144 2244 2166 ,

1258 2194 1411 2246 quam
1451 2179 1633 2231 artifex
1677 2180 1837 2246 primo
1866 2181 1915 2231 in
1957 2184 2129 2232 mente
2159 2178 2248 2230 ha·

1259 2253 1387 2314 buit,
1431 2254 1522 2314 ita,
1565 2254 1604 2305 si
1633 2253 1771 2305 Deus
1799 2260 1876 2306 est
1902 2252 2016 2305 idea
2044 2235 2243 2312 mundi,

1258 2327 1412 2381 etiam
1453 2327 1559 2395 ipse
1595 2328 1816 2380 mundus
1856 2343 1958 2379 non
1997 2333 2093 2388 est,
2151 2326 2247 2378 nisi

1259 2402 1483 2469 exterior
1506 2402 1847 2454 manifestatio
1876 2401 1987 2461 Dei,
2017 2416 2109 2453 seu
2137 2400 2246 2465 ipse

1260 2474 1394 2527 Deus
1422 2481 1636 2527 externe
1661 2475 2032 2527 manifestatus
2065 2473 2244 2526 -Sed

1259 2549 1406 2600 facile
1448 2555 1525 2600 est
1552 2549 1843 2609 ostendere,
1877 2548 2011 2600 hanc
2033 2563 2247 2616 pravam

1258 2622 1538 2674 illationem
1604 2640 1670 2674 ex
1734 2623 1962 2691 praefata
2015 2623 2246 2674 doctrina
2328 2646 2332 2693 j

1260 2695 1554 2748 nullatenus
1593 2697 1702 2748 fieri
1733 2713 1895 2765 posse.
1938 2696 2067 2750 Nam
2105 2696 2246 2749 theo·

1259 2770 1356 2837 logi
1399 2770 1652 2838 duplicem
1692 2771 1859 2823 ideam
1899 2771 2241 2837 distinguunt,
2300 2810 2332 2841 ,Ι

1254 2844 1508 2910 formalem
1529 2852 1580 2897 et
1605 2844 1900 2897 obiectivam.
1926 2843 1976 2916 a)
2007 2844 2124 2896 ldea
2150 2843 2246 2896 tor·
2290 2853 2332 2895 1·-

1259 2918 1404 2972 malis
1443 2926 1521 2971 est
1560 2920 1667 2987 ipsa
1727 2920 1941 2972 scientia
1982 2918 2108 2980 Dei,
2151 2933 2244 2970 seu

1245 2991 1392 3045 Deus
1425 3009 1757 3060 cognoscens.
1801 2994 2130 3063 Distinguere
2155 3007 2244 3044 au·

1257 3071 1359 3118 tem
1399 3074 1598 3135 oportet
1625 3067 1788 3119 Deum
1827 3070 2309 3134 cognoscentem,

1255 3146 1306 3191 et
1344 3139 1394 3191 id
1444 3140 1578 3208 quod
1635 3142 1915 3210 cognoscit.
1977 3139 2113 3192 Deus
2163 3154 2243 3192 co-

1254 3229 1505 3279 gnoscens
1543 3228 1678 3268 unus
1712 3221 1811 3278 est,
1853 3213 1942 3266 sed
1982 3213 2242 3266 obiectum
2264 3210 2332 3292 ’.ζ-ἤ

1254 3287 1556 3356 cognitionis
1594 3289 1799 3343 divinae
1836 3286 2030 3358 duplex
2067 3301 2258 3342 secer-·

1293 3446 1333 3581 {t

1311 3532 1332 3571 ’1

1372 3446 1607 3489 L.,.1c19.

1369 3471 1543 3572 {lex-iem.
1570 3492 1596 3526 l
1621 3489 1654 3533 1,
1678 3499 1712 3526 c.
1737 3490 1767 3526 1.

2286 3096 2332 3157 ῥἰ·

2291 3135 2332 3201 Γ·

1734 3534 2004 3580 (amentur.
2030 3531 2114 3582 sn.
2138 3532 2228 3573 αι.
