2332 3860
944 115 954 138 N

107 254 618 323 ermrihumanitatis
654 250 836 310 Christi
903 253 1091 311 adseri.-

22 329 43 386 ’,
107 330 311 403 baudus·
338 335 475 385 esset
517 327 678 385 Verbo
704 342 794 380 seu
824 342 1090 395 personae,

107 404 329 469 divinae-3
371 402 458 456 sed
498 401 631 458 hanc
691 402 851 454 errori
911 401 1091 460 subiici

110 477 341 537 absolute
377 473 684 545 impossibile
724 481 820 530 est.

487 649 526 707 g
557 649 702 694 zena.

60 774 62 779 ·
144 750 196 786 De
218 749 413 784 sanctitate
434 745 566 782 Christi
591 749 633 781 ut
654 745 812 780 hominis
834 743 1067 780 considerati.

178 848 239 900 In
299 845 356 899 S.
419 845 674 914 Scriptura
739 842 971 898 Christus
1036 849 1092 896 ut

44 923 54 930 ”
109 921 331 979 Verbum
372 921 716 980 incarnatum,
748 934 836 971 seu
866 925 922 969 ut
955 916 1091 970 filius

107 995 218 1058 Dei,
262 995 347 1064 qui
388 1001 625 1046 naturam
673 992 950 1044 humanam
1014 1007 1091 1044 as-

107 1070 342 1138 sumpsit,
387 1084 476 1137 per
499 1067 855 1120 excellentiam
883 1072 1091 1118 sanc-tus

56 1160 66 1167 ··
109 1143 187 1203 vel
228 1142 576 1196 sanctificatus
616 1142 817 1194 dicitur.
862 1139 917 1191 ln
959 1139 1090 1191 cele·

104 1218 180 1271 bri
223 1217 458 1270 vaticinio
487 1215 709 1268 Danielis
738 1214 813 1284 (t)
844 1221 1091 1267 venturus

106 1291 315 1346 Messias
357 1292 647 1342 nominatur
698 1287 905 1342 Sanctus
969 1287 1090 1340 San-

106 1374 312 1423 ctorum,
361 1366 462 1417 imo
502 1365 550 1416 in
605 1371 748 1416 textu
816 1363 1087 1416 hebraico:

105 1439 349 1492 Sanctitas
377 1438 715 1491 Sanctitatttnt,
748 1436 976 1503 Angelus
1002 1452 1090 1488 an—

107 1514 350 1566 nuntians
415 1513 602 1565 Mariae
666 1512 851 1565 Christi
915 1525 1093 1563 eonce-

107 1589 332 1655 ptionem
371 1586 524 1638 dicit:
571 1585 705 1650 Quod
749 1592 973 1637 nascetur
1031 1601 1093 1636 ex

108 1669 149 1713 te
187 1658 442 1721 Sanctam,
498 1660 740 1716 vocabitur
783 1659 945 1712 Filius
1001 1658 1092 1710 Dei

107 1733 204 1806 (2).
251 1733 482 1788 Christus
521 1750 661 1801 ergn,
705 1735 789 1802 qui
830 1740 884 1785 ut
943 1733 1091 1785 homo

106 1826 173 1861 ex
213 1808 370 1862 Maria
413 1815 562 1861 natus
600 1814 696 1870 est,
741 1810 839 1860 iam
881 1809 930 1860 in
978 1813 1090 1859 ortu

107 1899 199 1936 suo
238 1890 447 1936 sanctus
486 1881 794 1950 appellatum
862 1897 927 1933 ex
991 1897 1090 1948 quo

106 1963 267 2025 patet,
310 1957 629 2015 sanctitatem
696 1956 892 2008 Christo
955 1971 1111 2007 com-⁴

105 2031 416 2088 municatam
457 2031 610 2083 fuisse
633 2047 661 2082 a
688 2031 847 2099 primo
885 2029 1089 2083 instanti

105 2106 467 2172 conceptionis,
518 2105 572 2157 S.
616 2104 712 2173 Ap.
769 2103 949 2162 Petrus
1012 2102 1091 2156 lu-

106 2180 278 2239 caeos,
304 2180 386 2247 qui
416 2177 672 2231 Christum
696 2180 1087 2238 interemerunt,

106 2255 335 2321 increpat
356 2253 434 2307 his
456 2254 641 2306 verbis:
686 2253 769 2307 Vos
795 2252 1022 2306 Sanctam
1050 2261 1091 2304 et

109 2328 291 2388 iustum
317 2328 542 2396 negastis,
569 2335 667 2380 etc.
695 2326 968 2397 (5).-Ss.
1004 2326 1092 2379 Pa-

110 2408 214 2454 tres
245 2408 295 2454 et
336 2402 553 2469 theologi
595 2402 789 2461 dicunt,
833 2401 960 2469 quod
1007 2416 1092 2468 per

71 2491 77 2497 ’
111 2476 351 2528 unionem
392 2475 759 2544 hypostaticam
801 2475 1093 2527 humanitas

111 2548 302 2603 Christi.
334 2550 649 2602 sanctificata
696 2551 761 2602 sit
823 2550 1092 2602 sanctitate

112 2623 453 2683 substantiali,
498 2625 596 2677 imo
637 2625 807 2676 divina
872 2630 924 2675 et
987 2622 1091 2675 infi-

111 2698 218 2750 nita
257 2714 345 2765 per
391 2700 846 2769 participationem.
891 2696 957 2753 Ut
1004 2714 1093 2750 au-

111 2777 213 2824 tem
255 2771 408 2824 hocce
449 2772 657 2830 effatum
696 2774 790 2828 rite
846 2772 1095 2840 intelliga-

113 2852 215 2906 tur,
259 2845 565 2898 attendenda
606 2854 683 2899 est
722 2847 947 2899 doctrina
1007 2847 1094 2897 Ee·

112 2919 316 2972 clesiae.
360 2919 496 2978 Haec
534 2921 667 2972 enim
708 2921 873 2980 docet,
942 2921 1092 2972 etiam

112 3000 225 3061 post
285 2996 524 3046 unionem
589 2995 714 3046 duas
774 3001 981 3046 naturas
1046 2995 1094 3048 in

115 3066 312 3125 Christo
353 3069 702 3135 impermixtas
756 3075 807 3120 et
867 3068 1095 3120 inconsu-

116 3157 198 3198 sas
239 3144 612 3210 permansisse3
655 3158 775 3210 ergo
816 3150 998 3195 natura
1027 3141 1096 3193 di·

118 3216 235 3270 vina
275 3231 341 3268 ex
380 3217 516 3268 omni
559 3223 699 3284 parte
739 3216 956 3277 infinita,
1009 3232 1095 3268 na·

120 3293 234 3341 tura
270 3289 493 3343 bumana
534 3307 597 3342 ex
639 3292 773 3343 omni
834 3298 975 3360 parte
1039 3291 1095 3342 fi-

119 3361 221 3413 nita
261 3367 464 3417 mansit.
513 3364 700 3416 ldcirco
764 3365 915 3417 etiam
980 3364 1094 3416 sub-

116 3436 386 3498 stantiam,
429 3438 599 3491 divina
639 3446 691 3491 et
729 3439 922 3492 infinita
981 3455 1097 3491 san-

161 3532 214 3579 (ι)
235 3535 317 3580 cap.
342 3535 378 3579 a,
401 3537 455 3572 ει.
793 3539 838 3584 (ε,
866 3541 998 3585 Luat,
1022 3541 1076 3576 35.

702 166 819 218 ‚Pan’s
855 172 925 210 m..
955 171 1128 217 SECTIO
1166 172 1205 217 1.
1235 170 1398 227 *CAPUT
1436 172 1500 208 W.

1958 155 2062 207 toa
2135 161 2138 165 ’

1151 253 1300 315 etitas
1335 249 1642 313 humanitati
1679 247 1868 305 Christi
1922 267 2033 306 non,
2084 251 2137 313 in

1151 326 1408 381 abstracto
1447 324 1709 387 tribuitur,
1752 323 1841 376 sed
1907 326 1958 377 in
2018 341 2138 381 con-

1152 407 1312 462 creto,
1363 398 1607 468 nimirum
1671 398 1869 451 ratione
1931 398 2135 463 Verbi,

1152 475 1234 527 cui
1275 471 1591 542 hypostatice
1639 473 1780 524 unita
1844 477 1941 534 est,
2003 473 2140 541 quod

1153 549 1305 602 etiam
1329 563 1393 610 ex
1413 545 1583 598 allatis
1604 546 1922 614 argumentis
1948 544 2135 600 elucet.

1153 621 1480 689 operationes
1519 635 1640 694 ergo
1697 619 1916 679 Christi,
1985 618 2140 675 etiam

1153 711 1283 764 quae
1320 694 1512 747 fiebant
1550 693 1604 746 in'
1666 700 1851 746 natura
1914 692 2140 748 humana

1153 775 1300 822 erant
1333 769 1537 820 divinae
1576 773 1626 820 et
1666 767 1865 820 infinite
1907 774 2138 831 sanctae,

1152 843 1240 896 sed
1281 858 1380 895 non
1422 842 1619 894 ratione
1683 842 2045 903 humanitatiS‚
2090 844 2140 895 in

1152 933 1250 986 qua
1308 916 1722 984 perficiebantur,
1791 916 1879 969 sed
1947 918 2142 969 ratione

1153 1007 1399 1059 personae
1441 991 1665 1051 divinae,
1710 1006 1841 1060 quae
1901 1006 1989 1058 per
2055 1007 2142 1044 na-

1154 1073 1319 1119 turam
1362 1065 1638 1119 humanam
1667 1065 1992 1133 operabatur.
2019 1064 2142 1118 San-

1152 1141 1300 1192 ctitas
1334 1155 1476 1207 erge,
1542 1155 1694 1208 quam
1752 1139 1975 1207 theologi
2035 1139 2143 1192 sub-

1151 1213 1425 1266 stantialem
1467 1220 1671 1276 vocant,
1715 1219 1766 1266 et
1813 1229 1944 1283 quae
2007 1221 2142 1267 certe

1153 1289 1324 1341 divina
1364 1295 1414 1339 et
1467 1287 1666 1340 infinita
1729 1294 1826 1349 est,
1894 1293 1972 1340 est
2035 1290 2143 1358 ipsa

1151 1362 1408 1415 Sanc-titas
1448 1362 1601 1417 Verbi
1631 1362 1903 1424 incarnati,
1940 1361 2033 1414 Dei
2058 1362 2144 1416 ho·

1154 1437 1323 1498 miniS‚
1368 1452 1456 1488 seu
1510 1452 1757 1505 personae
1822 1437 2026 1489 divinae
2091 1437 2143 1490 in

1154 1518 1368 1581 utraque
1410 1518 1591 1563 natura
1632 1511 1908 1579 operantiS.
1942 1510 2142 1566 Sancti·

1154 1592 1230 1638 tas
1294 1592 1465 1638 autem
1508 1586 1731 1638 humana
1785 1602 1874 1655 per
1925 1586 2143 1654 gratiam

1153 1660 1378 1712 divinam
1419 1660 1702 1721 obtinetur,
1767 1676 1897 1729 quae
1961 1658 2139 1725 efficit,

1152 1741 1210 1787 ut
1251 1734 1398 1786 homo
1439 1741 1705 1802 peccatum
1747 1734 1908 1800 fugiat
1947 1742 1997 1787 et
2038 1735 2143 1786 vir-

1154 1815 1288 1861 tutes
1309 1815 1566 1861 exerceat.
1594 1807 1777 1872 Quaeri
1807 1823 1928 1875 ergo
1951 1815 2140 1877 potest,

1152 1898 1217 1934 an
1265 1884 1436 1934 anima
1499 1881 1683 1934 Christi
1748 1882 1970 1935 bumana
2027 1899 2142 1950 gra-

1154 1958 1220 2008 tia
1262 1957 1433 2008 divina
1475 1957 1702 2025 praedita
1742 1956 1939 2008 fuerit?
1997 1973 2062 2010 an
2115 1973 2145 2010 a

1155 2032 1284 2083 bono
1324 2030 1561 2093 deficere,
1631 2047 1721 2084 seu
1783 2046 1995 2099 peccare
2060 2046 2144 2100 po-

1156 2105 1345 2157 tuerit?
1384 2121 1449 2157 an
1490 2112 1542 2157 et
1580 2122 1706 2174 quas
1754 2106 1972 2157 virtutes
2001 2121 2144 2157 exer-

1153 2179 1359 2233 cuerit?
1398 2209 1470 2218 -
1511 2180 1572 2231 Ut
1620 2179 1697 2231 his
1762 2180 2144 2247 quaestionibus

1153 2254 1385 2314 satisfiat,
1428 2253 1685 2321 agendum
1713 2260 1790 2305 est
1853 2253 1915 2305 de
1955 2251 2143 2306 Christi

1155 2335 1211 2380 ut
1252 2329 1469 2380 hominis
1509 2327 1814 2379 considerati
1841 2328 2023 2395 qratia,
2052 2327 2143 2379 imo

1147 2402 1495 2471 peccabititate‚
1548 2400 1831 2453 virtutibus

1231 2477 1281 2527 t.
1309 2476 1386 2528 Ad
1414 2477 1740 2529 sanctitatem
1782 2475 2000 2527 hominis
2042 2490 2146 2527 ma-

1156 2550 1291 2602 xime
1349 2551 1623 2618 requiritur
1673 2550 1839 2619 gratia
1883 2548 2145 2603 habitualis

1155 2640 1242 2676 seu
1283 2626 1616 2694 sanctificam,
1659 2640 1788 2693 quae
1836 2629 1913 2676 est
1951 2624 2141 2679 donum

1155 2699 1243 2750 Dei
1274 2698 1462 2751 bomini
1499 2699 1788 2758 inhaerenS‚
1832 2713 2051 2768 eumque
2073 2698 2145 2751 iu·

1155 2780 1311 2832 stum,
1332 2779 1589 2834 sanctum,
1615 2772 1705 2824 Dei
1727 2772 1890 2824 filium
1910 2779 1960 2824 et
1981 2777 2143 2827 aeter·

1158 2864 1250 2900 nae
1278 2847 1469 2915 gloriae
1502 2847 1774 2899 haeredem
1803 2847 2138 2900 constituens,

1155 2922 1367 2985 Quidam
1411 2928 1696 2988 negarunt,
1739 2923 1790 2972 in
1828 2918 2028 2974 Christo
2055 2921 2152 2973 ad·-

1157 2997 1310 3048 fuisse
1354 2998 1569 3064 gratiam
1613 2994 1946 3056 habitualem,
1989 3011 2143 3064 quam

1157 3071 1515 3123 existimarunt
1568 3070 1774 3121 omnino
1826 3069 2140 3136 superfluam

1157 3143 1250 3204 illi,
1275 3144 1357 3212 qui
1402 3160 1487 3211 per
1509 3144 1727 3211 gratiam
1748 3143 1950 3197 unionis
1976 3144 2146 3196 excel·

1160 3218 1436 3269 lentissimo
1459 3218 1606 3270 modo
1637 3218 1983 3282 sanctificatus
2010 3224 2139 3270 erat.

1157 3291 1413 3354 Quomodo
1453 3298 1625 3343 autem
1668 3307 1765 3344 non
1806 3292 2144 3344 obstante‘u-

1160 3368 1307 3417 nione
1349 3366 1665 3434 hypostatica
1706 3367 1757 3418 in
1798 3372 1979 3418 natura
2007 3363 2146 3416 Chri·

1158 3441 1218 3492 sti
1261 3439 1483 3491 humana
1523 3440 1686 3507 gratia
1727 3439 2003 3494 habitualis
2030 3452 2142 3491 esse

1205 3541 1254 3587 (3)
1275 3543 1352 3577 Act.
1379 3544 1439 3588 Δρ.
1453 3541 1488 3585 3,
1511 3541 1566 3578 14.
