<?xml version="1.0" encoding="UTF-8"?>
<!DOCTYPE html PUBLIC "-//W3C//DTD XHTML 1.0 Transitional//EN"
    "http://www.w3.org/TR/xhtml1/DTD/xhtml1-transitional.dtd">
<html xmlns="http://www.w3.org/1999/xhtml" xml:lang="en" lang="en">
 <head>
  <title>
</title>
<meta http-equiv="Content-Type" content="text/html;charset=utf-8" />
  <meta name='ocr-system' content='tesseract 3.04.00' />
  <meta name='ocr-capabilities' content='ocr_page ocr_carea ocr_par ocr_line ocrx_word'/>
</head>
<body>
  <div class='ocr_page' id='page_1' title='image "./theologiae00knoluoft_0447.png"; bbox 0 0 2332 3860; ppageno 0'>
   <div class='ocr_carea' id='block_1_1' title="bbox 118 0 147 37">
    <p class='ocr_par' dir='ltr' id='par_1_1' title="bbox 118 0 147 37">
     <span class='ocr_line' id='line_1_1' title="bbox 118 0 147 23; baseline 0 0"><span class='ocrx_word' id='word_1_1' title='bbox 118 0 147 23; x_wconf 56' lang='grc' dir='ltr'>Ἑί</span> 
     </span>
     <span class='ocr_line' id='line_1_2' title="bbox 134 30 139 37; baseline 0 0"><span class='ocrx_word' id='word_1_2' title='bbox 134 30 139 37; x_wconf 89' lang='grc'><strong>.</strong></span> 
     </span>
    </p>
   </div>
   <div class='ocr_carea' id='block_1_2' title="bbox 739 104 1515 147">
    <p class='ocr_par' dir='ltr' id='par_1_2' title="bbox 739 104 1515 147">
     <span class='ocr_line' id='line_1_3' title="bbox 739 104 1515 147; baseline -0.004 -3"><span class='ocrx_word' id='word_1_3' title='bbox 739 104 858 145; x_wconf 68' lang='lat' dir='ltr'><strong>PARS</strong></span> <span class='ocrx_word' id='word_1_4' title='bbox 895 107 969 145; x_wconf 85' lang='lat' dir='ltr'><strong>m.</strong></span> <span class='ocrx_word' id='word_1_5' title='bbox 1009 112 1177 146; x_wconf 67' lang='lat' dir='ltr'><strong>mnu</strong></span> <span class='ocrx_word' id='word_1_6' title='bbox 1211 112 1250 147; x_wconf 80' lang='grc'><strong>1</strong></span> <span class='ocrx_word' id='word_1_7' title='bbox 1290 104 1443 144; x_wconf 60' lang='lat' dir='ltr'><strong>flam</strong></span> <span class='ocrx_word' id='word_1_8' title='bbox 1478 104 1515 141; x_wconf 75' lang='grc'><strong>1.</strong></span> 
     </span>
    </p>
   </div>
   <div class='ocr_carea' id='block_1_3' title="bbox 1984 84 2094 143">
    <p class='ocr_par' dir='ltr' id='par_1_3' title="bbox 1984 84 2094 143">
     <span class='ocr_line' id='line_1_4' title="bbox 1984 84 2094 143; baseline 0.009 -1"><span class='ocrx_word' id='word_1_9' title='bbox 1984 84 2094 143; x_wconf 64' lang='grc'><strong>439</strong></span> 
     </span>
    </p>
   </div>
   <div class='ocr_carea' id='block_1_4' title="bbox 57 168 2170 479">
    <p class='ocr_par' dir='ltr' id='par_1_4' title="bbox 62 168 2170 479">
     <span class='ocr_line' id='line_1_5' title="bbox 62 168 2165 262; baseline -0.003 -15.819"><span class='ocrx_word' id='word_1_10' title='bbox 62 168 305 262; x_wconf 50' lang='lat' dir='ltr'><strong>³f&#39;itom&#39;nn</strong></span> <span class='ocrx_word' id='word_1_11' title='bbox 329 185 594 244; x_wconf 79' lang='lat' dir='ltr'><strong>hominum</strong></span> <span class='ocrx_word' id='word_1_12' title='bbox 633 201 776 242; x_wconf 86' lang='lat' dir='ltr'><strong>more</strong></span> <span class='ocrx_word' id='word_1_13' title='bbox 801 227 815 250; x_wconf 89' lang='lat'>‚</span> <span class='ocrx_word' id='word_1_14' title='bbox 875 186 966 240; x_wconf 83' lang='lat' dir='ltr'><strong>sed</strong></span> <span class='ocrx_word' id='word_1_15' title='bbox 996 186 1111 241; x_wconf 84' lang='lat' dir='ltr'><strong>vir·</strong></span> <span class='ocrx_word' id='word_1_16' title='bbox 1170 186 1313 240; x_wconf 69' lang='lat' dir='ltr'><strong>datm</strong></span> <span class='ocrx_word' id='word_1_17' title='bbox 1337 190 1407 239; x_wconf 76' lang='lat' dir='ltr'><strong>est</strong></span> <span class='ocrx_word' id='word_1_18' title='bbox 1439 182 1610 238; x_wconf 76' lang='lat' dir='ltr'><strong>nobis·</strong></span> <span class='ocrx_word' id='word_1_19' title='bbox 1627 188 1672 236; x_wconf 79' lang='lat' dir='ltr'><strong>et</strong></span> <span class='ocrx_word' id='word_1_20' title='bbox 1707 181 1960 236; x_wconf 76' lang='lat' dir='ltr'><strong>vocabitur</strong></span> <span class='ocrx_word' id='word_1_21' title='bbox 1993 200 2165 240; x_wconf 82' lang='lat' dir='ltr'><strong>nomen</strong></span> 
     </span>
     <span class='ocr_line' id='line_1_6' title="bbox 69 255 2165 332; baseline -0.003 -12.861"><span class='ocrx_word' id='word_1_22' title='bbox 69 270 228 319; x_wconf 73' lang='lat' dir='ltr'><strong>tute</strong></span> <span class='ocrx_word' id='word_1_23' title='bbox 246 256 666 332; x_wconf 71' lang='lat' dir='ltr'><strong>supervenientis</strong></span> <span class='ocrx_word' id='word_1_24' title='bbox 690 259 911 330; x_wconf 73' lang='lat' dir='ltr'>Spiritus</span> <span class='ocrx_word' id='word_1_25' title='bbox 931 261 1107 315; x_wconf 77' lang='lat' dir='ltr'><strong>Sancti</strong></span> <span class='ocrx_word' id='word_1_26' title='bbox 1169 262 1273 314; x_wconf 81' lang='lat' dir='ltr'><strong>eius</strong></span> <span class='ocrx_word' id='word_1_27' title='bbox 1297 258 1623 324; x_wconf 74' lang='lat' dir='ltr'><strong>admirabilis,</strong></span> <span class='ocrx_word' id='word_1_28' title='bbox 1651 255 1985 320; x_wconf 75' lang='lat' dir='ltr'><strong><em>consiliarius,</em></strong></span> <span class='ocrx_word' id='word_1_29' title='bbox 2014 258 2165 329; x_wconf 71' lang='lat' dir='ltr'><strong>Deae,</strong></span> 
     </span>
     <span class='ocr_line' id='line_1_7' title="bbox 57 330 2170 406; baseline -0.003 -12.852"><span class='ocrx_word' id='word_1_30' title='bbox 57 342 417 406; x_wconf 75' lang='lat' dir='ltr'><strong>conceptum</strong></span> <span class='ocrx_word' id='word_1_31' title='bbox 455 350 608 399; x_wconf 87' lang='lat' dir='ltr'><strong>esse,</strong></span> <span class='ocrx_word' id='word_1_32' title='bbox 650 340 805 405; x_wconf 82' lang='lat' dir='ltr'><strong>atque</strong></span> <span class='ocrx_word' id='word_1_33' title='bbox 849 335 964 388; x_wconf 91' lang='lat' dir='ltr'><strong>ideo</strong></span> <span class='ocrx_word' id='word_1_34' title='bbox 1001 335 1107 390; x_wconf 85' lang='lat' dir='ltr'><strong>Ma·</strong></span> <span class='ocrx_word' id='word_1_35' title='bbox 1166 335 1331 403; x_wconf 67' lang='lat' dir='ltr'><strong>form,</strong></span> <span class='ocrx_word' id='word_1_36' title='bbox 1365 341 1510 402; x_wconf 82' lang='lat' dir='ltr'><strong>pater</strong></span> <span class='ocrx_word' id='word_1_37' title='bbox 1526 331 1692 403; x_wconf 73' lang='lat' dir='ltr'><strong>samri</strong></span> <span class='ocrx_word' id='word_1_38' title='bbox 1715 330 1922 392; x_wconf 79' lang='lat' dir='ltr'><strong>saeculi,</strong></span> <span class='ocrx_word' id='word_1_39' title='bbox 1941 333 2170 403; x_wconf 75' lang='lat' dir='ltr'><strong>princeps</strong></span> 
     </span>
     <span class='ocr_line' id='line_1_8' title="bbox 108 405 2166 479; baseline -0.003 -13"><span class='ocrx_word' id='word_1_40' title='bbox 108 411 238 466; x_wconf 77' lang='lat' dir='ltr'><strong>riam</strong></span> <span class='ocrx_word' id='word_1_41' title='bbox 276 416 398 464; x_wconf 77' lang='lat' dir='ltr'><strong>ante</strong></span> <span class='ocrx_word' id='word_1_42' title='bbox 432 417 636 479; x_wconf 80' lang='lat' dir='ltr'><strong>partum</strong></span> <span class='ocrx_word' id='word_1_43' title='bbox 676 424 800 463; x_wconf 88' lang='lat' dir='ltr'><strong>vere</strong></span> <span class='ocrx_word' id='word_1_44' title='bbox 842 408 1104 477; x_wconf 85' lang='lat' dir='ltr'><strong>Virginem</strong></span> <span class='ocrx_word' id='word_1_45' title='bbox 1161 410 1360 477; x_wconf 77' lang='lat' dir='ltr'><strong>pacis,-</strong></span> <span class='ocrx_word' id='word_1_46' title='bbox 1337 423 1439 460; x_wconf 85' lang='lat' dir='ltr'><strong>-ac</strong></span> <span class='ocrx_word' id='word_1_47' title='bbox 1478 413 1655 476; x_wconf 88' lang='lat' dir='ltr'><strong>postea</strong></span> <span class='ocrx_word' id='word_1_48' title='bbox 1687 406 1834 473; x_wconf 85' lang='lat' dir='ltr'><strong>regni</strong></span> <span class='ocrx_word' id='word_1_49' title='bbox 1862 405 2021 474; x_wconf 91' lang='lat' dir='ltr'><strong>ipsius</strong></span> <span class='ocrx_word' id='word_1_50' title='bbox 2059 422 2166 460; x_wconf 83' lang='lat' dir='ltr'><strong>ma-</strong></span> 
     </span>
    </p>
   </div>
   <div class='ocr_carea' id='block_1_5' title="bbox 47 468 1106 702">
    <p class='ocr_par' dir='ltr' id='par_1_5' title="bbox 47 468 1106 702">
     <span class='ocr_line' id='line_1_9' title="bbox 47 468 1106 552; baseline -0.005 -11.694"><span class='ocrx_word' id='word_1_51' title='bbox 47 468 358 540; x_wconf 51' lang='lat' dir='ltr'><strong>sextitisse.</strong></span> <span class='ocrx_word' id='word_1_52' title='bbox 401 481 722 552; x_wconf 82' lang='lat' dir='ltr'><strong>Argumenta</strong></span> <span class='ocrx_word' id='word_1_53' title='bbox 779 499 842 537; x_wconf 71' lang='lat' dir='ltr'><strong>esa</strong></span> <span class='ocrx_word' id='word_1_54' title='bbox 885 482 938 536; x_wconf 91' lang='lat' dir='ltr'><strong>S.</strong></span> <span class='ocrx_word' id='word_1_55' title='bbox 970 483 1106 537; x_wconf 84' lang='lat' dir='ltr'><strong>Scri-</strong></span> 
     </span>
     <span class='ocr_line' id='line_1_10' title="bbox 103 557 1103 630; baseline -0.001 -19"><span class='ocrx_word' id='word_1_56' title='bbox 103 566 255 630; x_wconf 73' lang='lat' dir='ltr'><strong>ptura</strong></span> <span class='ocrx_word' id='word_1_57' title='bbox 292 557 465 611; x_wconf 60' lang='lat' dir='ltr'><strong>veteris</strong></span> <span class='ocrx_word' id='word_1_58' title='bbox 501 564 546 610; x_wconf 82' lang='lat' dir='ltr'><strong>et</strong></span> <span class='ocrx_word' id='word_1_59' title='bbox 583 558 695 610; x_wconf 80' lang='lat' dir='ltr'><strong>novi</strong></span> <span class='ocrx_word' id='word_1_60' title='bbox 750 557 994 625; x_wconf 75' lang='lat' dir='ltr'><strong>foederis,</strong></span> <span class='ocrx_word' id='word_1_61' title='bbox 1042 574 1103 610; x_wconf 70' lang='lat' dir='ltr'><strong>eac</strong></span> 
     </span>
     <span class='ocr_line' id='line_1_11' title="bbox 79 624 1102 702; baseline -0.001 -16.976"><span class='ocrx_word' id='word_1_62' title='bbox 79 624 186 686; x_wconf 67' lang='lat' dir='ltr'><strong>Sc.</strong></span> <span class='ocrx_word' id='word_1_63' title='bbox 229 631 457 685; x_wconf 75' lang='lat' dir='ltr'><strong>Patribus</strong></span> <span class='ocrx_word' id='word_1_64' title='bbox 501 638 547 683; x_wconf 86' lang='lat' dir='ltr'><strong>et</strong></span> <span class='ocrx_word' id='word_1_65' title='bbox 596 631 959 702; x_wconf 76' lang='lat' dir='ltr'><strong>definitionibus</strong></span> <span class='ocrx_word' id='word_1_66' title='bbox 1008 631 1102 684; x_wconf 87' lang='lat' dir='ltr'><strong>Ec-</strong></span> 
     </span>
    </p>
   </div>
   <div class='ocr_carea' id='block_1_6' title="bbox 101 705 704 775">
    <p class='ocr_par' dir='ltr' id='par_1_6' title="bbox 101 705 704 775">
     <span class='ocr_line' id='line_1_12' title="bbox 101 705 704 775; baseline -0.003 -16"><span class='ocrx_word' id='word_1_67' title='bbox 101 705 271 759; x_wconf 77' lang='lat' dir='ltr'><strong>clesiae</strong></span> <span class='ocrx_word' id='word_1_68' title='bbox 309 705 704 775; x_wconf 83' lang='lat' dir='ltr'><strong>depromuntur.</strong></span> 
     </span>
    </p>
   </div>
   <div class='ocr_carea' id='block_1_7' title="bbox 82 1075 793 1143">
    <p class='ocr_par' dir='ltr' id='par_1_7' title="bbox 82 1075 793 1143">
     <span class='ocr_line' id='line_1_13' title="bbox 82 1075 793 1143; baseline -0.001 -16"><span class='ocrx_word' id='word_1_69' title='bbox 82 1075 331 1143; x_wconf 73' lang='lat' dir='ltr'><strong>ticinium</strong></span> <span class='ocrx_word' id='word_1_70' title='bbox 371 1075 533 1128; x_wconf 80' lang='lat' dir='ltr'><strong>isaiae</strong></span> <span class='ocrx_word' id='word_1_71' title='bbox 585 1075 639 1137; x_wconf 91' lang='lat'><strong>7,</strong></span> <span class='ocrx_word' id='word_1_72' title='bbox 686 1076 752 1127; x_wconf 71' lang='lat' dir='ltr'><strong>tlt</strong></span> <span class='ocrx_word' id='word_1_73' title='bbox 780 1115 793 1137; x_wconf 91' lang='lat'>‚</span> 
     </span>
    </p>
   </div>
   <div class='ocr_carea' id='block_1_8' title="bbox 99 778 1099 996">
    <p class='ocr_par' dir='ltr' id='par_1_8' title="bbox 99 778 1099 996">
     <span class='ocr_line' id='line_1_14' title="bbox 175 778 1093 847; baseline -0.001 -15"><span class='ocrx_word' id='word_1_74' title='bbox 175 779 227 832; x_wconf 76' lang='grc'><strong>1.</strong></span> <span class='ocrx_word' id='word_1_75' title='bbox 271 778 379 832; x_wconf 88' lang='lat' dir='ltr'><strong>lam</strong></span> <span class='ocrx_word' id='word_1_76' title='bbox 419 781 472 832; x_wconf 80' lang='lat' dir='ltr'><strong>in</strong></span> <span class='ocrx_word' id='word_1_77' title='bbox 521 779 574 832; x_wconf 89' lang='lat' dir='ltr'><strong><em>S.</em></strong></span> <span class='ocrx_word' id='word_1_78' title='bbox 618 779 877 847; x_wconf 76' lang='lat' dir='ltr'><strong><em>Scriptura</em></strong></span> <span class='ocrx_word' id='word_1_79' title='bbox 935 778 990 831; x_wconf 93' lang='lat' dir='ltr'><strong>V.</strong></span> <span class='ocrx_word' id='word_1_80' title='bbox 1038 778 1093 831; x_wconf 85' lang='lat' dir='ltr'><strong>T.</strong></span> 
     </span>
     <span class='ocr_line' id='line_1_15' title="bbox 99 853 1099 922; baseline -0.003 -16"><span class='ocrx_word' id='word_1_81' title='bbox 99 853 420 922; x_wconf 80' lang='lat' dir='ltr'><strong>praedictum</strong></span> <span class='ocrx_word' id='word_1_82' title='bbox 473 853 605 915; x_wconf 81' lang='lat' dir='ltr'><strong>fuit,</strong></span> <span class='ocrx_word' id='word_1_83' title='bbox 648 853 886 906; x_wconf 82' lang='lat' dir='ltr'><strong>Messinm</strong></span> <span class='ocrx_word' id='word_1_84' title='bbox 932 854 1099 904; x_wconf 87' lang='lat' dir='ltr'><strong>conci-</strong></span> 
     </span>
     <span class='ocr_line' id='line_1_16' title="bbox 99 925 1097 996; baseline -0.001 -17"><span class='ocrx_word' id='word_1_85' title='bbox 99 926 341 996; x_wconf 81' lang='lat' dir='ltr'><strong>piendum</strong></span> <span class='ocrx_word' id='word_1_86' title='bbox 384 934 432 980; x_wconf 88' lang='lat' dir='ltr'><strong>et</strong></span> <span class='ocrx_word' id='word_1_87' title='bbox 462 928 765 995; x_wconf 87' lang='lat' dir='ltr'><strong>pariendum</strong></span> <span class='ocrx_word' id='word_1_88' title='bbox 793 942 905 978; x_wconf 87' lang='lat' dir='ltr'><strong>esse</strong></span> <span class='ocrx_word' id='word_1_89' title='bbox 931 942 960 978; x_wconf 88' lang='lat' dir='ltr'><strong>a</strong></span> <span class='ocrx_word' id='word_1_90' title='bbox 983 925 1097 980; x_wconf 91' lang='lat' dir='ltr'><strong>Vir-</strong></span> 
     </span>
    </p>
   </div>
   <div class='ocr_carea' id='block_1_9' title="bbox 96 1000 1095 1127">
    <p class='ocr_par' dir='ltr' id='par_1_9' title="bbox 96 1000 1095 1127">
     <span class='ocr_line' id='line_1_17' title="bbox 96 1000 1095 1127; baseline -0.001 -74"><span class='ocrx_word' id='word_1_91' title='bbox 96 1000 240 1070; x_wconf 31' lang='lat' dir='ltr'><strong>ginei</strong></span> <span class='ocrx_word' id='word_1_92' title='bbox 271 1001 428 1054; x_wconf 81' lang='lat' dir='ltr'><strong>Extat</strong></span> <span class='ocrx_word' id='word_1_93' title='bbox 466 1001 564 1054; x_wconf 91' lang='lat' dir='ltr'><strong>hac</strong></span> <span class='ocrx_word' id='word_1_94' title='bbox 601 1001 665 1054; x_wconf 89' lang='lat' dir='ltr'><strong>de</strong></span> <span class='ocrx_word' id='word_1_95' title='bbox 694 1017 749 1053; x_wconf 92' lang='lat' dir='ltr'><strong>re</strong></span> <span class='ocrx_word' id='word_1_96' title='bbox 776 1000 1095 1127; x_wconf 54' lang='lat' dir='ltr'><strong>celegrepva-</strong></span> 
     </span>
     <span class='ocr_line' id='line_1_18' title="bbox 847 1090 1095 1127; baseline 0.004 -1"><span class='ocrx_word' id='word_1_97' title='bbox 847 1090 877 1126; x_wconf 91' lang='lat' dir='ltr'><strong>u</strong></span> <span class='ocrx_word' id='word_1_98' title='bbox 918 1090 930 1126; x_wconf 85' lang='grc' dir='ltr'>ι</span> <span class='ocrx_word' id='word_1_99' title='bbox 1020 1091 1095 1127; x_wconf 92' lang='lat' dir='ltr'><strong>ro·</strong></span> 
     </span>
    </p>
   </div>
   <div class='ocr_carea' id='block_1_10' title="bbox 54 1147 1096 1218">
    <p class='ocr_par' dir='ltr' id='par_1_10' title="bbox 54 1147 1096 1218">
     <span class='ocr_line' id='line_1_19' title="bbox 54 1147 1096 1218; baseline 0.001 -18"><span class='ocrx_word' id='word_1_100' title='bbox 54 1157 72 1186; x_wconf 64' lang='lat' dir='ltr'><em>f</em></span> <span class='ocrx_word' id='word_1_101' title='bbox 96 1147 251 1218; x_wconf 87' lang='lat' dir='ltr'><strong>pheta</strong></span> <span class='ocrx_word' id='word_1_102' title='bbox 278 1190 291 1212; x_wconf 91' lang='lat'><strong>,</strong></span> <span class='ocrx_word' id='word_1_103' title='bbox 335 1165 453 1202; x_wconf 90' lang='lat' dir='ltr'><strong>cum</strong></span> <span class='ocrx_word' id='word_1_104' title='bbox 506 1147 678 1201; x_wconf 86' lang='lat' dir='ltr'><strong>Achaz</strong></span> <span class='ocrx_word' id='word_1_105' title='bbox 719 1147 827 1202; x_wconf 85' lang='lat' dir='ltr'><strong>Rex</strong></span> <span class='ocrx_word' id='word_1_106' title='bbox 868 1148 991 1200; x_wconf 85' lang='lat' dir='ltr'><strong>Iuda</strong></span> <span class='ocrx_word' id='word_1_107' title='bbox 1032 1150 1096 1200; x_wconf 89' lang='lat' dir='ltr'><strong>si-</strong></span> 
     </span>
    </p>
   </div>
   <div class='ocr_carea' id='block_1_11' title="bbox 94 1223 1095 1363">
    <p class='ocr_par' dir='ltr' id='par_1_11' title="bbox 94 1223 1095 1363">
     <span class='ocr_line' id='line_1_20' title="bbox 94 1223 1095 1292; baseline -0.001 -18"><span class='ocrx_word' id='word_1_108' title='bbox 94 1237 255 1290; x_wconf 87' lang='lat' dir='ltr'><strong>gnum</strong></span> <span class='ocrx_word' id='word_1_109' title='bbox 295 1238 386 1276; x_wconf 91' lang='lat' dir='ltr'><strong>seu</strong></span> <span class='ocrx_word' id='word_1_110' title='bbox 428 1223 735 1275; x_wconf 79' lang='lat' dir='ltr'><strong>miraculum</strong></span> <span class='ocrx_word' id='word_1_111' title='bbox 781 1230 954 1292; x_wconf 85' lang='lat' dir='ltr'><strong>petere</strong></span> <span class='ocrx_word' id='word_1_112' title='bbox 1006 1238 1095 1274; x_wconf 90' lang='lat' dir='ltr'><strong>au·</strong></span> 
     </span>
     <span class='ocr_line' id='line_1_21' title="bbox 94 1297 1088 1363; baseline 0 -15"><span class='ocrx_word' id='word_1_113' title='bbox 94 1311 183 1348; x_wconf 90' lang='lat' dir='ltr'><strong>sus</strong></span> <span class='ocrx_word' id='word_1_114' title='bbox 223 1312 323 1349; x_wconf 92' lang='lat' dir='ltr'><strong>non</strong></span> <span class='ocrx_word' id='word_1_115' title='bbox 366 1298 544 1348; x_wconf 84' lang='lat' dir='ltr'><strong>fuisset</strong></span> <span class='ocrx_word' id='word_1_116' title='bbox 571 1337 583 1358; x_wconf 92' lang='lat'>,</span> <span class='ocrx_word' id='word_1_117' title='bbox 636 1297 763 1363; x_wconf 77' lang='lat' dir='ltr'><strong>haec</strong></span> <span class='ocrx_word' id='word_1_118' title='bbox 823 1299 1088 1363; x_wconf 83' lang='lat' dir='ltr'><strong>reposuit:</strong></span> 
     </span>
    </p>
   </div>
   <div class='ocr_carea' id='block_1_12' title="bbox 69 1367 1094 1439">
    <p class='ocr_par' dir='ltr' id='par_1_12' title="bbox 69 1367 1094 1439">
     <span class='ocr_line' id='line_1_22' title="bbox 69 1367 1094 1439; baseline 0 -17"><span class='ocrx_word' id='word_1_119' title='bbox 69 1367 307 1439; x_wconf 57' lang='lat' dir='ltr'><strong>&gt;Propter</strong></span> <span class='ocrx_word' id='word_1_120' title='bbox 346 1369 431 1423; x_wconf 82' lang='lat' dir='ltr'><strong>hoc</strong></span> <span class='ocrx_word' id='word_1_121' title='bbox 457 1370 696 1423; x_wconf 76' lang='lat' dir='ltr'><strong>Dominus</strong></span> <span class='ocrx_word' id='word_1_122' title='bbox 723 1371 821 1439; x_wconf 82' lang='lat' dir='ltr'><strong>ipse</strong></span> <span class='ocrx_word' id='word_1_123' title='bbox 859 1370 989 1422; x_wconf 81' lang='lat' dir='ltr'><strong>dabit</strong></span> <span class='ocrx_word' id='word_1_124' title='bbox 1016 1387 1094 1422; x_wconf 86' lang='lat' dir='ltr'><strong>vo·</strong></span> 
     </span>
    </p>
   </div>
   <div class='ocr_carea' id='block_1_13' title="bbox 93 1442 1091 1513">
    <p class='ocr_par' dir='ltr' id='par_1_13' title="bbox 93 1442 1091 1513">
     <span class='ocr_line' id='line_1_23' title="bbox 93 1442 1091 1513; baseline 0.001 -18"><span class='ocrx_word' id='word_1_125' title='bbox 93 1442 163 1496; x_wconf 83' lang='lat' dir='ltr'><strong>bis</strong></span> <span class='ocrx_word' id='word_1_126' title='bbox 201 1446 420 1513; x_wconf 65' lang='lat' dir='ltr'><strong>sianum:</strong></span> <span class='ocrx_word' id='word_1_127' title='bbox 461 1444 582 1497; x_wconf 86' lang='lat' dir='ltr'><strong>Ecce</strong></span> <span class='ocrx_word' id='word_1_128' title='bbox 617 1445 761 1513; x_wconf 73' lang='lat' dir='ltr'><strong>Virqo</strong></span> <span class='ocrx_word' id='word_1_129' title='bbox 799 1445 1028 1512; x_wconf 78' lang='lat' dir='ltr'><strong>concipiet</strong></span> <span class='ocrx_word' id='word_1_130' title='bbox 1049 1454 1091 1496; x_wconf 87' lang='lat' dir='ltr'><strong>et</strong></span> 
     </span>
    </p>
   </div>
   <div class='ocr_carea' id='block_1_14' title="bbox 0 1518 1091 1734">
    <p class='ocr_par' dir='ltr' id='par_1_14' title="bbox 0 1518 1091 1734">
     <span class='ocr_line' id='line_1_24' title="bbox 0 1518 1090 1587; baseline 0.002 -18"><span class='ocrx_word' id='word_1_131' title='bbox 0 1562 1 1579; x_wconf 62' lang='grc'><strong>,</strong></span> <span class='ocrx_word' id='word_1_132' title='bbox 87 1519 249 1586; x_wconf 83' lang='lat' dir='ltr'><strong>pariet</strong></span> <span class='ocrx_word' id='word_1_133' title='bbox 286 1518 481 1587; x_wconf 77' lang='lat' dir='ltr'><strong>filium,</strong></span> <span class='ocrx_word' id='word_1_134' title='bbox 525 1526 568 1570; x_wconf 87' lang='lat' dir='ltr'><strong>et</strong></span> <span class='ocrx_word' id='word_1_135' title='bbox 613 1518 866 1571; x_wconf 78' lang='lat' dir='ltr'><strong>vocabitur</strong></span> <span class='ocrx_word' id='word_1_136' title='bbox 918 1534 1090 1571; x_wconf 79' lang='lat' dir='ltr'><strong>nomen</strong></span> 
     </span>
     <span class='ocr_line' id='line_1_25' title="bbox 0 1581 1090 1661; baseline 0.002 -18"><span class='ocrx_word' id='word_1_137' title='bbox 0 1581 1 1636; x_wconf 56' lang='grc' dir='ltr'><strong>ἶ</strong></span> <span class='ocrx_word' id='word_1_138' title='bbox 88 1593 195 1643; x_wconf 80' lang='lat' dir='ltr'><strong>eius</strong></span> <span class='ocrx_word' id='word_1_139' title='bbox 223 1592 535 1659; x_wconf 82' lang='lat' dir='ltr'><strong>Emmanuel3</strong></span> <span class='ocrx_word' id='word_1_140' title='bbox 561 1595 872 1661; x_wconf 85' lang='lat' dir='ltr'><strong>promittitur</strong></span> <span class='ocrx_word' id='word_1_141' title='bbox 892 1591 973 1644; x_wconf 87' lang='lat' dir='ltr'><strong>hic</strong></span> <span class='ocrx_word' id='word_1_142' title='bbox 1010 1609 1090 1645; x_wconf 85' lang='lat' dir='ltr'><strong>res</strong></span> 
     </span>
     <span class='ocr_line' id='line_1_26' title="bbox 0 1665 1091 1734; baseline 0.001 -16"><span class='ocrx_word' id='word_1_143' title='bbox 0 1691 1 1725; x_wconf 67' lang='lat'>3</span> <span class='ocrx_word' id='word_1_144' title='bbox 89 1665 523 1727; x_wconf 84' lang='lat' dir='ltr'><strong>extraordinaria,</strong></span> <span class='ocrx_word' id='word_1_145' title='bbox 566 1683 719 1734; x_wconf 90' lang='lat' dir='ltr'><strong>supra</strong></span> <span class='ocrx_word' id='word_1_146' title='bbox 764 1674 976 1718; x_wconf 84' lang='lat' dir='ltr'><strong>naturae</strong></span> <span class='ocrx_word' id='word_1_147' title='bbox 1018 1669 1091 1719; x_wconf 90' lang='lat' dir='ltr'><strong>vi·</strong></span> 
     </span>
    </p>
   </div>
   <div class='ocr_carea' id='block_1_15' title="bbox 88 1741 1091 2178">
    <p class='ocr_par' dir='ltr' id='par_1_15' title="bbox 88 1741 1091 2178">
     <span class='ocr_line' id='line_1_27' title="bbox 90 1741 1091 1808; baseline 0.001 -17"><span class='ocrx_word' id='word_1_148' title='bbox 90 1755 172 1792; x_wconf 87' lang='lat' dir='ltr'><strong>res</strong></span> <span class='ocrx_word' id='word_1_149' title='bbox 213 1741 394 1808; x_wconf 86' lang='lat' dir='ltr'><strong>posita,</strong></span> <span class='ocrx_word' id='word_1_150' title='bbox 426 1756 604 1791; x_wconf 87' lang='lat' dir='ltr'><strong>verum</strong></span> <span class='ocrx_word' id='word_1_151' title='bbox 634 1742 839 1807; x_wconf 87' lang='lat' dir='ltr'><strong>signum</strong></span> <span class='ocrx_word' id='word_1_152' title='bbox 880 1757 970 1792; x_wconf 89' lang='lat' dir='ltr'><strong>seu</strong></span> <span class='ocrx_word' id='word_1_153' title='bbox 1002 1744 1091 1792; x_wconf 90' lang='lat' dir='ltr'><strong>mi-</strong></span> 
     </span>
     <span class='ocr_line' id='line_1_28' title="bbox 89 1814 1087 1884; baseline 0 -18"><span class='ocrx_word' id='word_1_154' title='bbox 89 1814 344 1875; x_wconf 84' lang='lat' dir='ltr'><strong>raculum,</strong></span> <span class='ocrx_word' id='word_1_155' title='bbox 387 1815 519 1884; x_wconf 89' lang='lat' dir='ltr'><strong>quod</strong></span> <span class='ocrx_word' id='word_1_156' title='bbox 553 1814 850 1866; x_wconf 84' lang='lat' dir='ltr'><strong>nullatenus</strong></span> <span class='ocrx_word' id='word_1_157' title='bbox 889 1817 1087 1867; x_wconf 86' lang='lat' dir='ltr'><strong>evenis-</strong></span> 
     </span>
     <span class='ocr_line' id='line_1_29' title="bbox 89 1888 1086 1958; baseline 0 -18"><span class='ocrx_word' id='word_1_158' title='bbox 89 1893 186 1950; x_wconf 85' lang='lat' dir='ltr'><strong>set,</strong></span> <span class='ocrx_word' id='word_1_159' title='bbox 230 1889 271 1940; x_wconf 91' lang='lat' dir='ltr'><strong>si</strong></span> <span class='ocrx_word' id='word_1_160' title='bbox 310 1905 392 1949; x_wconf 88' lang='lat' dir='ltr'><strong>ea,</strong></span> <span class='ocrx_word' id='word_1_161' title='bbox 436 1905 566 1958; x_wconf 88' lang='lat' dir='ltr'><strong>quae</strong></span> <span class='ocrx_word' id='word_1_162' title='bbox 612 1888 764 1956; x_wconf 86' lang='lat' dir='ltr'><strong>Virgo</strong></span> <span class='ocrx_word' id='word_1_163' title='bbox 806 1889 919 1949; x_wconf 89' lang='lat' dir='ltr'><strong>fuit,</strong></span> <span class='ocrx_word' id='word_1_164' title='bbox 955 1896 1086 1956; x_wconf 89' lang='lat' dir='ltr'><strong>post·</strong></span> 
     </span>
     <span class='ocr_line' id='line_1_30' title="bbox 90 1962 1089 2015; baseline 0 0"><span class='ocrx_word' id='word_1_165' title='bbox 90 1962 296 2015; x_wconf 88' lang='lat' dir='ltr'><strong>modum</strong></span> <span class='ocrx_word' id='word_1_166' title='bbox 339 1979 405 2014; x_wconf 85' lang='lat' dir='ltr'><strong>ex</strong></span> <span class='ocrx_word' id='word_1_167' title='bbox 450 1962 644 2014; x_wconf 80' lang='lat' dir='ltr'><strong>carnali</strong></span> <span class='ocrx_word' id='word_1_168' title='bbox 687 1964 994 2015; x_wconf 86' lang='lat' dir='ltr'><strong>commercio</strong></span> <span class='ocrx_word' id='word_1_169' title='bbox 1034 1964 1089 2015; x_wconf 77' lang='lat' dir='ltr'><strong>si·</strong></span> 
     </span>
     <span class='ocr_line' id='line_1_31' title="bbox 90 2035 1084 2105; baseline 0.001 -17"><span class='ocrx_word' id='word_1_170' title='bbox 90 2035 213 2088; x_wconf 90' lang='lat' dir='ltr'><strong>lium</strong></span> <span class='ocrx_word' id='word_1_171' title='bbox 255 2038 547 2104; x_wconf 88' lang='lat' dir='ltr'><strong>conciperet</strong></span> <span class='ocrx_word' id='word_1_172' title='bbox 585 2044 637 2089; x_wconf 91' lang='lat' dir='ltr'><strong>et</strong></span> <span class='ocrx_word' id='word_1_173' title='bbox 675 2044 895 2105; x_wconf 77' lang='lat' dir='ltr'><strong>pareret3</strong></span> <span class='ocrx_word' id='word_1_174' title='bbox 929 2039 1084 2089; x_wconf 81' lang='lat' dir='ltr'><strong>verbu</strong></span> 
     </span>
     <span class='ocr_line' id='line_1_32' title="bbox 88 2109 1083 2178; baseline 0 -16"><span class='ocrx_word' id='word_1_175' title='bbox 88 2125 212 2177; x_wconf 86' lang='lat' dir='ltr'><strong>ergo</strong></span> <span class='ocrx_word' id='word_1_176' title='bbox 241 2109 400 2162; x_wconf 79' lang='lat' dir='ltr'><strong>isaiae</strong></span> <span class='ocrx_word' id='word_1_177' title='bbox 430 2113 720 2162; x_wconf 84' lang='lat' dir='ltr'><strong>necessario</strong></span> <span class='ocrx_word' id='word_1_178' title='bbox 750 2112 1083 2178; x_wconf 82' lang='lat' dir='ltr'><strong>intelligenda</strong></span> 
     </span>
    </p>
   </div>
   <div class='ocr_carea' id='block_1_16' title="bbox 44 2183 1083 2251">
    <p class='ocr_par' dir='ltr' id='par_1_16' title="bbox 44 2183 1083 2251">
     <span class='ocr_line' id='line_1_33' title="bbox 44 2183 1083 2251; baseline -0.001 -14"><span class='ocrx_word' id='word_1_179' title='bbox 44 2222 62 2243; x_wconf 83' lang='grc'><strong>.</strong></span> <span class='ocrx_word' id='word_1_180' title='bbox 89 2191 210 2237; x_wconf 88' lang='lat' dir='ltr'><strong>sunt</strong></span> <span class='ocrx_word' id='word_1_181' title='bbox 236 2184 299 2235; x_wconf 86' lang='lat' dir='ltr'><strong>de</strong></span> <span class='ocrx_word' id='word_1_182' title='bbox 328 2183 538 2251; x_wconf 81' lang='lat' dir='ltr'><strong>Virgine</strong></span> <span class='ocrx_word' id='word_1_183' title='bbox 567 2186 676 2236; x_wconf 87' lang='lat' dir='ltr'><strong>sine</strong></span> <span class='ocrx_word' id='word_1_184' title='bbox 704 2187 959 2237; x_wconf 89' lang='lat' dir='ltr'><strong>consortio</strong></span> <span class='ocrx_word' id='word_1_185' title='bbox 991 2187 1083 2236; x_wconf 86' lang='lat' dir='ltr'><strong>viri</strong></span> 
     </span>
    </p>
   </div>
   <div class='ocr_carea' id='block_1_17' title="bbox 88 2259 1089 2768">
    <p class='ocr_par' dir='ltr' id='par_1_17' title="bbox 88 2259 1089 2768">
     <span class='ocr_line' id='line_1_34' title="bbox 88 2259 1083 2326; baseline 0 -16"><span class='ocrx_word' id='word_1_186' title='bbox 88 2259 406 2326; x_wconf 81' lang='lat' dir='ltr'><strong>concipiente</strong></span> <span class='ocrx_word' id='word_1_187' title='bbox 434 2265 486 2310; x_wconf 87' lang='lat' dir='ltr'><strong>et</strong></span> <span class='ocrx_word' id='word_1_188' title='bbox 508 2261 757 2326; x_wconf 88' lang='lat' dir='ltr'><strong>pariente.</strong></span> <span class='ocrx_word' id='word_1_189' title='bbox 775 2290 794 2298; x_wconf 92' lang='lat'>-</span> <span class='ocrx_word' id='word_1_190' title='bbox 813 2259 884 2311; x_wconf 87' lang='lat' dir='ltr'><strong>De</strong></span> <span class='ocrx_word' id='word_1_191' title='bbox 903 2259 1083 2312; x_wconf 75' lang='lat' dir='ltr'><strong>Messia</strong></span> 
     </span>
     <span class='ocr_line' id='line_1_35' title="bbox 88 2333 1087 2401; baseline -0.001 -16"><span class='ocrx_word' id='word_1_192' title='bbox 88 2339 262 2385; x_wconf 82' lang='lat' dir='ltr'><strong>autem</strong></span> <span class='ocrx_word' id='word_1_193' title='bbox 304 2333 386 2385; x_wconf 88' lang='lat' dir='ltr'><strong>hic</strong></span> <span class='ocrx_word' id='word_1_194' title='bbox 426 2347 718 2385; x_wconf 89' lang='lat' dir='ltr'><strong>sermonem</strong></span> <span class='ocrx_word' id='word_1_195' title='bbox 757 2349 902 2393; x_wconf 89' lang='lat' dir='ltr'><strong>esse,</strong></span> <span class='ocrx_word' id='word_1_196' title='bbox 948 2340 1087 2401; x_wconf 85' lang='lat' dir='ltr'><strong>patet</strong></span> 
     </span>
     <span class='ocr_line' id='line_1_36' title="bbox 91 2407 1086 2476; baseline 0 -18"><span class='ocrx_word' id='word_1_197' title='bbox 91 2412 199 2458; x_wconf 91' lang='lat' dir='ltr'><strong>tum</strong></span> <span class='ocrx_word' id='word_1_198' title='bbox 241 2422 307 2459; x_wconf 88' lang='lat' dir='ltr'><strong>ex</strong></span> <span class='ocrx_word' id='word_1_199' title='bbox 349 2407 554 2458; x_wconf 89' lang='lat' dir='ltr'><strong>nomine</strong></span> <span class='ocrx_word' id='word_1_200' title='bbox 577 2408 859 2476; x_wconf 83' lang='lat' dir='ltr'><strong>symbolico</strong></span> <span class='ocrx_word' id='word_1_201' title='bbox 887 2407 1086 2459; x_wconf 84' lang='lat' dir='ltr'><strong>Emma-</strong></span> 
     </span>
     <span class='ocr_line' id='line_1_37' title="bbox 90 2480 1084 2541; baseline 0 -9"><span class='ocrx_word' id='word_1_202' title='bbox 90 2480 200 2532; x_wconf 75' lang='lat' dir='ltr'><strong>nuel</strong></span> <span class='ocrx_word' id='word_1_203' title='bbox 237 2480 271 2532; x_wconf 88' lang='lat' dir='ltr'><strong>i.</strong></span> <span class='ocrx_word' id='word_1_204' title='bbox 305 2496 352 2533; x_wconf 92' lang='lat' dir='ltr'><strong>e.</strong></span> <span class='ocrx_word' id='word_1_205' title='bbox 376 2480 514 2532; x_wconf 90' lang='lat' dir='ltr'><strong>Deus</strong></span> <span class='ocrx_word' id='word_1_206' title='bbox 538 2482 826 2541; x_wconf 90' lang='lat' dir='ltr'><strong>nobiscum,</strong></span> <span class='ocrx_word' id='word_1_207' title='bbox 871 2488 979 2532; x_wconf 89' lang='lat' dir='ltr'><strong>tum</strong></span> <span class='ocrx_word' id='word_1_208' title='bbox 1022 2498 1084 2532; x_wconf 85' lang='lat' dir='ltr'><strong>ex</strong></span> 
     </span>
     <span class='ocr_line' id='line_1_38' title="bbox 91 2553 1086 2622; baseline 0 -17"><span class='ocrx_word' id='word_1_209' title='bbox 91 2553 152 2605; x_wconf 86' lang='lat' dir='ltr'><strong>iis</strong></span> <span class='ocrx_word' id='word_1_210' title='bbox 172 2555 377 2622; x_wconf 85' lang='lat' dir='ltr'><strong>quaein</strong></span> <span class='ocrx_word' id='word_1_211' title='bbox 400 2556 736 2622; x_wconf 85' lang='lat' dir='ltr'><strong>sequentibus</strong></span> <span class='ocrx_word' id='word_1_212' title='bbox 759 2556 1008 2622; x_wconf 78' lang='lat' dir='ltr'><strong>capitibus</strong></span> <span class='ocrx_word' id='word_1_213' title='bbox 1025 2556 1086 2605; x_wconf 89' lang='lat' dir='ltr'><strong>de</strong></span> 
     </span>
     <span class='ocr_line' id='line_1_39' title="bbox 92 2628 1089 2695; baseline 0.001 -16"><span class='ocrx_word' id='word_1_214' title='bbox 92 2642 152 2679; x_wconf 87' lang='lat' dir='ltr'><strong>co</strong></span> <span class='ocrx_word' id='word_1_215' title='bbox 181 2628 443 2680; x_wconf 90' lang='lat' dir='ltr'><strong>dicuntur.</strong></span> <span class='ocrx_word' id='word_1_216' title='bbox 477 2629 606 2681; x_wconf 81' lang='lat' dir='ltr'><strong>Nam</strong></span> <span class='ocrx_word' id='word_1_217' title='bbox 635 2645 749 2690; x_wconf 81' lang='lat' dir='ltr'><strong>cap.</strong></span> <span class='ocrx_word' id='word_1_218' title='bbox 782 2632 833 2695; x_wconf 85' lang='lat'><strong>8,</strong></span> <span class='ocrx_word' id='word_1_219' title='bbox 862 2630 915 2687; x_wconf 85' lang='lat'><strong>8,</strong></span> <span class='ocrx_word' id='word_1_220' title='bbox 947 2630 1089 2680; x_wconf 79' lang='lat' dir='ltr'><strong>exhi-</strong></span> 
     </span>
     <span class='ocr_line' id='line_1_40' title="bbox 92 2700 1086 2768; baseline 0.002 -16"><span class='ocrx_word' id='word_1_221' title='bbox 92 2700 178 2753; x_wconf 85' lang='lat' dir='ltr'><strong>bet</strong></span> <span class='ocrx_word' id='word_1_222' title='bbox 230 2701 479 2768; x_wconf 83' lang='lat' dir='ltr'><strong>Propheta</strong></span> <span class='ocrx_word' id='word_1_223' title='bbox 518 2702 657 2754; x_wconf 87' lang='lat' dir='ltr'><strong>hunc</strong></span> <span class='ocrx_word' id='word_1_224' title='bbox 698 2702 1086 2755; x_wconf 78' lang='lat' dir='ltr'><strong>Emmanuelem</strong></span> 
     </span>
    </p>
   </div>
   <div class='ocr_carea' id='block_1_18' title="bbox 55 2772 1088 2846">
    <p class='ocr_par' dir='ltr' id='par_1_18' title="bbox 55 2772 1088 2846">
     <span class='ocr_line' id='line_1_41' title="bbox 55 2772 1088 2846; baseline 0.003 -20"><span class='ocrx_word' id='word_1_225' title='bbox 55 2830 65 2833; x_wconf 48' lang='grc'><strong>,,</strong></span> <span class='ocrx_word' id='word_1_226' title='bbox 92 2772 367 2827; x_wconf 85' lang='lat' dir='ltr'><strong>Dominum</strong></span> <span class='ocrx_word' id='word_1_227' title='bbox 410 2775 563 2827; x_wconf 87' lang='lat' dir='ltr'><strong>totius</strong></span> <span class='ocrx_word' id='word_1_228' title='bbox 592 2776 832 2841; x_wconf 83' lang='lat' dir='ltr'><strong>ludaeae3</strong></span> <span class='ocrx_word' id='word_1_229' title='bbox 876 2777 1088 2846; x_wconf 85' lang='lat' dir='ltr'><strong>loquens</strong></span> 
     </span>
    </p>
   </div>
   <div class='ocr_carea' id='block_1_19' title="bbox 91 2847 1093 3274">
    <p class='ocr_par' dir='ltr' id='par_1_19' title="bbox 91 2847 1093 3274">
     <span class='ocr_line' id='line_1_42' title="bbox 92 2847 1088 2917; baseline 0.003 -17"><span class='ocrx_word' id='word_1_230' title='bbox 92 2849 230 2901; x_wconf 86' lang='lat' dir='ltr'><strong>enim</strong></span> <span class='ocrx_word' id='word_1_231' title='bbox 271 2849 334 2900; x_wconf 89' lang='lat' dir='ltr'><strong>de</strong></span> <span class='ocrx_word' id='word_1_232' title='bbox 373 2847 703 2917; x_wconf 87' lang='lat' dir='ltr'><strong>Assyriorum</strong></span> <span class='ocrx_word' id='word_1_233' title='bbox 744 2866 864 2917; x_wconf 84' lang='lat' dir='ltr'><strong>rege</strong></span> <span class='ocrx_word' id='word_1_234' title='bbox 903 2853 994 2902; x_wconf 86' lang='lat' dir='ltr'><strong>ait:</strong></span> <span class='ocrx_word' id='word_1_235' title='bbox 1026 2851 1088 2903; x_wconf 86' lang='lat' dir='ltr'><strong>Et</strong></span> 
     </span>
     <span class='ocr_line' id='line_1_43' title="bbox 92 2922 1091 2992; baseline 0.003 -19"><span class='ocrx_word' id='word_1_236' title='bbox 92 2922 189 2974; x_wconf 81' lang='lat' dir='ltr'><strong>erit</strong></span> <span class='ocrx_word' id='word_1_237' title='bbox 233 2922 446 2974; x_wconf 70' lang='lat' dir='ltr'><strong>extensio</strong></span> <span class='ocrx_word' id='word_1_238' title='bbox 485 2923 682 2975; x_wconf 87' lang='lat' dir='ltr'><strong>alarum</strong></span> <span class='ocrx_word' id='word_1_239' title='bbox 732 2925 838 2975; x_wconf 83' lang='lat' dir='ltr'><strong>eius</strong></span> <span class='ocrx_word' id='word_1_240' title='bbox 890 2925 1091 2992; x_wconf 82' lang='lat' dir='ltr'><strong>implens</strong></span> 
     </span>
     <span class='ocr_line' id='line_1_44' title="bbox 95 2993 1092 3066; baseline 0.004 -20"><span class='ocrx_word' id='word_1_241' title='bbox 95 2993 401 3066; x_wconf 75' lang='lat' dir='ltr'><strong>latitudinem</strong></span> <span class='ocrx_word' id='word_1_242' title='bbox 451 3003 609 3049; x_wconf 78' lang='lat' dir='ltr'><strong>terrae</strong></span> <span class='ocrx_word' id='word_1_243' title='bbox 648 3005 777 3060; x_wconf 81' lang='lat' dir='ltr'><strong>tuae,</strong></span> <span class='ocrx_word' id='word_1_244' title='bbox 821 3015 848 3049; x_wconf 87' lang='lat' dir='ltr'><strong>o</strong></span> <span class='ocrx_word' id='word_1_245' title='bbox 889 2998 1092 3050; x_wconf 84' lang='lat' dir='ltr'><strong>Emma-</strong></span> 
     </span>
     <span class='ocr_line' id='line_1_45' title="bbox 91 3069 1092 3141; baseline 0.006 -21"><span class='ocrx_word' id='word_1_246' title='bbox 91 3069 323 3134; x_wconf 69' lang='lat' dir='ltr'><strong>nuc13et</strong></span> <span class='ocrx_word' id='word_1_247' title='bbox 362 3085 478 3138; x_wconf 81' lang='lat' dir='ltr'><strong>cap.</strong></span> <span class='ocrx_word' id='word_1_248' title='bbox 521 3071 574 3138; x_wconf 84' lang='lat'><strong>9,</strong></span> <span class='ocrx_word' id='word_1_249' title='bbox 614 3071 646 3122; x_wconf 90' lang='grc'><strong>6</strong></span> <span class='ocrx_word' id='word_1_250' title='bbox 687 3077 875 3141; x_wconf 90' lang='lat' dir='ltr'><strong>etseq.</strong></span> <span class='ocrx_word' id='word_1_251' title='bbox 906 3073 969 3124; x_wconf 87' lang='lat' dir='ltr'><strong>de</strong></span> <span class='ocrx_word' id='word_1_252' title='bbox 998 3074 1092 3126; x_wconf 88' lang='lat' dir='ltr'><strong>hoc</strong></span> 
     </span>
     <span class='ocr_line' id='line_1_46' title="bbox 92 3141 1093 3216; baseline 0.005 -22"><span class='ocrx_word' id='word_1_253' title='bbox 92 3141 203 3211; x_wconf 81' lang='lat' dir='ltr'><strong>ipso</strong></span> <span class='ocrx_word' id='word_1_254' title='bbox 218 3144 442 3212; x_wconf 82' lang='lat' dir='ltr'><strong>virginis</strong></span> <span class='ocrx_word' id='word_1_255' title='bbox 470 3144 684 3212; x_wconf 83' lang='lat' dir='ltr'><strong>parvulo</strong></span> <span class='ocrx_word' id='word_1_256' title='bbox 710 3160 891 3216; x_wconf 75' lang='lat' dir='ltr'><strong>agene,</strong></span> <span class='ocrx_word' id='word_1_257' title='bbox 921 3146 1093 3199; x_wconf 86' lang='lat' dir='ltr'><strong>Deum</strong></span> 
     </span>
     <span class='ocr_line' id='line_1_47' title="bbox 95 3215 1089 3274; baseline 0.005 -6"><span class='ocrx_word' id='word_1_258' title='bbox 95 3215 247 3269; x_wconf 79' lang='lat' dir='ltr'><strong>simul</strong></span> <span class='ocrx_word' id='word_1_259' title='bbox 286 3225 341 3270; x_wconf 89' lang='lat' dir='ltr'><strong>et</strong></span> <span class='ocrx_word' id='word_1_260' title='bbox 370 3219 629 3271; x_wconf 89' lang='lat' dir='ltr'><strong>hominem</strong></span> <span class='ocrx_word' id='word_1_261' title='bbox 657 3220 867 3273; x_wconf 81' lang='lat' dir='ltr'><strong>exhibet</strong></span> <span class='ocrx_word' id='word_1_262' title='bbox 894 3221 1089 3274; x_wconf 83' lang='lat' dir='ltr'><strong>dicens:</strong></span> 
     </span>
    </p>
   </div>
   <div class='ocr_carea' id='block_1_20' title="bbox 1148 479 2165 3292">
    <p class='ocr_par' dir='ltr' id='par_1_20' title="bbox 1157 479 2165 1143">
     <span class='ocr_line' id='line_1_48' title="bbox 1164 479 2163 549; baseline -0.002 -13"><span class='ocrx_word' id='word_1_263' title='bbox 1164 483 1463 549; x_wconf 86' lang='lat' dir='ltr'><strong>gnificentia</strong></span> <span class='ocrx_word' id='word_1_264' title='bbox 1529 488 1581 533; x_wconf 90' lang='lat' dir='ltr'><strong>et</strong></span> <span class='ocrx_word' id='word_1_265' title='bbox 1652 486 1900 548; x_wconf 88' lang='lat' dir='ltr'><strong>perpetua</strong></span> <span class='ocrx_word' id='word_1_266' title='bbox 1963 479 2163 534; x_wconf 88' lang='lat' dir='ltr'><strong>duratio</strong></span> 
     </span>
     <span class='ocr_line' id='line_1_49' title="bbox 1165 554 2165 618; baseline -0.005 -9"><span class='ocrx_word' id='word_1_267' title='bbox 1165 556 1486 609; x_wconf 86' lang='lat' dir='ltr'><strong>describitur.</strong></span> <span class='ocrx_word' id='word_1_268' title='bbox 1531 554 1672 618; x_wconf 88' lang='lat' dir='ltr'><strong>Quae</strong></span> <span class='ocrx_word' id='word_1_269' title='bbox 1711 554 1753 605; x_wconf 89' lang='lat' dir='ltr'><strong>si</strong></span> <span class='ocrx_word' id='word_1_270' title='bbox 1792 554 2013 605; x_wconf 90' lang='lat' dir='ltr'><strong>invicem</strong></span> <span class='ocrx_word' id='word_1_271' title='bbox 2042 569 2165 605; x_wconf 89' lang='lat' dir='ltr'><strong>con-</strong></span> 
     </span>
     <span class='ocr_line' id='line_1_50' title="bbox 1164 626 2161 695; baseline -0.002 -14"><span class='ocrx_word' id='word_1_272' title='bbox 1164 630 1394 684; x_wconf 83' lang='lat' dir='ltr'><strong>serantur</strong></span> <span class='ocrx_word' id='word_1_273' title='bbox 1432 630 1580 682; x_wconf 83' lang='lat' dir='ltr'><strong>iuxta</strong></span> <span class='ocrx_word' id='word_1_274' title='bbox 1608 628 1816 695; x_wconf 87' lang='lat' dir='ltr'><strong>regulas</strong></span> <span class='ocrx_word' id='word_1_275' title='bbox 1854 626 2161 679; x_wconf 85' lang='lat' dir='ltr'><strong>hermeneu-</strong></span> 
     </span>
     <span class='ocr_line' id='line_1_51' title="bbox 1163 698 2162 773; baseline 0 -18"><span class='ocrx_word' id='word_1_276' title='bbox 1163 704 1311 765; x_wconf 78' lang='lat' dir='ltr'><strong>ticaS‚</strong></span> <span class='ocrx_word' id='word_1_277' title='bbox 1356 705 1515 757; x_wconf 86' lang='lat' dir='ltr'><strong>verba</strong></span> <span class='ocrx_word' id='word_1_278' title='bbox 1543 703 1632 754; x_wconf 88' lang='lat' dir='ltr'><strong>cit.</strong></span> <span class='ocrx_word' id='word_1_279' title='bbox 1660 702 1821 756; x_wconf 85' lang='lat' dir='ltr'><strong>Isaiae</strong></span> <span class='ocrx_word' id='word_1_280' title='bbox 1849 698 1926 773; x_wconf 84' lang='lat' dir='ltr'><strong>(l)</strong></span> <span class='ocrx_word' id='word_1_281' title='bbox 1958 703 2162 755; x_wconf 89' lang='lat' dir='ltr'><strong>nonnisi</strong></span> 
     </span>
     <span class='ocr_line' id='line_1_52' title="bbox 1161 775 2160 844; baseline 0.001 -16"><span class='ocrx_word' id='word_1_282' title='bbox 1161 778 1224 829; x_wconf 89' lang='lat' dir='ltr'><strong>de</strong></span> <span class='ocrx_word' id='word_1_283' title='bbox 1263 777 1447 830; x_wconf 89' lang='lat' dir='ltr'><strong>Messia</strong></span> <span class='ocrx_word' id='word_1_284' title='bbox 1485 793 1517 830; x_wconf 86' lang='lat' dir='ltr'><strong>a</strong></span> <span class='ocrx_word' id='word_1_285' title='bbox 1576 776 1787 844; x_wconf 85' lang='lat' dir='ltr'><strong>Virgine</strong></span> <span class='ocrx_word' id='word_1_286' title='bbox 1827 775 2160 843; x_wconf 87' lang='lat' dir='ltr'><strong>concipiendo</strong></span> 
     </span>
     <span class='ocr_line' id='line_1_53' title="bbox 1160 848 2155 920; baseline 0 -17"><span class='ocrx_word' id='word_1_287' title='bbox 1160 858 1210 904; x_wconf 91' lang='lat' dir='ltr'><strong>et</strong></span> <span class='ocrx_word' id='word_1_288' title='bbox 1252 852 1496 919; x_wconf 86' lang='lat' dir='ltr'><strong>pariendo</strong></span> <span class='ocrx_word' id='word_1_289' title='bbox 1535 851 1753 918; x_wconf 79' lang='lat' dir='ltr'><strong>intelligi</strong></span> <span class='ocrx_word' id='word_1_290' title='bbox 1796 856 2010 918; x_wconf 90' lang='lat' dir='ltr'><strong>possunt</strong></span> <span class='ocrx_word' id='word_1_291' title='bbox 2056 848 2155 920; x_wconf 55' lang='grc' dir='ltr'><strong>(ἃ).</strong></span> 
     </span>
     <span class='ocr_line' id='line_1_54' title="bbox 1159 923 2155 979; baseline -0.002 -3"><span class='ocrx_word' id='word_1_292' title='bbox 1159 924 1391 979; x_wconf 86' lang='lat' dir='ltr'><strong>Christus</strong></span> <span class='ocrx_word' id='word_1_293' title='bbox 1432 932 1606 979; x_wconf 87' lang='lat' dir='ltr'><strong>autem</strong></span> <span class='ocrx_word' id='word_1_294' title='bbox 1635 933 1713 978; x_wconf 89' lang='lat' dir='ltr'><strong>est</strong></span> <span class='ocrx_word' id='word_1_295' title='bbox 1740 940 1896 977; x_wconf 85' lang='lat' dir='ltr'><strong>verus</strong></span> <span class='ocrx_word' id='word_1_296' title='bbox 1922 923 2155 977; x_wconf 84' lang='lat' dir='ltr'><strong>Messias:</strong></span> 
     </span>
     <span class='ocr_line' id='line_1_55' title="bbox 1158 999 2160 1068; baseline 0 -17"><span class='ocrx_word' id='word_1_297' title='bbox 1158 1015 1279 1068; x_wconf 88' lang='lat' dir='ltr'><strong>ergo</strong></span> <span class='ocrx_word' id='word_1_298' title='bbox 1318 1001 1479 1053; x_wconf 88' lang='lat' dir='ltr'><strong>Maria</strong></span> <span class='ocrx_word' id='word_1_299' title='bbox 1508 1015 1627 1052; x_wconf 91' lang='lat' dir='ltr'><strong>eum</strong></span> <span class='ocrx_word' id='word_1_300' title='bbox 1657 1007 1712 1052; x_wconf 94' lang='lat' dir='ltr'><strong>ut</strong></span> <span class='ocrx_word' id='word_1_301' title='bbox 1739 999 1896 1067; x_wconf 87' lang='lat' dir='ltr'><strong>Virgo</strong></span> <span class='ocrx_word' id='word_1_302' title='bbox 1923 1000 2160 1068; x_wconf 86' lang='lat' dir='ltr'><strong>concepit</strong></span> 
     </span>
     <span class='ocr_line' id='line_1_56' title="bbox 1157 1076 1447 1143; baseline 0 -17"><span class='ocrx_word' id='word_1_303' title='bbox 1157 1082 1208 1126; x_wconf 89' lang='lat' dir='ltr'><strong>et</strong></span> <span class='ocrx_word' id='word_1_304' title='bbox 1229 1076 1447 1143; x_wconf 81' lang='lat' dir='ltr'><strong>peperit.</strong></span> 
     </span>
    </p>

    <p class='ocr_par' dir='ltr' id='par_1_21' title="bbox 1148 1143 2158 3292">
     <span class='ocr_line' id='line_1_57' title="bbox 1229 1143 2158 1216; baseline 0.002 -17"><span class='ocrx_word' id='word_1_305' title='bbox 1229 1150 1281 1200; x_wconf 66' lang='lat'><strong>2.</strong></span> <span class='ocrx_word' id='word_1_306' title='bbox 1326 1149 1386 1201; x_wconf 88' lang='lat' dir='ltr'><strong>In</strong></span> <span class='ocrx_word' id='word_1_307' title='bbox 1426 1147 1485 1201; x_wconf 88' lang='lat' dir='ltr'><strong><em>S.</em></strong></span> <span class='ocrx_word' id='word_1_308' title='bbox 1524 1147 1789 1216; x_wconf 79' lang='lat' dir='ltr'><strong>Scriptura</strong></span> <span class='ocrx_word' id='word_1_309' title='bbox 1834 1145 1904 1198; x_wconf 91' lang='lat' dir='ltr'><strong>N.</strong></span> <span class='ocrx_word' id='word_1_310' title='bbox 1957 1143 2012 1199; x_wconf 82' lang='lat' dir='ltr'><strong>T.</strong></span> <span class='ocrx_word' id='word_1_311' title='bbox 2056 1147 2158 1201; x_wconf 85' lang='lat' dir='ltr'><strong>cla·</strong></span> 
     </span>
     <span class='ocr_line' id='line_1_58' title="bbox 1157 1219 2155 1282; baseline 0.002 -9"><span class='ocrx_word' id='word_1_312' title='bbox 1157 1222 1355 1274; x_wconf 88' lang='lat' dir='ltr'><strong>rissime</strong></span> <span class='ocrx_word' id='word_1_313' title='bbox 1377 1223 1663 1275; x_wconf 82' lang='lat' dir='ltr'><strong>revelatum</strong></span> <span class='ocrx_word' id='word_1_314' title='bbox 1686 1228 1784 1282; x_wconf 89' lang='lat' dir='ltr'><strong>est,</strong></span> <span class='ocrx_word' id='word_1_315' title='bbox 1810 1219 2022 1274; x_wconf 85' lang='lat' dir='ltr'><strong>Mariam</strong></span> <span class='ocrx_word' id='word_1_316' title='bbox 2054 1238 2155 1275; x_wconf 91' lang='lat' dir='ltr'><strong>non</strong></span> 
     </span>
     <span class='ocr_line' id='line_1_59' title="bbox 1154 1295 2155 1353; baseline 0.003 -6"><span class='ocrx_word' id='word_1_317' title='bbox 1154 1312 1218 1348; x_wconf 86' lang='lat' dir='ltr'><strong>ex</strong></span> <span class='ocrx_word' id='word_1_318' title='bbox 1261 1298 1516 1349; x_wconf 85' lang='lat' dir='ltr'><strong>consortio</strong></span> <span class='ocrx_word' id='word_1_319' title='bbox 1550 1298 1681 1353; x_wconf 83' lang='lat' dir='ltr'><strong>viri.</strong></span> <span class='ocrx_word' id='word_1_320' title='bbox 1725 1295 1814 1347; x_wconf 90' lang='lat' dir='ltr'><strong>sed</strong></span> <span class='ocrx_word' id='word_1_321' title='bbox 1855 1311 1923 1347; x_wconf 85' lang='lat' dir='ltr'><strong>ex</strong></span> <span class='ocrx_word' id='word_1_322' title='bbox 1964 1296 2155 1350; x_wconf 84' lang='lat' dir='ltr'><strong>virtute</strong></span> 
     </span>
     <span class='ocr_line' id='line_1_60' title="bbox 1154 1368 2157 1439; baseline 0.001 -17"><span class='ocrx_word' id='word_1_323' title='bbox 1154 1372 1567 1439; x_wconf 87' lang='lat' dir='ltr'><strong>supervenientis</strong></span> <span class='ocrx_word' id='word_1_324' title='bbox 1588 1370 1809 1439; x_wconf 84' lang='lat' dir='ltr'><strong>Spiritus</strong></span> <span class='ocrx_word' id='word_1_325' title='bbox 1822 1368 1997 1422; x_wconf 85' lang='lat' dir='ltr'><strong>Sancti</strong></span> <span class='ocrx_word' id='word_1_326' title='bbox 2014 1370 2157 1423; x_wconf 88' lang='lat' dir='ltr'><strong>Chri·</strong></span> 
     </span>
     <span class='ocr_line' id='line_1_61' title="bbox 1153 1444 2156 1514; baseline 0.003 -19"><span class='ocrx_word' id='word_1_327' title='bbox 1153 1452 1289 1497; x_wconf 91' lang='lat' dir='ltr'><strong>stum</strong></span> <span class='ocrx_word' id='word_1_328' title='bbox 1330 1448 1645 1514; x_wconf 87' lang='lat' dir='ltr'><strong>concepisse.</strong></span> <span class='ocrx_word' id='word_1_329' title='bbox 1702 1445 1758 1496; x_wconf 91' lang='lat' dir='ltr'><strong>ln</strong></span> <span class='ocrx_word' id='word_1_330' title='bbox 1812 1445 1987 1511; x_wconf 77' lang='lat' dir='ltr'><strong>primis</strong></span> <span class='ocrx_word' id='word_1_331' title='bbox 2024 1444 2156 1499; x_wconf 84' lang='lat' dir='ltr'><strong>Mat-</strong></span> 
     </span>
     <span class='ocr_line' id='line_1_62' title="bbox 1155 1519 2152 1589; baseline 0.003 -20"><span class='ocrx_word' id='word_1_332' title='bbox 1155 1520 1336 1573; x_wconf 84' lang='lat' dir='ltr'><strong>thaeus</strong></span> <span class='ocrx_word' id='word_1_333' title='bbox 1374 1520 1730 1589; x_wconf 84' lang='lat' dir='ltr'><strong>genealogiam</strong></span> <span class='ocrx_word' id='word_1_334' title='bbox 1783 1519 1970 1572; x_wconf 81' lang='lat' dir='ltr'><strong>Christi</strong></span> <span class='ocrx_word' id='word_1_335' title='bbox 2027 1520 2152 1572; x_wconf 84' lang='lat' dir='ltr'><strong>refe·</strong></span> 
     </span>
     <span class='ocr_line' id='line_1_63' title="bbox 1154 1595 2153 1663; baseline 0.003 -19"><span class='ocrx_word' id='word_1_336' title='bbox 1154 1610 1272 1645; x_wconf 90' lang='lat' dir='ltr'><strong>rens</strong></span> <span class='ocrx_word' id='word_1_337' title='bbox 1331 1597 1492 1647; x_wconf 86' lang='lat' dir='ltr'><strong>utitur</strong></span> <span class='ocrx_word' id='word_1_338' title='bbox 1552 1595 1707 1646; x_wconf 86' lang='lat' dir='ltr'><strong>verbo</strong></span> <span class='ocrx_word' id='word_1_339' title='bbox 1762 1595 1929 1661; x_wconf 67' lang='lat' dir='ltr'><strong>petiuit</strong></span> <span class='ocrx_word' id='word_1_340' title='bbox 1989 1610 2153 1663; x_wconf 89' lang='lat' dir='ltr'><strong>usque</strong></span> 
     </span>
     <span class='ocr_line' id='line_1_64' title="bbox 1152 1668 2153 1736; baseline 0.003 -18"><span class='ocrx_word' id='word_1_341' title='bbox 1152 1668 1273 1720; x_wconf 89' lang='lat' dir='ltr'><strong>dum</strong></span> <span class='ocrx_word' id='word_1_342' title='bbox 1305 1671 1539 1736; x_wconf 88' lang='lat' dir='ltr'><strong>pervenit</strong></span> <span class='ocrx_word' id='word_1_343' title='bbox 1578 1669 1642 1720; x_wconf 86' lang='lat' dir='ltr'><strong>ad</strong></span> <span class='ocrx_word' id='word_1_344' title='bbox 1683 1668 1983 1735; x_wconf 84' lang='lat' dir='ltr'><strong>losephum3</strong></span> <span class='ocrx_word' id='word_1_345' title='bbox 2030 1676 2153 1722; x_wconf 90' lang='lat' dir='ltr'><strong>tunc</strong></span> 
     </span>
     <span class='ocr_line' id='line_1_65' title="bbox 1151 1742 2153 1810; baseline 0.005 -19"><span class='ocrx_word' id='word_1_346' title='bbox 1151 1750 1326 1795; x_wconf 86' lang='lat' dir='ltr'><strong>autem</strong></span> <span class='ocrx_word' id='word_1_347' title='bbox 1368 1760 1465 1795; x_wconf 91' lang='lat' dir='ltr'><strong>non</strong></span> <span class='ocrx_word' id='word_1_348' title='bbox 1520 1743 1682 1795; x_wconf 87' lang='lat' dir='ltr'><strong>dicit:</strong></span> <span class='ocrx_word' id='word_1_349' title='bbox 1739 1742 1918 1808; x_wconf 85' lang='lat' dir='ltr'><strong>loseph</strong></span> <span class='ocrx_word' id='word_1_350' title='bbox 1969 1745 2153 1810; x_wconf 89' lang='lat' dir='ltr'><strong>genuit</strong></span> 
     </span>
     <span class='ocr_line' id='line_1_66' title="bbox 1151 1815 2152 1881; baseline 0.004 -15"><span class='ocrx_word' id='word_1_351' title='bbox 1151 1815 1443 1876; x_wconf 82' lang='lat' dir='ltr'><strong>Christum,</strong></span> <span class='ocrx_word' id='word_1_352' title='bbox 1500 1817 1588 1869; x_wconf 84' lang='lat' dir='ltr'><strong>sed</strong></span> <span class='ocrx_word' id='word_1_353' title='bbox 1629 1816 1966 1881; x_wconf 84' lang='lat' dir='ltr'><strong>simpliciter:</strong></span> <span class='ocrx_word' id='word_1_354' title='bbox 2012 1817 2152 1870; x_wconf 80' lang='lat' dir='ltr'><strong>Iacob</strong></span> 
     </span>
     <span class='ocr_line' id='line_1_67' title="bbox 1148 1890 2152 1959; baseline 0.002 -18"><span class='ocrx_word' id='word_1_355' title='bbox 1148 1892 1312 1956; x_wconf 72' lang='lat' dir='ltr'><strong>yenuit</strong></span> <span class='ocrx_word' id='word_1_356' title='bbox 1333 1891 1499 1959; x_wconf 79' lang='lat' dir='ltr'><strong>Ioseph</strong></span> <span class='ocrx_word' id='word_1_357' title='bbox 1519 1892 1686 1943; x_wconf 82' lang='lat' dir='ltr'><strong>virum</strong></span> <span class='ocrx_word' id='word_1_358' title='bbox 1728 1890 1945 1945; x_wconf 82' lang='lat' dir='ltr'><strong>Mariae.</strong></span> <span class='ocrx_word' id='word_1_359' title='bbox 1978 1891 2033 1942; x_wconf 86' lang='lat' dir='ltr'><strong>de</strong></span> <span class='ocrx_word' id='word_1_360' title='bbox 2052 1908 2152 1959; x_wconf 82' lang='lat' dir='ltr'><strong>qua</strong></span> 
     </span>
     <span class='ocr_line' id='line_1_68' title="bbox 1149 1962 2151 2033; baseline 0.002 -18"><span class='ocrx_word' id='word_1_361' title='bbox 1149 1974 1293 2016; x_wconf 80' lang='lat' dir='ltr'><strong>natas</strong></span> <span class='ocrx_word' id='word_1_362' title='bbox 1318 1974 1386 2016; x_wconf 82' lang='lat' dir='ltr'><strong>est</strong></span> <span class='ocrx_word' id='word_1_363' title='bbox 1410 1966 1560 2023; x_wconf 81' lang='lat' dir='ltr'><strong>lesus,</strong></span> <span class='ocrx_word' id='word_1_364' title='bbox 1587 1965 1674 2033; x_wconf 81' lang='lat' dir='ltr'><strong>qui</strong></span> <span class='ocrx_word' id='word_1_365' title='bbox 1696 1974 1893 2020; x_wconf 73' lang='lat' dir='ltr'><strong>vocatur</strong></span> <span class='ocrx_word' id='word_1_366' title='bbox 1918 1962 2151 2018; x_wconf 76' lang='lat' dir='ltr'><strong>Christus</strong></span> 
     </span>
     <span class='ocr_line' id='line_1_69' title="bbox 1149 2039 2151 2109; baseline 0.002 -19"><span class='ocrx_word' id='word_1_367' title='bbox 1149 2039 1248 2109; x_wconf 85' lang='lat'><strong>(3).</strong></span> <span class='ocrx_word' id='word_1_368' title='bbox 1297 2040 1540 2091; x_wconf 89' lang='lat' dir='ltr'><strong>Diversus</strong></span> <span class='ocrx_word' id='word_1_369' title='bbox 1582 2040 1662 2091; x_wconf 89' lang='lat' dir='ltr'><strong>hic</strong></span> <span class='ocrx_word' id='word_1_370' title='bbox 1691 2039 1930 2107; x_wconf 89' lang='lat' dir='ltr'><strong>loquendi</strong></span> <span class='ocrx_word' id='word_1_371' title='bbox 1970 2041 2151 2092; x_wconf 91' lang='lat' dir='ltr'><strong>modus</strong></span> 
     </span>
     <span class='ocr_line' id='line_1_70' title="bbox 1151 2112 2153 2181; baseline 0.003 -18"><span class='ocrx_word' id='word_1_372' title='bbox 1151 2117 1250 2164; x_wconf 88' lang='lat' dir='ltr'><strong>iam</strong></span> <span class='ocrx_word' id='word_1_373' title='bbox 1290 2115 1414 2166; x_wconf 85' lang='lat' dir='ltr'><strong>satis</strong></span> <span class='ocrx_word' id='word_1_374' title='bbox 1458 2117 1724 2181; x_wconf 85' lang='lat' dir='ltr'><strong>perspicue</strong></span> <span class='ocrx_word' id='word_1_375' title='bbox 1765 2113 1977 2174; x_wconf 86' lang='lat' dir='ltr'><strong>indicat,</strong></span> <span class='ocrx_word' id='word_1_376' title='bbox 2009 2112 2153 2166; x_wconf 78' lang='lat' dir='ltr'><strong>Curi-</strong></span> 
     </span>
     <span class='ocr_line' id='line_1_71' title="bbox 1148 2186 2151 2256; baseline 0.001 -17"><span class='ocrx_word' id='word_1_377' title='bbox 1148 2195 1284 2239; x_wconf 87' lang='lat' dir='ltr'><strong>stum</strong></span> <span class='ocrx_word' id='word_1_378' title='bbox 1329 2204 1652 2256; x_wconf 79' lang='lat' dir='ltr'><strong>nequaquam</strong></span> <span class='ocrx_word' id='word_1_379' title='bbox 1681 2205 1711 2240; x_wconf 89' lang='lat' dir='ltr'><strong>a</strong></span> <span class='ocrx_word' id='word_1_380' title='bbox 1752 2186 1965 2255; x_wconf 84' lang='lat' dir='ltr'><strong>losepho</strong></span> <span class='ocrx_word' id='word_1_381' title='bbox 2006 2189 2151 2256; x_wconf 87' lang='lat' dir='ltr'><strong>geni-</strong></span> 
     </span>
     <span class='ocr_line' id='line_1_72' title="bbox 1151 2262 2152 2315; baseline 0.003 -3"><span class='ocrx_word' id='word_1_382' title='bbox 1151 2269 1259 2313; x_wconf 84' lang='lat' dir='ltr'><strong>tum</strong></span> <span class='ocrx_word' id='word_1_383' title='bbox 1300 2262 1474 2315; x_wconf 78' lang='lat' dir='ltr'><strong>fuisse.</strong></span> <span class='ocrx_word' id='word_1_384' title='bbox 1521 2263 1720 2314; x_wconf 83' lang='lat' dir='ltr'><strong>Clarius</strong></span> <span class='ocrx_word' id='word_1_385' title='bbox 1769 2264 1987 2314; x_wconf 84' lang='lat' dir='ltr'><strong>eandem</strong></span> <span class='ocrx_word' id='word_1_386' title='bbox 2042 2278 2152 2315; x_wconf 83' lang='lat' dir='ltr'><strong>rem</strong></span> 
     </span>
     <span class='ocr_line' id='line_1_73' title="bbox 1150 2335 2152 2403; baseline 0.002 -17"><span class='ocrx_word' id='word_1_387' title='bbox 1150 2335 1440 2387; x_wconf 82' lang='lat' dir='ltr'><strong>Matthaeus</strong></span> <span class='ocrx_word' id='word_1_388' title='bbox 1480 2338 1692 2403; x_wconf 86' lang='lat' dir='ltr'><strong>exponit</strong></span> <span class='ocrx_word' id='word_1_389' title='bbox 1731 2335 1928 2388; x_wconf 86' lang='lat' dir='ltr'><strong>dicens:</strong></span> <span class='ocrx_word' id='word_1_390' title='bbox 1962 2336 2152 2389; x_wconf 79' lang='lat' dir='ltr'><strong>Christi</strong></span> 
     </span>
     <span class='ocr_line' id='line_1_74' title="bbox 1148 2408 2153 2476; baseline 0.003 -17"><span class='ocrx_word' id='word_1_391' title='bbox 1148 2417 1308 2460; x_wconf 77' lang='lat' dir='ltr'><strong>autem</strong></span> <span class='ocrx_word' id='word_1_392' title='bbox 1335 2410 1581 2476; x_wconf 77' lang='lat' dir='ltr'><strong>yeneratio</strong></span> <span class='ocrx_word' id='word_1_393' title='bbox 1607 2412 1679 2462; x_wconf 87' lang='lat' dir='ltr'><strong>sic</strong></span> <span class='ocrx_word' id='word_1_394' title='bbox 1717 2418 1841 2462; x_wconf 88' lang='lat' dir='ltr'><strong>erat.</strong></span> <span class='ocrx_word' id='word_1_395' title='bbox 1870 2408 1996 2461; x_wconf 82' lang='lat' dir='ltr'><strong>Cum</strong></span> <span class='ocrx_word' id='word_1_396' title='bbox 2032 2416 2153 2462; x_wconf 81' lang='lat' dir='ltr'><strong>esset</strong></span> 
     </span>
     <span class='ocr_line' id='line_1_75' title="bbox 1148 2483 2153 2550; baseline 0.002 -16"><span class='ocrx_word' id='word_1_397' title='bbox 1148 2483 1429 2550; x_wconf 77' lang='lat' dir='ltr'><strong>desponsata</strong></span> <span class='ocrx_word' id='word_1_398' title='bbox 1484 2484 1651 2536; x_wconf 83' lang='lat' dir='ltr'><strong>Mater</strong></span> <span class='ocrx_word' id='word_1_399' title='bbox 1701 2484 1806 2535; x_wconf 80' lang='lat' dir='ltr'><strong>eius</strong></span> <span class='ocrx_word' id='word_1_400' title='bbox 1858 2484 2030 2537; x_wconf 81' lang='lat' dir='ltr'><strong>Maria</strong></span> <span class='ocrx_word' id='word_1_401' title='bbox 2077 2484 2153 2536; x_wconf 88' lang='lat' dir='ltr'><strong>Io·</strong></span> 
     </span>
     <span class='ocr_line' id='line_1_76' title="bbox 1148 2557 2147 2625; baseline 0.005 -18"><span class='ocrx_word' id='word_1_402' title='bbox 1148 2557 1281 2624; x_wconf 83' lang='lat' dir='ltr'><strong>seph,</strong></span> <span class='ocrx_word' id='word_1_403' title='bbox 1324 2567 1584 2625; x_wconf 77' lang='lat' dir='ltr'><strong>antequam</strong></span> <span class='ocrx_word' id='word_1_404' title='bbox 1635 2557 1972 2619; x_wconf 79' lang='lat' dir='ltr'><strong>convenirent,</strong></span> <span class='ocrx_word' id='word_1_405' title='bbox 2017 2559 2052 2609; x_wconf 88' lang='lat' dir='ltr'><strong>i.</strong></span> <span class='ocrx_word' id='word_1_406' title='bbox 2097 2573 2147 2612; x_wconf 88' lang='lat' dir='ltr'><strong>e.</strong></span> 
     </span>
     <span class='ocr_line' id='line_1_77' title="bbox 1149 2631 2152 2699; baseline 0.003 -17"><span class='ocrx_word' id='word_1_407' title='bbox 1149 2633 1272 2699; x_wconf 87' lang='lat' dir='ltr'><strong>quin</strong></span> <span class='ocrx_word' id='word_1_408' title='bbox 1325 2633 1640 2684; x_wconf 87' lang='lat' dir='ltr'><strong>consortium</strong></span> <span class='ocrx_word' id='word_1_409' title='bbox 1706 2633 1944 2684; x_wconf 85' lang='lat' dir='ltr'><strong>maritale</strong></span> <span class='ocrx_word' id='word_1_410' title='bbox 1996 2631 2152 2685; x_wconf 87' lang='lat' dir='ltr'><strong>habe·</strong></span> 
     </span>
     <span class='ocr_line' id='line_1_78' title="bbox 1152 2705 2153 2766; baseline 0.002 -10"><span class='ocrx_word' id='word_1_411' title='bbox 1152 2713 1300 2766; x_wconf 84' lang='lat' dir='ltr'><strong>rent,</strong></span> <span class='ocrx_word' id='word_1_412' title='bbox 1345 2706 1536 2758; x_wconf 81' lang='lat' dir='ltr'><strong>inventa</strong></span> <span class='ocrx_word' id='word_1_413' title='bbox 1575 2714 1643 2758; x_wconf 85' lang='lat' dir='ltr'><strong>est</strong></span> <span class='ocrx_word' id='word_1_414' title='bbox 1688 2707 1742 2758; x_wconf 84' lang='lat' dir='ltr'><strong>in</strong></span> <span class='ocrx_word' id='word_1_415' title='bbox 1797 2715 1936 2758; x_wconf 84' lang='lat' dir='ltr'><strong>utero</strong></span> <span class='ocrx_word' id='word_1_416' title='bbox 1975 2705 2153 2758; x_wconf 79' lang='lat' dir='ltr'><strong>habens</strong></span> 
     </span>
     <span class='ocr_line' id='line_1_79' title="bbox 1151 2778 2154 2849; baseline 0.004 -19"><span class='ocrx_word' id='word_1_417' title='bbox 1151 2779 1205 2830; x_wconf 87' lang='lat' dir='ltr'><strong>de</strong></span> <span class='ocrx_word' id='word_1_418' title='bbox 1231 2778 1425 2847; x_wconf 79' lang='lat' dir='ltr'><strong>Spiritu</strong></span> <span class='ocrx_word' id='word_1_419' title='bbox 1450 2778 1648 2833; x_wconf 80' lang='lat' dir='ltr'><strong>Sancto,</strong></span> <span class='ocrx_word' id='word_1_420' title='bbox 1694 2779 1863 2849; x_wconf 80' lang='lat' dir='ltr'><strong>Ioseph</strong></span> <span class='ocrx_word' id='word_1_421' title='bbox 1886 2788 2049 2832; x_wconf 87' lang='lat' dir='ltr'><strong>autem</strong></span> <span class='ocrx_word' id='word_1_422' title='bbox 2076 2778 2154 2834; x_wconf 78' lang='lat' dir='ltr'><strong>vir</strong></span> 
     </span>
     <span class='ocr_line' id='line_1_80' title="bbox 1150 2853 2154 2914; baseline 0.001 -9"><span class='ocrx_word' id='word_1_423' title='bbox 1150 2854 1274 2913; x_wconf 85' lang='lat' dir='ltr'><strong>eius,</strong></span> <span class='ocrx_word' id='word_1_424' title='bbox 1307 2870 1419 2906; x_wconf 81' lang='lat' dir='ltr'><strong>cum</strong></span> <span class='ocrx_word' id='word_1_425' title='bbox 1447 2862 1564 2906; x_wconf 80' lang='lat' dir='ltr'><strong>esset</strong></span> <span class='ocrx_word' id='word_1_426' title='bbox 1589 2856 1769 2914; x_wconf 62' lang='lat' dir='ltr'><strong>iustum,</strong></span> <span class='ocrx_word' id='word_1_427' title='bbox 1796 2861 1839 2905; x_wconf 86' lang='lat' dir='ltr'><strong>et</strong></span> <span class='ocrx_word' id='word_1_428' title='bbox 1866 2853 2016 2907; x_wconf 82' lang='lat' dir='ltr'><strong>nollet</strong></span> <span class='ocrx_word' id='word_1_429' title='bbox 2046 2870 2154 2906; x_wconf 85' lang='lat' dir='ltr'><strong>eam</strong></span> 
     </span>
     <span class='ocr_line' id='line_1_81' title="bbox 1153 2928 2155 2989; baseline 0.002 -11"><span class='ocrx_word' id='word_1_430' title='bbox 1153 2928 1405 2980; x_wconf 80' lang='lat' dir='ltr'><strong>traducere</strong></span> <span class='ocrx_word' id='word_1_431' title='bbox 1432 2969 1444 2989; x_wconf 94' lang='lat'>‚</span> <span class='ocrx_word' id='word_1_432' title='bbox 1487 2928 1639 2980; x_wconf 85' lang='lat' dir='ltr'><strong>voluit</strong></span> <span class='ocrx_word' id='word_1_433' title='bbox 1695 2928 1874 2981; x_wconf 84' lang='lat' dir='ltr'><strong>occulte</strong></span> <span class='ocrx_word' id='word_1_434' title='bbox 1910 2928 2155 2981; x_wconf 86' lang='lat' dir='ltr'><strong>dimittere</strong></span> 
     </span>
     <span class='ocr_line' id='line_1_82' title="bbox 1152 3001 2156 3070; baseline 0.004 -19"><span class='ocrx_word' id='word_1_435' title='bbox 1152 3016 1277 3052; x_wconf 86' lang='lat' dir='ltr'><strong>eam.</strong></span> <span class='ocrx_word' id='word_1_436' title='bbox 1321 3002 1454 3054; x_wconf 87' lang='lat' dir='ltr'><strong>Haec</strong></span> <span class='ocrx_word' id='word_1_437' title='bbox 1479 3010 1642 3054; x_wconf 80' lang='lat' dir='ltr'><strong>autem</strong></span> <span class='ocrx_word' id='word_1_438' title='bbox 1679 3018 1735 3054; x_wconf 87' lang='lat' dir='ltr'><strong>eo</strong></span> <span class='ocrx_word' id='word_1_439' title='bbox 1763 3001 2019 3070; x_wconf 75' lang='lat' dir='ltr'><strong>coqitante,</strong></span> <span class='ocrx_word' id='word_1_440' title='bbox 2055 3018 2156 3055; x_wconf 77' lang='lat' dir='ltr'><strong>ecce</strong></span> 
     </span>
     <span class='ocr_line' id='line_1_83' title="bbox 1154 3074 2157 3145; baseline 0.003 -20"><span class='ocrx_word' id='word_1_441' title='bbox 1154 3074 1366 3143; x_wconf 73' lang='lat' dir='ltr'><strong>Anyelas</strong></span> <span class='ocrx_word' id='word_1_442' title='bbox 1404 3076 1610 3128; x_wconf 87' lang='lat' dir='ltr'><strong>Domini</strong></span> <span class='ocrx_word' id='word_1_443' title='bbox 1635 3077 1864 3145; x_wconf 80' lang='lat' dir='ltr'><strong>apparuit</strong></span> <span class='ocrx_word' id='word_1_444' title='bbox 1891 3076 1947 3129; x_wconf 81' lang='lat' dir='ltr'><strong>in</strong></span> <span class='ocrx_word' id='word_1_445' title='bbox 1974 3077 2157 3130; x_wconf 83' lang='lat' dir='ltr'><strong>somnis</strong></span> 
     </span>
     <span class='ocr_line' id='line_1_84' title="bbox 1155 3149 2158 3219; baseline 0.002 -19"><span class='ocrx_word' id='word_1_446' title='bbox 1155 3149 1201 3200; x_wconf 84' lang='lat' dir='ltr'><strong>ei</strong></span> <span class='ocrx_word' id='word_1_447' title='bbox 1238 3149 1424 3201; x_wconf 79' lang='lat' dir='ltr'><strong>dicens.-</strong></span> <span class='ocrx_word' id='word_1_448' title='bbox 1464 3150 1632 3219; x_wconf 77' lang='lat' dir='ltr'><strong>Ioseph</strong></span> <span class='ocrx_word' id='word_1_449' title='bbox 1671 3151 1743 3215; x_wconf 77' lang='lat' dir='ltr'><strong>tili</strong></span> <span class='ocrx_word' id='word_1_450' title='bbox 1775 3150 1927 3203; x_wconf 78' lang='lat' dir='ltr'><strong>David</strong></span> <span class='ocrx_word' id='word_1_451' title='bbox 1966 3151 2070 3204; x_wconf 85' lang='lat' dir='ltr'><strong>noli</strong></span> <span class='ocrx_word' id='word_1_452' title='bbox 2097 3151 2158 3202; x_wconf 90' lang='lat' dir='ltr'><strong>ti·</strong></span> 
     </span>
     <span class='ocr_line' id='line_1_85' title="bbox 1154 3224 2158 3292; baseline 0.002 -18"><span class='ocrx_word' id='word_1_453' title='bbox 1154 3237 1286 3275; x_wconf 87' lang='lat' dir='ltr'><strong>mere</strong></span> <span class='ocrx_word' id='word_1_454' title='bbox 1347 3225 1567 3292; x_wconf 84' lang='lat' dir='ltr'><strong>accipere</strong></span> <span class='ocrx_word' id='word_1_455' title='bbox 1629 3224 1855 3279; x_wconf 84' lang='lat' dir='ltr'><strong>Mariam</strong></span> <span class='ocrx_word' id='word_1_456' title='bbox 1903 3227 2158 3290; x_wconf 77' lang='lat' dir='ltr'><strong>coniayem</strong></span> 
     </span>
    </p>
   </div>
   <div class='ocr_carea' id='block_1_21' title="bbox 100 3288 2156 3366">
    <p class='ocr_par' dir='ltr' id='par_1_22' title="bbox 100 3288 2156 3366">
     <span class='ocr_line' id='line_1_86' title="bbox 100 3288 2156 3366; baseline 0.004 -24"><span class='ocrx_word' id='word_1_457' title='bbox 100 3288 348 3345; x_wconf 72' lang='lat' dir='ltr'><strong>Parvulas</strong></span> <span class='ocrx_word' id='word_1_458' title='bbox 385 3301 535 3347; x_wconf 78' lang='lat' dir='ltr'><strong>natus</strong></span> <span class='ocrx_word' id='word_1_459' title='bbox 575 3304 644 3346; x_wconf 78' lang='lat' dir='ltr'><strong>est</strong></span> <span class='ocrx_word' id='word_1_460' title='bbox 693 3294 828 3347; x_wconf 81' lang='lat' dir='ltr'><strong>nobis</strong></span> <span class='ocrx_word' id='word_1_461' title='bbox 871 3303 916 3348; x_wconf 84' lang='lat' dir='ltr'><strong>et</strong></span> <span class='ocrx_word' id='word_1_462' title='bbox 959 3296 1096 3366; x_wconf 78' lang='lat' dir='ltr'><strong>filius</strong></span> <span class='ocrx_word' id='word_1_463' title='bbox 1158 3304 1314 3362; x_wconf 82' lang='lat' dir='ltr'><strong>taam3</strong></span> <span class='ocrx_word' id='word_1_464' title='bbox 1344 3299 1472 3366; x_wconf 81' lang='lat' dir='ltr'><strong>quod</strong></span> <span class='ocrx_word' id='word_1_465' title='bbox 1509 3299 1642 3352; x_wconf 80' lang='lat' dir='ltr'><strong>enim</strong></span> <span class='ocrx_word' id='word_1_466' title='bbox 1678 3299 1734 3353; x_wconf 83' lang='lat' dir='ltr'><strong>in</strong></span> <span class='ocrx_word' id='word_1_467' title='bbox 1757 3315 1819 3355; x_wconf 80' lang='lat' dir='ltr'><strong>ea</strong></span> <span class='ocrx_word' id='word_1_468' title='bbox 1856 3308 2030 3354; x_wconf 79' lang='lat' dir='ltr'><strong>natum</strong></span> <span class='ocrx_word' id='word_1_469' title='bbox 2065 3305 2156 3361; x_wconf 79' lang='lat' dir='ltr'><strong>est,</strong></span> 
     </span>
    </p>
   </div>
   <div class='ocr_carea' id='block_1_22' title="bbox 77 3413 803 3510">
    <p class='ocr_par' dir='ltr' id='par_1_23' title="bbox 77 3413 803 3510">
     <span class='ocr_line' id='line_1_87' title="bbox 77 3413 419 3502; baseline 0.008 -49.686"><span class='ocrx_word' id='word_1_470' title='bbox 77 3413 301 3502; x_wconf 49' lang='grc' dir='ltr'><strong>(θὼρ.</strong></span> <span class='ocrx_word' id='word_1_471' title='bbox 268 3416 419 3462; x_wconf 53' lang='lat' dir='ltr'><strong>amu.</strong></span> 
     </span>
     <span class='ocr_line' id='line_1_88' title="bbox 155 3458 803 3510; baseline 0.015 -14.576"><span class='ocrx_word' id='word_1_472' title='bbox 155 3458 259 3503; x_wconf 75' lang='grc' dir='ltr'><strong>Ην</strong></span> <span class='ocrx_word' id='word_1_473' title='bbox 297 3463 420 3499; x_wconf 76' lang='lat' dir='ltr'><strong>&#39;lueet</strong></span> <span class='ocrx_word' id='word_1_474' title='bbox 444 3472 529 3509; x_wconf 59' lang='lat' dir='ltr'><strong>gen.</strong></span> <span class='ocrx_word' id='word_1_475' title='bbox 554 3463 741 3510; x_wconf 71' lang='grc'><strong>8111,11</strong></span> <span class='ocrx_word' id='word_1_476' title='bbox 766 3465 803 3505; x_wconf 67' lang='grc' dir='ltr'><strong>ὓ.</strong></span> 
     </span>
    </p>
   </div>
   <div class='ocr_carea' id='block_1_23' title="bbox 1204 3429 1613 3515">
    <p class='ocr_par' dir='ltr' id='par_1_24' title="bbox 1204 3429 1613 3515">
     <span class='ocr_line' id='line_1_89' title="bbox 1204 3429 1613 3515; baseline 0.012 -10"><span class='ocrx_word' id='word_1_477' title='bbox 1204 3469 1258 3514; x_wconf 65' lang='grc' dir='ltr'><strong>(ἃ)</strong></span> <span class='ocrx_word' id='word_1_478' title='bbox 1284 3429 1410 3507; x_wconf 68' lang='lat' dir='ltr'><strong>nauti.</strong></span> <span class='ocrx_word' id='word_1_479' title='bbox 1437 3476 1469 3507; x_wconf 73' lang='lat' dir='ltr'><strong>e.</strong></span> <span class='ocrx_word' id='word_1_480' title='bbox 1496 3471 1532 3515; x_wconf 83' lang='grc'><strong>1,</strong></span> <span class='ocrx_word' id='word_1_481' title='bbox 1559 3471 1613 3510; x_wconf 68' lang='lat'><strong>10.</strong></span> 
     </span>
    </p>
   </div>
  </div>
 </body>
</html>
