2332 3860
111 453 117 457 .
179 420 312 466 tuam
370 409 599 462 terminos
658 413 834 460 terrae.

756 102 989 148 masau.
1032 99 1198 140 suono
1235 100 1292 139 11.
1335 99 1489 140 CAPUT
1526 101 1598 140 nt.

2038 85 2143 141 επις
2183 61 2186 66 “

181 187 295 244 ideo
332 186 472 242 Deus
509 185 660 241 Pater
703 185 905 253 ipsimet
942 182 1069 236 dixit
1114 183 1164 235 in
1227 162 1536 242 horrendam
1575 182 1678 234 iam
1717 183 2076 252 pronunciavit
2101 198 2220 237 sen·

180 262 380 318 Psalmo
407 260 471 323 11,
515 261 570 314 8:
601 257 736 313 Dabo
759 258 846 310 tibi
871 265 1031 326 yeutes
1059 256 1167 310 hae-

179 338 428 391 reditatem
493 342 626 388 tuam
658 374 671 394 ,
729 340 772 384 et
827 333 1166 402 possessionem

906 435 974 444 —
1026 405 1161 459 Psal.

179 484 314 546 Vnt,
339 483 369 537 7
408 485 469 536 de
501 481 701 535 Christo
741 481 945 534 dicitur:
991 478 1166 532 Omnia

179 559 422 613 subiecisti
449 556 535 610 sub
555 556 755 625 pedibus
783 556 906 608 eius.
931 583 1002 593 -
1023 553 1167 606 Chri-

178 640 289 687 stus
338 633 444 701 ipse
505 629 686 683 Matth.
743 628 906 690 XVII,
966 628 1054 693 Ξίι,
1111 643 1165 680 se

180 716 423 776 tanquam
461 721 636 772 regem
675 721 703 757 a
739 702 982 756 solvendo
1009 718 1165 755 censu

180 784 458 834 immunem
500 779 811 839 declaravit,
874 785 925 831 et
980 776 1160 830 Matlh.

179 854 415 916 XXan,
460 854 548 915 18,
592 854 750 905 dixit:
795 852 921 904 Data
957 859 1023 903 est
1045 851 1169 902 mihi

178 930 335 982 einais
369 936 575 998 potestas
627 929 678 979 in
725 926 851 980 coelo
887 935 931 979 et
974 926 1028 977 iu
1079 933 1169 977 ter·

179 1020 268 1069 νας
311 1019 442 1073 quae
500 1002 654 1055 verba
714 1008 818 1053 tam
869 999 1170 1052 universali·

181 1085 258 1131 ter
303 1078 575 1132 enunciata
635 1077 817 1128 frustra
882 1075 944 1127 ad
1003 1074 1169 1126 solum

180 1169 397 1220 regnum
427 1150 691 1220 spirituale
731 1154 1077 1202 coarctantur.
1097 1168 1185 1188 —·

179 1225 353 1281 Noluit
408 1233 580 1278 autem
634 1223 864 1277 Christus
922 1230 1171 1291 tempora-

182 1301 282 1354 lem
331 1301 466 1353 hanc
524 1305 826 1368 potestatem
883 1314 1164 1359 exercere,

180 1377 297 1444 quia
362 1374 545 1427 divinis
609 1373 880 1426 intendens
944 1371 1166 1424 humana

181 1451 434 1503 commisit
472 1449 779 1501 hominibus,
848 1447 1049 1500 Etenim
1106 1447 1166 1498 ad

182 1525 547 1592 redemptionis
611 1539 736 1592 opus
804 1522 1167 1590 perficiendum

180 1599 494 1667 congruebat
544 1614 639 1650 uon
690 1612 909 1649 exercere
976 1598 1167 1663 regiam

180 1676 517 1743 potestatem3
561 1679 612 1724 et
652 1672 816 1724 maius
855 1678 965 1724 erat
1023 1673 1172 1724 meri-

180 1755 289 1800 tum
330 1747 513 1800 Christi
555 1747 708 1814 Regis
761 1746 930 1797 ornari
995 1747 1167 1813 spinea

181 1838 389 1881 corona,
430 1837 583 1891 quam
635 1820 955 1884 diademate3
1010 1822 1169 1872 maior

180 1898 340 1966 gloria
378 1897 578 1949 adorari
617 1897 667 1948 in
709 1910 879 1953 cruce,
924 1911 1077 1963 quam
1118 1896 1165 1947 in

183 1971 400 2036 thron03
444 1972 605 2023 maior
645 1972 809 2022 virtus
848 1970 1054 2024 domare
1094 1986 1170 2022 or-

184 2046 298 2098 bem
338 2046 589 2106 doctrina,
634 2060 788 2114 quam
828 2045 1018 2109 armis;
1063 2060 1166 2096 ma·

182 2121 256 2173 ior
293 2121 539 2188 sapientia
587 2120 817 2171 homines
870 2120 962 2171 sibi
1015 2120 1169 2172 subii-

184 2210 301 2247 cere
343 2211 431 2262 per
470 2193 705 2262 exempla
747 2195 1059 2262 paupertatis
1117 2202 1167 2246 et

183 2269 506 2335 humilitatiS,
544 2284 697 2336 quam
735 2268 797 2319 ad
850 2284 902 2320 se
960 2268 1166 2321 allicere

183 2360 272 2412 per
310 2344 603 2396 divitiarum
644 2349 694 2394 et
732 2342 981 2394 bonorum
1039 2349 1166 2395 tem-

183 2418 433 2487 poralium
474 2416 791 2486 splendidam
814 2432 1047 2484 pompam
1072 2415 1165 2487 (t).

252 2493 384 2545 Nota
434 2493 484 2545 Ξ.
540 2490 592 2546 Si
646 2490 875 2542 Christus
915 2491 1026 2542 Rex
1090 2500 1167 2544 est

183 2582 454 2635 supremus
493 2573 544 2619 et
583 2565 1064 2627 excelleiitissimu5‚
1114 2582 1165 2618 o-

184 2657 325 2694 mnes
364 2657 511 2708 reges
550 2647 716 2694 terrae
775 2639 971 2692 infinite
1017 2656 1167 2708 supe-

184 2732 320 2777 ranS‚
363 2731 584 2784 acquum
624 2721 720 2775 est,
766 2721 822 2766 ut
847 2730 1046 2767 summa
1084 2731 1166 2767 re-

185 2791 410 2843 verentia
450 2791 540 2857 ipsi
583 2789 916 2856 exhibeatur,
974 2791 1165 2857 praeci-

184 2880 279 2932 pue
319 2866 367 2916 in
409 2864 669 2924 EcclesiiS,
713 2865 762 2915 in
804 2863 986 2932 quibus
1025 2863 1165 2917 habi-

186 2946 294 2991 tare
321 2932 661 3006 dignatur.-'-
687 2936 793 2991 Vae
812 2945 983 2990 autem
1004 2939 1164 3007 nobiS,

185 3015 219 3066 si
260 3012 458 3065 Christo
498 3013 605 3079 regi
632 3013 826 3064 servire
846 3027 1160 3074 recusemus,

185 3094 230 3140 et
257 3103 375 3139 cum
395 3086 670 3140 rebellibus
691 3086 886 3139 civibus
906 3087 1160 3141 dicamus:

186 3161 425 3215 Nolumus
465 3161 591 3213 huuc
628 3176 831 3230 reynare
880 3177 1025 3231 super
1081 3178 1165 3215 nos

186 3234 280 3306 (ᾖ).
324 3235 630 3288 Tristissima
672 3242 795 3288 tunc
846 3251 955 3290 sors
1013 3236 1165 3290 obve-

187 3311 287 3362 niet
326 3310 489 3372 nobiS‚
533 3310 773 3380 quoniam
813 3310 973 3365 iratus
1010 3311 1162 3366 iudex

234 3438 286 3484 (1)
309 3439 554 3476 contemnent
577 3441 640 3478 lib.
666 3440 722 3486 27,
747 3449 823 3486 cap.
849 3438 882 3478 9.

224 3484 277 3521 (2)
299 3485 455 3519 Luem.
474 3485 534 3530 aa..

1230 255 1440 312 tentiam
1482 255 1717 309 dicensx·
1745 255 2077 311 Veruntamen
2117 258 2218 312 ini·

1228 331 1374 384 mices
1411 344 1540 385 meos
1578 330 1703 392 illos,
1747 331 1837 399 qui
1861 330 2121 385 noluerunt
2146 346 2220 386 me

1229 419 1435 474 reynare
1472 418 1616 472 super
1652 420 1720 463 se,
1763 405 1984 458 adducite
2024 405 2150 470 huc,
2177 413 2220 461 et

1234 478 1634 550 interficite'aute
1671 493 1745 530 me
1772 476 1869 550 (5).

1611 599 1650 665 §
1683 600 1824 647 ²872.

1410 689 1575 726 Christus
1597 694 1654 726 est
1674 698 1795 726 novus
1818 690 2027 734 Legislator.

1300 774 1351 827 Si
1393 772 1626 827 Christus
1665 781 1744 828 est
1788 790 1942 827 verus
1982 792 2076 829 rex
2137 792 2220 829 su-

1231 865 1405 919 prema
1447 856 1695 917 potestate
1734 849 2016 918 praedituS,
2059 852 2221 920 sequi-

1233 932 1315 978 tur
1354 940 1471 976 eum
1503 940 1682 976 verum
1710 940 1820 976 esse
1851 923 2217 993 legislatorem

1233 1005 1457 1067 potestas
1497 999 1631 1050 enim
1674 998 1961 1067 legislativa
1987 1015 2088 1052 non
2112 1002 2221 1069 qui-

1232 1074 1348 1127 dem
1390 1089 1479 1141 per
1518 1089 1572 1125 se
1612 1074 1662 1124 in
1706 1088 1917 1125 munere
1966 1073 2221 1142 propheti-

1231 1165 1311 1209 cO‚
1356 1149 1443 1200 sed
1485 1148 1535 1199 in
1579 1163 1792 1199 munere
1849 1148 1990 1215 regio
2050 1165 2220 1202 neces·

1230 1224 1363 1275 sario
1404 1223 1714 1275 continetur.
1762 1221 1976 1291 Semper
2032 1223 2220 1276 idcirco

1232 1297 1462 1350 Christus
1503 1303 1764 1366 tamquam
1812 1313 1966 1349 verus
2025 1296 2219 1363 legisla-

1235 1380 1310 1424 tor
1349 1372 1553 1424 habitus
1593 1378 1688 1433 est,
1733 1372 1816 1440 qui
1859 1373 1908 1423 in
1939 1371 2220 1440 Evangelio

1233 1462 1419 1499 novam
1468 1445 1633 1511 legem
1701 1446 2062 1513 promulgavit.
2124 1447 2220 1501 Ast

1233 1538 1296 1574 ex
1336 1520 1541 1573 Lutlteri
1597 1520 1771 1573 schola
1829 1522 2021 1588 egressi
2078 1528 2217 1584 sunt,

1232 1596 1317 1665 qui
1358 1596 1620 1656 docerent,
1664 1595 1922 1648 hominem
1985 1596 2220 1649 christia·

1234 1686 1356 1722 num
1397 1670 1533 1722 omni
1577 1670 1687 1738 lege
1746 1670 2027 1723 immunem
2085 1686 2217 1734 esse,

1235 1745 1572 1811 Evangelium
1625 1746 1825 1797 nonnisi
1890 1761 1956 1797 ex
2017 1746 2221 1812 promis-

1232 1821 1459 1872 sionibus
1498 1825 1752 1880 constare,
1797 1818 2056 1872 Christum
2110 1819 2222 1872 nul-

1232 1895 1333 1946 lam
1376 1894 1539 1961 legem
1580 1894 1798 1946 dedisse.
1832 1923 1898 1933 ·-
1929 1892 1997 1947 Ut
2053 1901 2222 1946 tantus

1231 1986 1372 2022 error
1413 1975 1802 2037 praecaveatur,
1846 1984 2055 2021 necesse
2121 1976 2219 2031 est,

1231 2051 1287 2096 ut
1348 2059 1409 2096 ex
1445 2041 1503 2096 S.
1547 2043 1809 2111 Scriptura
1856 2042 1912 2095 V.
1955 2050 1999 2096 et
2036 2042 2106 2097 N.
2162 2042 2216 2097 T.

1230 2126 1280 2171 et
1312 2135 1373 2171 ea·
1415 2117 1697 2170 Traditioue
1747 2118 2007 2186 probetur,
2077 2115 2223 2170 Chri-

1229 2201 1365 2246 stum
1408 2209 1508 2244 non
1568 2192 1867 2260 simpliciter
1926 2192 2217 2255 Doctorem‚

1230 2268 1317 2321 sed
1342 2283 1522 2320 verum
1545 2268 1696 2319 etiam
1721 2266 2083 2333 Legislatorem
2107 2267 2223 2320 fuis·

1229 2360 1305 2404 se,
1349 2350 1399 2394 et
1439 2342 1490 2393 in
1532 2342 1760 2395 doctrina
1790 2344 1898 2394 eius
1921 2341 2221 2408 evangelica

1231 2432 1405 2469 veram
1446 2432 1734 2484 novamque
1759 2416 1924 2484 legem
1951 2416 2219 2470 contineri.

1303 2491 1353 2544 l.
1399 2490 1503 2543 lam
1547 2491 1598 2542 in
1627 2490 1725 2545 Vet.
1753 2490 1874 2543 Test.
1902 2490 2220 2559 praedict-um

1228 2567 1339 2627 fuit,
1382 2565 1618 2619 Messiam
1658 2565 1887 2620 futurum
1916 2580 2027 2617 esse
2057 2565 2222 2633 Legis·

1229 2640 1462 2706 latorem,
1503 2641 1714 2708 eiusque
1741 2640 2023 2692 doctrinam
2054 2656 2218 2694 novae

1231 2715 1356 2781 legis
1396 2715 1645 2767 rationem
1676 2714 1965 2767 habituram
1994 2730 2126 2767 esse.
2162 2713 2220 2768 ln

1228 2789 1381 2842 Deut.
1438 2790 1572 2841 enim
1633 2788 1795 2858 Moysi
1853 2788 2046 2841 dictum
2106 2796 2215 2842 est:

1229 2864 1524 2933 Prophetam
1564 2863 1798 2916 suscitabo
1837 2863 1904 2916 eis
1946 2864 2004 2916 de
2062 2863 2220 2917 medio

1229 2940 1449 3006 fratrum
1487 2953 1712 2999 suorum,
1755 2939 1984 2990 similem*
2011 2938 2085 2990 tui
2122 2937 2216 3009 (lt);

1229 3013 1439 3066 Messias
1481 3029 1623 3081 ergo,
1667 3013 1751 3081 qui
1794 3012 2070 3065 fatentibus
2097 3012 2220 3079 ipsis

1227 3088 1427 3141 ludaeis
1467 3087 1549 3139 hic
1588 3086 1878 3155 praedictus
1917 3086 2031 3148 fuit,
2062 3086 2125 3138 ad
2147 3087 2218 3137 in·

1228 3169 1335 3215 star
1374 3161 1563 3231 Moysis
1605 3177 1704 3214 non
1746 3160 1913 3214 solum
1954 3160 2216 3230 propheta,

1227 3237 1316 3289 sed
1355 3237 1510 3289 etiam
1552 3234 1812 3302 legislator
1850 3251 1962 3288 esse
2019 3233 2212 3288 debuit.
2265 3248 2276 3254 ·

1229 3312 1396 3364 Isaias
1433 3324 1549 3363 cum
1590 3310 1977 3380 praenuntiaret
2031 3307 2213 3361 doctri·

1271 3483 1323 3529 (3)
1346 3484 1432 3520 Luc.
1446 3482 1501 3529 19,
1526 3482 1582 3520 27.
1775 3482 1828 3529 (ι)
1851 3484 1955 3520 nem.
1979 3479 2135 3525 oep.1s‚
2159 3477 2214 3518 1⁶.
