2332 3860
0 3334 24 3454 l

700 181 817 221 »Ans
851 181 924 220 m.
966 179 1134 221 sumo
1169 182 1227 223 n.
1269 182 1420 221 canor
1457 183 1514 223 11.

28 179 63 326 ’ξ
114 261 295 319 habuit
314 263 455 318 vitae
480 270 626 327 suae,
654 263 793 316 unde
819 263 970 325 dixit:
1000 265 1105 333 qu
1142 238 1486 334 {nequaquam
1508 263 1691 318 deduci
1709 271 1942 334 possunt.
1967 265 2155 337 Quam⁴1

114 350 236 408 pono
290 340 507 392 animam
569 343 724 393 meam
780 353 872 406 pro
942 338 1106 391 ovibus

31 471 37 476 ,
114 413 304 466 meis...
348 420 392 466 et
410 414 691 483 potestatem
712 411 855 463 habeo
885 414 1109 480 ponendi

115 501 221 538 eam
260 484 357 557 (l).
400 487 580 540 Libere
605 501 727 553 ergo
754 484 988 539 Christus
1026 502 1103 539 se-

27 566 41 610 ῑ.·
117 559 285 628 ipsum
311 560 373 612 ad
404 561 620 614 mortem
648 559 758 612 loco
785 567 960 612 nostro
980 561 1103 612 sub-

0 3594 6 3598 *
24 3457 52 3643 l

118 633 340 687 eundam
366 633 571 698 obtulit3
603 650 742 686 nam:
786 633 974 686 oblatus
1011 642 1098 696 est,

116 708 233 775 quia
273 709 372 777 ipse
407 707 554 761 voluit
581 706 677 778 (ᾖ).
714 706 956 760 AEternus
981 724 1104 776 quo-

116 797 214 850 que
240 779 390 834 Pater
404 780 538 834 hanc
559 783 975 849 subrogationem
1003 798 1102 834 non

116 856 281 908 solum
309 857 630 924 approbavit,
655 856 741 908 sed
772 856 989 923 ipsemet
1018 872 1105 908 no-

117 930 192 982 bis
219 944 334 982 eam
361 930 595 991 contulit,
621 931 811 982 etenim
830 946 922 998 pro
949 931 1105 982 omni-

117 1003 203 1055 bus
231 1004 438 1057 tradidit
466 1004 606 1056 illum
628 1002 723 1074 (5).
750 1003 981 1073 Denique
1004 1020 1102 1056 non

118 1077 279 1130 solum
342 1078 514 1130 nullus
574 1079 740 1129 malus
789 1078 1000 1130 effectus
1040 1094 1105 1130 ex

90 1159 281 1204 .morte
318 1169 349 1204 a
386 1150 586 1205 Christo
632 1154 845 1204 tolerata
899 1160 1106 1204 secutus

119 1231 217 1286 est,
260 1226 350 1278 sed
391 1226 609 1294 plurima
636 1233 686 1278 et
719 1227 945 1278 maxima
974 1242 1108 1278 emo-

120 1299 349 1352 lumenta
400 1316 466 1351 ex
507 1300 591 1352 illa
632 1302 682 1351 in
723 1315 887 1366 genus
927 1299 1107 1352 huma·

119 1389 243 1425 num
286 1372 659 1442 profluxerunt,
692 1375 805 1442 quia
839 1389 925 1441 per
966 1375 1107 1426 illam

119 1448 352 1499 homines
402 1465 429 1499 e
481 1455 616 1500 statu
670 1450 862 1515 peccati
902 1448 966 1501 ad
1006 1456 1107 1501 sta-

125 1529 238 1574 tum
278 1522 500 1573 iustitiae
541 1522 773 1574 translati
815 1530 955 1574 sunt.

199 1594 306 1649 obi.
353 1597 432 1649 lt.⁸
469 1595 520 1648 Si
550 1596 687 1648 Deus
725 1596 953 1648 decrevit
980 1612 1110 1648 mor-

125 1677 230 1722 tem
270 1668 381 1722 Filii
422 1671 520 1732 sui,
553 1671 725 1723 debuit
753 1672 905 1723 etiam
935 1671 1109 1722 decer-

123 1760 247 1796 nere
288 1750 495 1812 peccata
535 1760 732 1805 eorum,
775 1747 859 1813 qui
900 1747 1109 1797 atrocis·

122 1819 302 1871 simam
338 1826 550 1871 mortem
580 1818 779 1871 Christo
807 1821 1108 1871 intulerunt.

123 1892 304 1958 Magna
330 1893 536 1960 proinde
550 1894 768 1944 absurda
792 1909 856 1944 ex
879 1894 1109 1945 doctrina

123 1966 500 2019 Catholicorum
521 1975 824 2035 sequuntur.
855 1967 945 2020 Vel
975 1969 1110 2019 enim

125 2041 270 2093 fateri
310 2040 526 2101 debent,
571 2041 733 2092 Deum
776 2058 887 2093 esse
935 2058 1112 2109 pecca-

125 2122 294 2167 torum
331 2117 554 2167 maxime
610 2115 980 2167 horrendorum
1022 2133 1111 2167 au-

126 2196 360 2250 ctorem,
404 2189 486 2240 vel
543 2206 770 2242 asserere
823 2198 1108 2257 coguntur,

127 2262 273 2323 illos,
317 2264 400 2331 qui
436 2261 691 2314 Christum
732 2263 1023 2316 afflixerunt
1063 2272 1113 2316 et

127 2339 533 2398 interemerunt,
577 2353 676 2388 non
708 2354 970 2405 peccasse,
1025 2340 1111 2390 sed

128 2418 266 2465 recte
306 2412 504 2479 egisse,
547 2412 664 2478 quia
722 2413 981 2464 decretum
1024 2429 1114 2464 seu

133 2486 451 2537 voluntatem
480 2484 570 2535 Dei
588 2488 785 2538 executi
802 2493 942 2551 sunt3
966 2486 1115 2538 adeo-

133 2575 231 2628 que
272 2559 584 2611 laudandum
627 2576 738 2611 esse
790 2560 986 2620 ludam,
1030 2561 1115 2629 qui

131 2633 349 2685 avaritia
390 2650 482 2685 sua
524 2634 774 2701 impulsus
816 2635 1116 2702 magistrum

132 2723 281 2759 suum
322 2708 572 2775 prodidit3
616 2708 899 2760 laudandos
950 2709 1117 2760 Ponti-

133 2781 256 2832 fices
294 2788 346 2832 et
385 2780 716 2842 Pharisaeos,
775 2784 858 2851 qui
900 2791 1116 2836 mortem

131 2853 320 2906 Christi
358 2856 653 2922 petierunt3
700 2856 1012 2908 laudandum
1041 2857 1119 2909 Pi-

134 2928 315 2987 latum,
358 2929 442 2996 qui
483 2931 790 2981 sententiam
829 2932 1006 2983 mortis
1041 2938 1119 2982 tu·

133 3001 211 3066 lit3
239 3001 519 3054 laudandos
546 3004 832 3064 carnifices,
864 3006 949 3073 qui
977 3004 1120 3056 Chri-

135 3083 269 3128 stum
298 3075 514 3143 flagellis
553 3093 787 3139 caesum,
843 3080 1001 3146 spinis
1039 3095 1121 3131 co-

136 3157 370 3204 ronatum
393 3156 493 3202 etc.
519 3152 659 3202 cruci
679 3151 974 3205 affixerunt.
1001 3151 1122 3215 Quis

137 3224 266 3275 tales
305 3226 694 3292 consequentias
741 3232 797 3278 ut
852 3228 1034 3296 impias
1073 3234 1124 3280 et

141 3295 295 3349 falsas
332 3313 434 3351 non
473 3298 807 3351 abhorrebit?

213 3368 353 3439 Resp.
384 3371 505 3425 Tam
536 3371 692 3425 falsae
720 3378 772 3425 et
799 3374 983 3443 impiae
1010 3390 1125 3427 con-

1967 169 2074 222 567
2137 148 2146 155 “

1166 339 1243 402 vis
1276 339 1418 392 enim
1450 337 1595 391 Deus
1621 339 1908 392 decreverit
1937 347 2154 394 mortem

1164 411 1281 464 Filii
1319 413 1419 474 sui,
1450 410 1748 466 nulla-tenus
1774 429 1839 465 ex
1866 412 1963 466 hoc
1990 416 2157 482 sequi-

1167 493 1290 547 tur,.
1313 486 1447 554 quod
1486 486 1644 538 etiam
1677 487 1906 539 decrevit
1946 495 2158 555 peccata

1166 575 1342 612 eorum
1363 561 1448 628 qui
1477 558 1738 612 Christum
1765 561 2157 616 interemerunt.

1166 633 1303 686 Deus
1342 635 1480 686 enim
1518 634 1798 686 omniscius
1844 642 1941 696 est,
1985 636 2159 688 futura

1167 708 1334 760 omnia
1374 708 1507 760 sicut
1542 708 1830 775 praesentia
1871 714 1922 760 et
1963 716 2162 775 praete-

1168 783 1263 834 rita
1304 782 1573 849 perspicit,
1617 789 1771 850 atque
1810 781 1923 834 ideo
1963 783 2027 834 ab
2079 799 2163 834 ae-

1169 863 1313 907 terno
1354 862 1556 923 tempus
1597 857 1888 923 praevidit,
1932 871 2031 924 quo
2085 856 2163 907 lu—

1168 930 1279 982 daei
1320 945 1384 980 ex
1427 931 1660 998 propriae
1702 930 1953 982 libertatis
1999 930 2164 982 abusu

1167 1003 1228 1054 ad
1272 1010 1468 1056 tantam
1500 1006 1804 1056 caecitatem
1833 1011 1884 1056 et
1914 1004 2163 1057 malitiam

1171 1079 1466 1144 perventuri
1491 1086 1683 1139 essent,
1708 1085 1765 1130 ut
1790 1078 2024 1134 Messiam
2056 1078 2168 1146 plu·

1169 1153 1309 1203 rimis
1348 1152 1630 1219 fulgentem
1682 1153 1842 1219 signis
1881 1168 2163 1220 agnoscere

1170 1233 1497 1287 recusarent,
1542 1234 1593 1279 et
1631 1226 1696 1278 ad
1736 1233 1954 1278 mortem
1996 1242 2163 1295 usque

1169 1300 1275 1352 dire
1311 1308 1758 1368 persequerentur.
1803 1300 1941 1352 Deus
1984 1301 2162 1367 igitur,

1169 1375 1314 1425 cuius
1354 1375 1551 1426 infinita
1612 1375 1862 1442 sapientia
1911 1375 2054 1427 novit
2093 1381 2167 1426 et·

1170 1451 1270 1499 iam
1310 1465 1377 1500 ex
1404 1449 1552 1500 malis
1579 1449 1902 1510 benefacere,
1934 1456 2167 1516 tempore

1170 1521 1255 1573 illo
1311 1523 1376 1574 ab
1415 1531 1626 1574 aeterno
1686 1524 1919 1591 praeviso
1977 1522 2167 1574 Filium

1171 1612 1321 1648 suum
1363 1599 1517 1657 misit,
1564 1596 1813 1649 malitiam
1858 1596 2167 1648 ludaeorum

1174 1686 1271 1722 non
1328 1671 1655 1738 producenS,
1713 1671 1801 1723 sed
1864 1671 2167 1738 permittens

1172 1761 1331 1812 eaque
1372 1753 1523 1797 utens
1571 1746 1634 1797 ad
1694 1746 2014 1797 sanctissima
2074 1761 2170 1798 sua

1173 1819 1382 1870 consilia
1424 1820 1769 1886 adimplenda.
1826 1819 1977 1871 Nullo
2017 1819 2168 1871 modo

1173 1909 1292 1959 ergo
1351 1893 1488 1944 Deus
1546 1896 1596 1945 in
1638 1894 1869 1945 doctrina
1918 1893 2168 1946 catholiea

1178 1975 1500 2034 peccatorum
1542 1975 1722 2020 auctor
1749 1969 2012 2032 statuitur3
2039 1967 2168 2020 alias

1175 2043 1327 2094 etiam
1371 2049 1526 2093 nauta
1568 2050 1722 2094 vento
1763 2042 1988 2094 secundo
2017 2049 2169 2094 utens

1174 2117 1234 2167 ad
1277 2118 1374 2168 iter
1412 2132 1563 2168 suum
1605 2119 1979 2168 instituendum
2015 2133 2169 2168 causa

1179 2193 1313 2243 venti
1357 2191 1602 2243 dicendus
1642 2191 2071 2259 esset.—Neque
2101 2192 2173 2243 al-

1177 2272 1342 2317 terum
1382 2266 1661 2317 absurdum
1702 2282 1766 2317 ex
1815 2266 2044 2318 doctrina
2088 2281 2172 2317 ca-

1179 2340 1362 2390 tholica
1379 2342 1628 2407 sequitur,
1652 2349 2004 2408 persecutores
2031 2338 2172 2391 Chri-

1177 2416 1238 2464 sti
1282 2420 1419 2465 recte
1460 2415 1624 2480 egisse
1652 2422 1701 2466 et
1734 2415 2013 2467 laudandos
2042 2429 2170 2479 esse,

1177 2488 1295 2554 quia
1335 2487 1651 2540 voluntatem
1683 2488 1770 2541 Dei
1800 2491 2005 2541 executi
2034 2495 2171 2554 sunt,

1178 2561 1312 2612 Talis
1364 2563 1499 2613 enim
1552 2565 1918 2631 consequentia
1969 2562 2173 2614 tolerari

1182 2643 1386 2701 posset,
1444 2638 1484 2687 si
1540 2638 1662 2704 ipsis
1721 2638 1960 2690 voluntas
2001 2636 2175 2689 divina

1180 2710 1411 2761 intimata
1439 2717 1490 2761 et
1518 2719 1851 2778 praeceptum
1879 2712 2176 2779 impositum

1182 2785 1376 2846 suisset,
1422 2783 1623 2837 Christo
1651 2785 1851 2837 dolores
1879 2793 1930 2838 et
1960 2793 2176 2837 mortem

1182 2858 1453 2918 inferendi,
1490 2866 1541 2910 et
1580 2861 1620 2911 si
1665 2866 1866 2911 tantum
1907 2861 1969 2912 ad
2000 2859 2179 2911 volun-

1183 2938 1339 2984 tatem
1381 2932 1608 2984 divinam
1660 2934 2042 3002 adimplendam
2084 2935 2179 2985 boc

1184 3007 1534 3073 perfecissent.
1582 3005 1910 3060 Contrarium
1944 3024 2068 3060 vero
2096 3023 2179 3059 ac·

1182 3079 1332 3143 cidit3
1376 3080 1551 3132 ludaei
1593 3082 1732 3133 enim
1772 3099 1874 3135 non
1917 3083 2180 3134 voluntate

1184 3153 1357 3205 divina
1399 3154 1642 3221 impulsi,
1699 3157 1788 3208 sed
1839 3156 2029 3224 iniquis
2069 3171 2181 3224 pas-

1184 3227 1409 3280 sionibus
1448 3229 1644 3296 abrepti
1675 3229 1878 3284 Christo
1906 3231 2106 3282 dolores
2132 3235 2182 3280 et

1188 3309 1400 3353 mortem
1467 3302 1795 3369 intulerunvt3
1874 3309 2183 3374 quapropter

1185 3376 1485 3441 gravissime
1549 3385 1867 3444 peccarunt,
1948 3376 2183 3446 quamvis

141 3445 438 3512 sequentiae
475 3460 542 3498 ex
589 3446 818 3500 doctrina
874 3449 1122 3502 catholica
1188 3448 1518 3502 materialiter
1543 3450 1610 3503 ad
1637 3453 1849 3506 consilia
1892 3451 2065 3503 divina
2093 3449 2182 3502 im-

183 3540 237 3586 (1)
260 3541 358 3578 Ioan.
384 3540 438 3585 10,
463 3541 506 3580 1⁸
527 3548 598 3581 etc.

1229 3548 1283 3595 (2)
1305 3550 1416 3586 isaias
1433 3549 1488 3590 53.
1514 3549 1547 3589 ¹1.
1836 3552 1892 3598 (3)
1917 3551 2020 3588 Rom.
2046 3548 2082 3594 8,
2106 3548 2162 3586 32.
