2332 3860
181 209 228 260 „0
727 215 846 255 »Ans
880 217 952 255 nt.
997 215 1163 256 szcrto
1199 217 1237 254 1.
1280 215 1430 254 carm·
1468 217 1516 254 V.

1953 159 2058 256 513

52 339 74 361 ,,
102 303 276 374 obrem
313 298 468 353 etiam
487 313 590 352 non
613 284 888 367 repugnat,
918 297 1087 354 Incar-
1149 296 1316 352 cunda
1353 295 1618 351 Trinitatis
1644 296 1865 353 Persona
1892 299 2122 355 incarua‘

13 379 44 420 ²-
88 371 358 447 ‘nationem
421 372 578 426 solius
642 387 753 426 esse
829 373 1087 428 secundae
1150 378 1203 426 ta
1240 372 1324 434 sit,
1356 371 1622 426 fatendum
1654 379 1753 436 est,
1785 379 1888 426 tam
1917 375 2138 429 sublime

101 447 366 524 personae.
425 446 819 509 concedendum
883 448 1087 518 quidem
1150 446 1452 517 mysterium
1483 456 1521 499 'a
1561 447 1778 501 limitata
1818 455 1990 501 mente
2039 449 2136 502 bu·

102 531 199 588 est,
241 522 466 582 modum,
509 537 608 591 quo
647 523 695 575 id
737 522 846 585 fiat,
874 538 906 574 a
948 522 1091 575 nobis
1155 537 1306 574 mana
1348 520 1714 591 comprehendi
1778 528 1830 575 et
1891 521 2140 591 explicari

26 612 37 674 ζ
90 598 328 670 ⁴perfecte
367 596 580 665 perspici
622 604 673 650 et
710 596 956 664 explicari
990 611 1089 648 non
1154 612 1255 648 non
1321 611 1486 664 posse,
1548 601 1703 663 atque
1743 611 1862 649 cum
1900 595 2141 665 Apostolo

108 688 273 742 posse,
316 671 433 740 quia
477 677 650 723 mente
716 671 933 723 limitata
998 686 1094 722 nec

23 750 32 788 ῐ
106 745 354 801 infinitam
409 752 460 797 et
523 745 950 814 simplicissimam
1016 761 1093 797 es-

21 823 63 891 .'
105 822 323 875 sentiam
362 819 611 882 divinam,
656 835 751 872 nec
815 819 1094 872 distinctio-

56 914 58 917 ·
111 911 226 951 nem
269 910 603 964 personarum
661 893 1095 962 comprehendere

111 969 361 1023 valemus.
405 967 504 1020 Sed
544 985 608 1020 ex
648 969 745 1021 hac
773 970 878 1036 ipsa
903 970 1096 1020 ratione

118 1045 396 1097 adversarii
437 1045 487 1095 in
553 1044 805 1112 proposita
868 1042 1096 1095 doctrina

114 1126 342 1188 apertam
384 1117 836 1170 contradictionem
864 1117 1098 1170 ostende-

117 1208 172 1246 re
213 1209 312 1244 non
351 1192 544 1244 valent.
591 1192 653 1244 Et
692 1193 810 1261 quia
867 1192 993 1244 haee
1030 1207 1101 1243 ,ο-

113 1267 278 1319 stendi
318 1268 512 1334 nequit,
569 1266 870 1318 revelationi
926 1266 1102 1317 immo-

113 1341 283 1393 biliter
323 1340 682 1402 insistendum,
727 1348 778 1393 et
811 1340 1017 1392 humilis
1052 1342 1100 1391 in

114 1421 257 1468 tanto
321 1416 564 1485 mysterio
623 1416 749 1468 fides
814 1415 1101 1468 exercenda

106 1495 204 1543 est.

512 1613 550 1671 §
581 1612 722 1659 κω.

314 1702 365 1738 De
388 1703 650 1738 lucarnationis
672 1703 938 1740 convenientia.

185 1787 299 1856 Ipsa
341 1788 468 1839 ratio
501 1804 588 1855 per
624 1787 1008 1840 Revelationem
1047 1788 1105 1840 il·

115 1863 331 1915 lustu-ata
375 1862 520 1914 facile
561 1864 843 1930 cognoscit,
912 1871 1101 1933 myste-

115 1939 250 1990 rium
295 1937 666 1989 iucarnationis
709 1945 818 1988 tum
850 1937 963 1997 Deo,
997 1946 1103 1990 tum

118 2013 167 2064 in
235 2013 404 2079 specie
478 2011 651 2072 Verba,
722 2027 809 2063 seu
876 2014 1107 2065 secandae

121 2086 376 2139 Trinitatis
415 2086 679 2146 Personae,
714 2093 822 2139 tum
850 2087 1103 2155 Reliyioni‚

117 2160 418 2213 Revelationi
458 2168 507 2212 et
558 2161 824 2223 Ecclesiae,
870 2168 978 2212 tum
1022 2163 1108 2214 toti

120 2235 334 2287 liu-mano
371 2236 533 2304 qeneri
565 2237 1109 2288 convenientissimum

120 2324 252 2362 esse.

196 2384 247 2436 t.
292 2382 399 2434 Hoc
441 2385 744 2451 mysterium
785 2384 882 2436 Dea
947 2387 1110 2438 maxi·

121 2472 202 2510 me
267 2459 581 2510 conveniens
645 2466 722 2511 est
786 2459 1059 2511 dicendum
1094 2501 1106 2519 ‚

122 2547 212 2601 per
251 2532 384 2601 quod
450 2531 679 2584 infinitae
736 2534 894 2602 ipsius
954 2534 1111 2602 perfe-

124 2607 317 2659 ctiones
360 2607 772 2669 manifestantur,
818 2616 869 2660 et
906 2609 978 2660 sic
1005 2608 1111 2676 glo·

125 2681 198 2733 ria
226 2683 336 2732 eius
359 2682 843 2750 promovetur.Nam
873 2683 934 2734 ad
959 2685 1110 2736 istum

126 2754 496 2807 nobilissimum
537 2756 693 2808 finem
733 2758 901 2809 omnia
941 2764 1111 2811 creata

126 2836 264 2881 sunt.
309 2828 402 2882 Ast
440 2831 488 2881 in
542 2833 789 2899 mysterio
828 2830 982 2885 Verbi
1043 2836 1116 2885 in-

127 2904 322 2955 carnati
351 2904 554 2955 divinae
584 2904 940 2972 pei·fectioneS‚
972 2923 1115 2975 prae-

129 2978 305 3030 sertim
373 2980 743 3047 omnipotentia,
813 2980 1000 3033 bonitas
1066 2989 1115 3033 et

134 3052 490 3110 misericordia,
533 3053 721 3105 iustitia
772 3062 823 3106 et
879 3056 1116 3124 sapientia

132 3127 358 3179 maximo
380 3127 577 3194 fulgore
605 3127 934 3196 resplendent
949 3147 964 3193 3
995 3146 1116 3198 ergo

128 3199 418 3255 Incarnatio
475 3200 581 3253 Deo
630 3204 1116 3258 convenientissima

131 3269 254 3328 fuit.¹

206 3347 259 3401 2.
304 3348 358 3402 Si
395 3349 683 3420 quaeritur,
725 3366 827 3420 qua
865 3351 928 3405 de
962 3368 1117 3406 causa

1154 669 1552 723 exclamandum
1594 685 1740 722 esse:
1786 669 1828 723 0
1851 669 2053 724 altitudo
2073 671 2144 724 di-

1155 744 1387 799 vitiarum
1424 745 1687 814 sapientiae
1725 751 1767 796 et
1786 745 2009 798 scientiae
2036 745 2150 798 Dei!

1155 835 1302 887 quam
1341 818 1840 888 incomprehensibilia
1898 827 2010 872 sum
2074 821 2148 871 iu·

1157 893 1287 945 dicia
1326 895 1458 954 eius,
1526 901 1570 945 et
1634 893 1985 962 investigabites
2045 896 2148 947 viae

1157 966 1296 1019 eius!
1333 966 1450 1030 Quis
1489 968 1623 1020 enim
1679 968 1890 1036 coqnovit
1954 983 2149 1020 sensam

1161 1041 1377 1100 Domini,
1421 1050 1507 1094 aat
1546 1042 1655 1110 quis
1697 1042 2008 1094 consiliarius
2047 1043 2150 1095 eius

1159 1116 1255 1183 fait
1295 1114 1400 1185 (l)?
1427 1116 1526 1169 Sed
1555 1123 1726 1168 tamen
1765 1124 2045 1184 praeeunte
2072 1132 2149 1170 re·

1163 1190 1432 1242 velationis
1474 1191 1664 1243 lumine
1705 1192 1800 1243 viri
1841 1191 2072 1244 doctrina
2102 1198 2154 1244 et

1163 1267 1435 1316 sanctitate
1458 1265 1631 1317 eximii
1656 1266 1879 1318 rationes
1906 1266 2154 1335 quasdam

1163 1340 1345 1392 afferre
1386 1339 1554 1391 conati
1594 1346 1746 1400 sunt,
1792 1355 1923 1409 quae
1983 1348 2155 1393 osten·

1164 1415 1322 1475 dunt,
1377 1414 1922 1467 convenientissimum
1974 1415 2151 1478 fuisse,

1167 1495 1222 1539 ut
1253 1489 1495 1549 Verbum,
1527 1505 1616 1540 seu
1646 1489 1869 1541 secunda
1892 1489 2156 1543 Trinitatis

1168 1579 1380 1631 persona
1412 1565 1788 1617 incarnaretur.
1813 1563 2152 1618 -Videlicet:

1167 1654 1286 1689 eum
1338 1654 1426 1706 per
1491 1638 1718 1691 Verbum
1783 1639 1953 1692 omnia
2019 1639 2155 1691 facta

1168 1713 1287 1775 sint,
1321 1721 1725 1766 consentaneum
1754 1714 1866 1773 fuit.
1899 1713 2159 1766 hominem

1171 1803 1258 1855 per
1303 1787 1436 1845 idem
1497 1787 1726 1842 Verbum
1785 1783 2047 1840 reformari
2107 1794 2160 1841 et

1171 1864 1416 1929 reparari,
1460 1879 1488 1914 a
1529 1878 1629 1931 quo
1679 1863 1915 1915 conditus
1968 1863 2155 1915 fuerat.

1170 1935 1397 1990 Verbum
1461 1938 1719 1989 incarnari
1783 1937 1895 1989 ideo
1958 1952 2160 2006 quoque

1170 2013 1483 2063 conveniens
1524 2012 1637 2073 fuit,
1683 2027 1745 2063 ne
1787 2011 1874 2063 filii
1930 2010 2160 2078 appella-

1171 2087 1238 2138 tio
1277 2086 1339 2138 ad
1379 2087 1534 2139 aliam
1577 2087 1817 2139 transiret
1865 2101 2157 2154 personam,

1170 2177 1233 2212 ex
1275 2177 1373 2230 quo
1431 2162 1481 2213 in
1530 2161 1619 2213 SS.
1684 2161 1986 2212 Trinitatem
2046 2176 2161 2227 pro-

1171 2237 1362 2287 miscua
1388 2236 1640 2304 quaedam
1668 2235 1982 2287 redundaret
2008 2239 2163 2302 atque

1172 2310 1410 2362 indecora
1434 2311 1679 2362 confusio.
1706 2308 2031 2361 Conveniens
2051 2309 2163 2376 fuit,

1173 2401 1442 2453 personam
1484 2385 1573 2436 filii
1615 2385 1895 2444 incarnari,
1921 2383 2164 2452 quoniam

1172 2460 1264 2526 ipsi
1327 2459 1490 2511 virtus
1555 2465 1605 2510 et
1669 2459 1918 2527 sapientia
1984 2473 2164 2526 appro-

1174 2535 1407 2602 priantur
1446 2533 1730 2590 secundum
1775 2532 1940 2585 illud:
2007 2530 2164 2584 Prae-

1173 2610 1458 2661 dieamus...
1503 2605 1758 2659 Christum
1797 2607 1888 2659 Dei
1937 2607 2164 2659 virtutem

1173 2691 1215 2734 et
1254 2681 1345 2734 Dei
1383 2683 1671 2751 sapientiam
1698 2680 1792 2751 (Ξ).
1837 2681 1999 2735 Homo
2027 2678 2164 2734 enim‘

1175 2757 1420 2825 deceptus
1466 2773 1496 2809 a
1558 2762 1796 2824 serpente
1861 2761 2163 2824 peccaverat

1175 2830 1462 2900 appetendo
1511 2831 1800 2891 scientiam,
1868 2829 1958 2883 sed
2022 2845 2162 2883 rece·

1178 2908 1330 2959 dente
1370 2907 1536 2974 gratia
1585 2905 1676 2958 Dei
1733 2904 1902 2973 quoad
1959 2904 2162 2958 intelle-

1176 2987 1314 3033 ctum
1357 2982 1676 3040 obscuratuS‚
1737 2995 1798 3031 ac
1859 2980 1911 3031 in
1970 2986 2166 3032 tantam

1177 3056 1392 3108 subinde
1450 3054 1764 3106 dementiam
1823 3052 1995 3122 lapsus
2042 3059 2163 3113 est,

1181 3137 1234 3181 ut
1275 3130 1419 3181 iuxta
1460 3129 1716 3181 Psalmist.
1749 3145 1762 3178 t
1818 3126 2054 3182 lumentis
2093 3128 2168 3179 in·

1178 3203 1463 3271 sipientibus
1528 3202 1704 3254 similis
1741 3203 1899 3270 sactus
1951 3202 2015 3255 sit
2066 3199 2163 3271 (5).

1178 3278 1494 3345 Quapropter
1532 3292 1815 3344 congruum
1856 3291 1918 3329 ac
1956 3290 2168 3329 consen-

1181 3360 1390 3404 taneum
1431 3351 1544 3413 fuit,
1588 3351 1847 3405 bominem
1891 3366 1980 3419 per
2043 3348 2166 3403 Ver-

135 3437 237 3476 non
277 3425 441 3492 prima
480 3441 646 3495 neque
687 3426 857 3490 tertia,
899 3427 989 3480 sed
1036 3444 1114 3481 se·
1179 3427 1302 3479 hum
1343 3413 1432 3478 Dei
1473 3441 1564 3479 seu
1603 3441 1693 3496 per
1734 3424 2039 3496 sapientiam
2073 3422 2165 3485 Pa-

178 3596 230 3642 (2)
255 3597 357 3635 Rom.
382 3597 443 3644 ss,
464 3598 519 3644 33,
542 3605 609 3636 etr.

1222 3603 1273 3645 ιι)
1299 3603 1316 3637 1
1339 3603 1421 3640 cor.
1446 3603 1478 3646 ι,
1503 3602 1556 3638 24.
1835 3600 1887 3675 (a)
1911 3601 1965 3635 ps.
1978 3597 2036 3643 is,
2061 3596 2116 3634 13.
