2332 3860
258 118 365 162 aba

182 203 397 275 gnoscit.
436 236 510 247 —
547 205 646 258 Deo
685 205 824 258 enim
862 206 1172 258 conveniens

182 290 288 343 est,
331 281 572 351 quidquid
614 281 723 332 eius
774 280 1021 333 attributa
1066 294 1172 330 ma·

183 357 389 409 nifestat
426 371 486 407 ac
523 354 740 421 gloriam
768 360 1049 422 promovet.
1075 352 1171 404 Sed

180 431 411 483 doctrina
432 430 494 482 de
510 429 877 496 Redemptione
894 427 1173 480 clarissime

180 506 475 558 manifestat
494 502 746 555 infinitam
773 503 1098 554 sanctitatem
1125 506 1175 553 et

179 579 423 632 iustitiam
485 577 571 629 Dei
614 592 703 644 pro
742 578 963 644 peccatis
1007 575 1177 628 infini-

180 660 285 705 tam
326 651 725 704 satisfactionem
765 651 1049 718 exigentis,
1099 656 1177 701 at-

181 743 280 796 que
307 725 559 778 infinitam
585 724 740 776 simul
778 724 1174 777 misericordiam

180 808 232 854 et
270 802 552 854 bonitatem
591 799 683 850 Dei
721 797 897 851 Patris
939 798 1179 865 Unigeni-

179 883 288 927 tum
313 890 463 926 suum
487 874 753 932 mittentiS‚
779 873 871 924 Dei
889 872 1013 925 Filii
1040 889 1180 924 man-

180 951 358 1002 datum
406 948 569 1000 Patris
619 948 941 1014 exequentis,
986 954 1037 999 et
1075 947 1180 1016 Spe·-

178 1028 308 1076 ritus
347 1022 513 1074 Sancti
551 1022 742 1089 gratias
768 1037 887 1073 suas
914 1021 1178 1073 effunden-

179 1099 264 1151 tis.
309 1097 405 1149 Per
433 1098 604 1149 omnia
632 1111 832 1164 quoque
860 1112 990 1165 quae
1018 1094 1180 1147 Filius

180 1172 271 1224 Dei
313 1172 613 1223 incarnatus
663 1170 783 1221 fecit
838 1177 888 1221 et
929 1171 1175 1236 pertulit,

180 1262 241 1298 ac
281 1246 552 1313 praecipue
594 1259 683 1312 per
723 1250 994 1296 cruentum
1024 1245 1180 1312 ipsius

180 1319 486 1372 sacrificium
528 1319 577 1370 in
620 1334 710 1370 ara
746 1320 913 1370 crucis
951 1318 1178 1370 oblatum

180 1395 522 1463 praestantior
562 1392 724 1444 honor
763 1393 868 1444 Deo
919 1392 1181 1445 exhibitus

180 1475 276 1535 est,
299 1470 562 1536 maiorque
585 1467 746 1534 gloria
768 1468 1003 1526 accessit,
1029 1483 1179 1535 quam

181 1558 274 1611 per
313 1544 482 1594 omnia
524 1557 769 1610 purarum
828 1548 1182 1593 creaturarum

183 1616 477 1669 fidelissima
531 1616 774 1684 obsequia
827 1616 1055 1667 exhiberi
1101 1632 1182 1683 po-

184 1692 383 1743 tuisset.
429 1690 551 1753 Quis
591 1706 713 1757 ergo
752 1691 980 1756 negabit,
1036 1691 1180 1741 iuxta

184 1772 354 1817 rectae
412 1765 625 1817 rationis
684 1765 948 1832 principia,
989 1764 1185 1815 satisfa-

185 1840 405 1892 ctionem
447 1855 477 1891 a
516 1838 715 1890 Christo
744 1840 1041 1906 praestitam
1079 1839 1183 1890 Deo

185 1913 723 1966 convenientissimam
764 1912 917 1965 esse?
945 1942 1013 1950 —
1042 1911 1186 1963 Chri-

187 1994 290 2039 stus
329 1987 565 2055 equidem
608 1987 850 2038 maxime'
885 1986 1184 2038 humiliatus

186 2069 234 2114 et
280 2062 500 2128 plurima
540 2077 719 2128 passus
766 2067 880 2124 est;
935 2060 1023 2112 sed
1082 2076 1182 2111 non

187 2136 473 2187 secundum
501 2141 739 2186 naturam
775 2135 1022 2192 divinam,
1055 2150 1183 2202 quae

188 2210 520 2261 immutabilis
551 2210 759 2270 mansit,
786 2209 873 2260 sed
903 2210 1182 2260 secundum

189 2291 429 2335 naturam
470 2284 781 2344 humanam,
840 2284 890 2334 in
932 2299 1032 2351 qua
1073 2300 1185 2351 pas-

189 2359 385 2410 sionem
425 2363 476 2409 et
515 2364 731 2410 mortem
773 2357 1034 2409 sustinuit.
1086 2357 1182 2409 Sed

189 2448 287 2501 quo
328 2433 492 2499 magis
514 2432 811 2484 humiliatus
839 2431 953 2492 fuit,
998 2447 1056 2483 eo
1084 2447 1188 2484 ma-

190 2507 266 2573 gis
324 2506 584 2558 exaltatus
624 2513 738 2570 est;
802 2521 890 2573 per
947 2505 1182 2567 doloreS‚

190 2595 316 2649 quos
356 2580 620 2641 sustinuit,
653 2580 716 2632 ad
745 2581 1047 2632 immensam
1082 2581 1187 2648 glo-

193 2656 319 2706 riam
357 2660 409 2706 et
443 2654 812 2707 beatitudinem
842 2655 1093 2721 pervenit,
1138 2663 1186 2707 et

194 2729 233 2780 si
299 2734 463 2780 status
523 2729 891 2781 humiliationis
950 2734 1061 2795 post
1119 2730 1187 2780 55

195 2817 354 2853 annos
376 2803 648 2855 terminum
674 2803 869 2863 habuit,
894 2809 1057 2854 status
1087 2804 1191 2867 glo-

196 2876 298 2927 riae
338 2883 390 2928 et
429 2877 683 2930 felicitatis
710 2878 760 2929 in
803 2884 1071 2929 aeternum
1100 2878 1190 2928 du-

195 2950 345 3002 rabit.
378 2949 563 3012 Quodsi
596 2951 721 3003 ratio
738 2952 1051 3004 conveniens
1080 2968 1191 3004 esse

196 3026 477 3090 cognoscit,
522 3032 577 3078 ut
619 3026 816 3078 labores
843 3026 1081 3078 alacriter
1108 3043 1192 3078 su-

196 3097 496 3164 scipiantur,
540 3100 725 3167 quibus
765 3116 951 3167 magna
992 3107 1041 3152 et
1082 3117 1194 3168 per-

197 3174 460 3223 manentia
502 3175 723 3238 praemia
764 3174 1090 3242 respondent;
1128 3191 1189 3227 ex

200 3244 379 3298 eodem
436 3247 677 3315 principio
729 3248 927 3300 Christo
994 3265 1192 3318 quoque

596 123 660 162 DE
696 123 791 162 ΠΕΟ
829 122 958 161 mrsu
999 123 1187 162 numm
1225 121 1430 192 onnus
1465 118 1804 162 REDEMPTORE.
1823 82 1840 101 ὓ

2212 0 2332 254 i

1233 203 1297 257 ad
1335 215 1591 263 summam
1628 209 1682 259 et
1716 198 1983 271 aeternam
2009 191 2224 276 gloriam

1234 294 1295 331 ac
1316 277 1684 334 beatitudinem
1713 286 1890 333 evecta
1912 288 2011 335 est.
2035 278 2227 351 ,-,·'De·,
2264 278 2332 339 *υἱ

1235 353 1389 421 nique
1427 352 1641 407 humano
1683 354 1851 423 yeneri
1887 354 2119 410 doctrina
2165 358 2229 410 de
2294 355 2332 417 ³¹,

1236 427 1583 480 satisfactione
1621 426 1810 481 Christi
1850 430 2232 484 convenientis-
2300 431 2311 435 ”

1237 501 1365 553 sima
1392 507 1444 554 et
1472 501 1694 556 maxime
1714 508 1956 572 exoptata
1984 511 2082 566 est,
2112 520 2235 574 quo—

1240 575 1376 627 niam
1417 582 1521 628 tam
1562 577 1891 645 praecellenti
1942 578 2110 631 medio
2148 594 2235 647 su·

1240 650 1656 718 perabundanter
1707 666 1737 704 a
1781 652 1988 704 miseria
2044 667 2138 706 sua
2176 648 2237 704 li-

1241 725 1450 777 beratur
1490 731 1643 794 atque
1702 725 1881 778 mediis
1920 727 2194 779 instruitur
2218 767 2233 787 ,

1240 798 1423 868 quibus
1462 798 1526 851 ad
1560 797 1934 852 nobilissimum
1972 806 2024 853 et
2056 800 2240 854 felicis·

1241 874 1427 926 simum
1455 888 1607 924 suum
1628 872 1806 934 finem,
1831 889 2014 943 nempe
2041 875 2105 926 ad
2133 891 2240 927 mo·

1243 947 1403 999 ralem
1452 947 1819 1015 perfectionem
1870 954 1923 1001 et
1974 955 2241 1001 aeternam

1243 1021 1614 1075 beatitudinem
1642 1022 1934 1090 pertingere
1974 1029 2163 1091 posset.

1315 1097 1367 1148 ἒ.
1395 1096 1638 1148 Doctrina
1654 1097 1716 1148 de
1739 1096 2086 1150 satisfactione
2102 1096 2246 1150 Chri-

1243 1170 1305 1221 sti
1346 1186 1414 1222 ex
1454 1178 1597 1237 parte
1645 1171 1871 1238 practica
1922 1171 2246 1224 considerata

1245 1245 1425 1296 rationi
1468 1251 1812 1312 repugnaret,
1857 1245 1898 1296 si
1939 1245 2028 1297 illa
2070 1245 2151 1297 vel
2178 1244 2244 1298 ad

1245 1325 1512 1386 peccatum
1552 1319 1821 1379 alliceret,
1873 1319 1954 1371 vel
2009 1335 2036 1370 a
2076 1319 2245 1371 studio

1245 1393 1450 1444 virtutis
1488 1399 1769 1454 avocaret,
1812 1391 1899 1444 vel
1939 1391 2246 1446 moralitatis

1248 1468 1496 1518 motivum
1523 1467 1847 1535 infringeret,
1878 1466 1960 1518 vel
1990 1482 2136 1535 spem
2157 1467 2247 1519 im-

1246 1542 1521 1593 minueret.
1583 1540 1684 1593 Sed
1745 1540 1973 1608 praefata
2013 1541 2247 1594 doctrina

1245 1616 1308 1667 ad
1352 1621 1617 1683 peccatum
1660 1631 1759 1668 non
1801 1614 1982 1676 allicit,
2026 1616 2145 1684 quia
2171 1616 2246 1668 of-

1247 1690 1419 1741 ficium
1460 1690 1803 1757 poenitentiae
1832 1689 2117 1759 personalis
2143 1705 2244 1742 non

1250 1764 1397 1829 tollit3
1430 1780 1525 1816 nec
1551 1769 1736 1817 avocat
1761 1780 1789 1815 a
1819 1764 2025 1816 virtutis
2050 1765 2242 1827 studio,

1246 1840 1363 1906 quia
1404 1839 1602 1890 fructus
1643 1838 1985 1907 poenitentiae
2037 1844 2088 1890 et
2128 1837 2245 1891 fidei

1249 1929 1347 1964 non
1387 1913 1617 1981 impedit,
1649 1913 1736 1966 sed
1766 1913 1911 1964 iuxta
1950 1911 2246 1980 exemplum

1247 1986 1463 2049 Christi,
1506 1988 1653 2039 cuius
1692 1987 2030 2039 imitationem
2071 1993 2244 2054 urget,

1249 2062 1572 2129 praescribit;
1617 2077 1712 2113 nec
1752 2061 2001 2113 motivum
2044 2060 2245 2112 morali-

1250 2137 1367 2188 tatis
1406 2135 1674 2202 infringit,
1724 2135 1812 2187 sed
1874 2134 2244 2188 nobilissimum

1248 2217 1298 2261 et
1338 2210 1669 2261 fortissimum
1710 2209 1940 2270 exhibet,
1973 2208 2094 2260 dum
2134 2209 2244 2261 infi-

1251 2284 1407 2335 nitam
1449 2284 1692 2335 iustitiam
1730 2290 1780 2334 et
1813 2282 2117 2335 charitatem
2156 2282 2245 2335 Dei

1249 2358 1532 2410 clarissime
1573 2358 1883 2411 manifestat:
1926 2371 1987 2409 ac
2027 2358 2245 2426 denique

1249 2448 1390 2500 spem
1433 2448 1532 2483 non
1571 2432 1863 2494 imminuit,
1917 2429 2007 2483 sed
2055 2433 2245 2484 excitat

1249 2513 1300 2558 et
1347 2507 1674 2568 corroborat,
1737 2506 1860 2557 dum
1919 2505 2141 2572 plurima
2198 2511 2244 2558 el

1251 2579 1600 2634 efficacissima
1663 2579 1845 2632 salutis
1916 2578 2083 2632 media
2158 2594 2243 2648 per

1250 2655 1508 2708 Christum
1551 2661 1694 2723 parta
1735 2652 1976 2705 ostendit.

1323 2729 1577 2782 Sociniani
1629 2734 1680 2781 et
1731 2727 2043 2780 recentiores
2083 2725 2247 2779 Ratio·
2292 2742 2298 2747 “

1254 2804 1469 2856 nalistae
1510 2804 1689 2871 impios
1727 2809 1941 2854 conatus
1981 2800 2246 2862 adhibent,
2324 2821 2332 2827 ·

1256 2886 1309 2930 ut
1347 2877 1639 2937 ostendant,
1674 2877 1958 2929 doctrinam
1999 2875 2063 2927 de
2102 2874 2246 2926 satis-

1254 2954 1471 3005 factione
1510 2969 1539 3004 a
1567 2951 1767 3003 Christo
1797 2966 1885 3018 pro
1913 2949 2136 3018 peccatis
2165 2961 2246 3000 no·

1254 3028 1371 3079 stris
1410 3027 1654 3095 praestita
1694 3032 1864 3077 rectae
1905 3022 2088 3075 rationi
2128 3036 2245 3073 con·

1256 3102 1496 3161 trariam,
1540 3108 1631 3152 aut
1680 3099 1793 3151 aliis
1832 3098 1987 3150 certis
2027 3095 2245 3147 veritati-

1256 3177 1349 3228 bus
1390 3179 1760 3242 repugnantem
1789 3186 1920 3236 esse3
1957 3169 2045 3223 sed
2088 3169 2246 3237 profe·
2314 3223 2316 3226 ,

1256 3257 1336 3302 cto
1377 3249 1564 3300 frustra
1604 3253 1876 3306 conantur,
1906 3250 1958 3298 ct
1999 3243 2148 3297 facile
2177 3259 2245 3296 re·

202 3319 599 3372 satisfactionem
661 3327 954 3388 praestitam
1010 3339 1194 3376 conve·
1258 3324 1514 3376 futantur.

203 3393 574 3445 nientissimam
616 3396 839 3449 iudicare
880 3397 1049 3458 debet,
1090 3414 1197 3465 pro-

1331 3396 1434 3450 Obi.
1478 3398 1558 3450 1³¹
1599 3397 1723 3449 Tota
1782 3394 1847 3447 de
1903 3393 2244 3447 satisfactione

206 3474 317 3536 pter
367 3483 520 3536 quam
561 3467 787 3522 humana
837 3472 947 3523 eius
1010 3469 1442 3544 naturaxsshristi
1500 3471 1730 3524 doctrina
1795 3468 1936 3521 falsis
1997 3466 2243 3536 principiis
