2332 3860
900 187 909 191 “
960 177 1111 216 carm·
1149 179 1194 215 V.

8 293 14 297 ⁵
100 267 184 322 -5.
202 263 424 320 Saeculo
460 260 582 316 xm
613 259 875 314 Ecclesiae
901 274 1047 327 prae-

7 383 17 389 .
57 341 152 395 suit
173 339 478 394 Innocentius
503 334 587 388 III
609 334 843 388 doctrina
864 339 916 386 ct
943 334 1044 402 pic-

59 421 162 467 tate
189 413 514 480 conspicuus,
548 410 631 478 qui
656 410 874 477 ipsemet
900 422 1046 475 prae·

56 488 194 541 clara
229 501 383 555 opera
422 483 666 551 scripsit3
726 483 776 533 in
820 480 1045 534 Concilio

60 559 396 614 Lateranensi
447 557 516 612 lv
543 555 924 610 tumultuantes
961 552 1046 606 Al-

59 636 287 703 biqenses,
316 631 736 688 Manichaeorum
750 637 802 682 et
828 629 1045 682 aliorum

60 709 436 762 haereticorum
477 721 678 759 errores
711 709 1042 764 renovanteS,

59 783 342 844 damnavit,
386 795 703 849 magnosque
724 784 939 831 conatus
960 777 1047 829 ad-

59 856 222 909 hibuit
259 856 323 907 ad
363 855 533 908 studia
572 852 858 919 theologica
909 858 1048 904 recte

61 930 368 991 ordinanda,
389 945 450 981 ac
476 930 640 995 magis
660 928 921 995 magisque
938 942 1050 994 pro-

63 1004 339 1056 movenda.
384 1003 491 1056 Hoc
533 1003 700 1071 ipsum
742 1002 898 1053 etiam
938 1001 1047 1051 eius

60 1094 385 1131 successores
427 1078 815 1146 praestiterunt.
851 1075 1049 1126 Praeci-

60 1168 160 1220 pue
199 1150 466 1221 Greyorius
504 1150 580 1203 IX
614 1152 663 1202 in
718 1149 944 1218 Epistola
984 1148 1049 1200 ad

58 1226 331 1294 Magistros
372 1225 685 1278 Parisienses
725 1224 1050 1284 directa‚eos

62 1299 410 1368 reprehendit,
443 1301 528 1368 qui
558 1298 807 1367 neglectis
829 1297 884 1350 S.>
916 1296 1050 1349 Scri-

60 1381 242 1442 pturae
282 1381 334 1426 et
371 1373 462 1426 SS.
522 1373 730 1425 Patrum
779 1372 1046 1431 doctriniS,

58 1447 486 1517 Philosophorum
527 1448 697 1515 potius
721 1447 910 1513 scripta
941 1461 1050 1514 per-

60 1523 289 1590 quirunt,
335 1520 669 1574 rationalibus
698 1527 898 1573 tantum
940 1534 1052 1587 spe-

60 1596 406 1648 culationibus
432 1596 724 1662 indulgent,
767 1611 867 1646 non
891 1593 1052 1646 Theo-

60 1671 248 1737 logiam
270 1686 365 1737 ope
392 1669 746 1736 Philosophiae
767 1669 1048 1728 illustrare,

60 1744 147 1796 sed
171 1744 335 1811 magis
363 1743 739 1810 Philosophiam
770 1743 878 1794 loco
893 1741 1052 1793 Theo-

60 1817 226 1885 logiae
256 1817 516 1869 illustrare
545 1817 776 1878 student3
821 1823 873 1867 et
905 1835 926 1863 «
962 1816 1050 1866 do-

60 1892 241 1945 ctrinis
282 1892 438 1944 variis
477 1898 530 1943 et
568 1890 852 1958 peregrinis
893 1890 1054 1942 abdu-

60 1966 148 2028 cti,
193 1966 433 2035 redigunt
459 1971 615 2033 caput
645 1965 695 2016 in
738 1965 977 2022 caudam,
1005 1970 1054 2014 et

60 2039 279 2092 ancillae
295 2039 734 2107 coguntfamulari
752 2039 983 2106 reginam
999 2057 1046 2088 ».

61 2114 158 2167 Per
196 2114 325 2166 haec
364 2114 511 2167 Rom.
560 2113 862 2166 Pontificum
905 2128 1053 2163 cona-

62 2189 220 2246 mina,
252 2195 304 2240 et
331 2205 420 2257 per
448 2188 663 2241 Ordines
692 2187 957 2255 religiosos
979 2202 1053 2237 re-

62 2269 242 2314 center
282 2263 544 2315 institutos
596 2264 790 2314 iactum
855 2266 951 2320 cst,
999 2266 1056 2311 ut

62 2336 337 2402 Theologia
378 2336 685 2389 scholastica
725 2335 821 2387 hoc
849 2334 1054 2386 saeculo

62 2412 124 2463 ad
166 2426 426 2462 summum
481 2410 806 2478 perfectionis
858 2410 1056 2476 apicem

63 2484 391 2538 eveheretur.
448 2485 756 2537 Praesertim
807 2484 861 2535 in
916 2482 1057 2534 Ordi-

68 2559 218 2611 nibus
258 2575 286 2611 a
312 2558 364 2611 S.
395 2559 650 2611 Dominico
677 2564 728 2610 et
756 2574 784 2609 a
811 2556 862 2610 S.
895 2556 1056 2608 Fran-

64 2635 185 2686 cisco
206 2633 474 2695 institutiS‚
502 2632 824 2686 celeberrimi
848 2632 942 2682 viri
971 2646 1057 2682 ex-

66 2708 302 2759 titerunt.

136 2780 419 2832 Alexander
456 2781 510 2833 de
567 2780 734 2840 HaleS,
779 2779 900 2832 Ord.
964 2777 1050 2829 Fr-.

65 2854 188 2907 Min.
221 2854 454 2906 doctrina
480 2855 547 2905 ita
573 2854 838 2913 excelluit,
883 2859 939 2904 ut
961 2852 1056 2903 Do-

1440 107 1485 116 a».

1954 167 2025 221 253

1107 258 1374 322 stantiam,
1419 265 1472 311 et
1497 258 1560 311 ob
1587 272 1840 316 summam
1871 264 2007 317 vitae
2045 272 2096 320 et

1108 332 1371 386 doctrinae
1412 334 1691 401 puritatem
1722 334 1901 388 Doctor
1935 336 2095 407 Ληρε-

1109 406 1230 459 licus
1270 406 1788 475 merito-appellatus
1818 450 1830 469 ‚
1874 410 2098 477 splendiw

1108 480 1373 533 dissimum
1400 481 1768 547 huiussaeculi
1785 481 1956 535 lumen
1980 484 2094 549 fuit3

1108 561 1159 606 et
1198 570 1315 607 cum
1354 554 1407 607 S.
1439 552 1735 623 Au'qustino,
1771 557 1918 608 cuius
1940 559 2099 610 vesti-

1108 630 1191 695 gia
1229 628 1454 681 fideliter
1493 635 1703 682 secutus
1760 636 1858 692 est,
1902 633 2099 698 praeci-

1111 718 1242 770 puus
1281 702 1658 771 Theologorum
1697 705 1929 757 omnium
1974 711 2101 757 tem-

1111 792 1288 844 porum
1324 777 1567 843 Magister
1592 778 1758 830 factus
1797 785 1895 831 est.
1925 777 1978 831 S.
2010 779 2103 831 Bo-

1110 859 1385 904 naventura
1425 851 1547 904 Ord.
1591 850 1677 904 Fr.
1724 852 1846 906 Min.
1885 853 1949 905 ob
1995 855 2102 905 exi-

1111 925 1265 977 miam
1314 925 1600 978 doctrinam
1659 933 1710 978 et
1749 927 2099 988 sanctitatem,

1114 1015 1207 1051 nec
1237 1016 1336 1052 non
1353 1001 1415 1053 ob
1438 1016 1590 1067 opera
1614 1001 1697 1068 pia
1711 1001 1952 1053 unctione
1982 1017 2103 1053 con·

1112 1075 1301 1142 scripta
1350 1075 1575 1126 Doctoris
1620 1074 1875 1143 Seraphici
1912 1090 2101 1127 nomen

1112 1148 1351 1199 obtinuit.
1398 1148 1752 1201 Exeuntehoc
1791 1149 1998 1202 saeculo
2027 1150 2104 1200 in-

1112 1221 1298 1274 claruit
1335 1222 1539 1274 Ioannes
1578 1222 1719 1274 Dans
1775 1221 1962 1284 ScotuS,
2006 1223 2104 1275 Do-

1114 1296 1268 1347 ctoris
1307 1296 1509 1348 subtilis
1551 1297 1756 1348 nomine
1806 1297 2098 1364 insignitus

1112 1370 1298 1422 ——Hic
1326 1370 1640 1422 orthodoxae
1669 1370 1785 1423 fidei
1812 1370 2106 1423 firmissime

1115 1444 1351 1502 inhaesit,
1397 1445 1482 1496 sed
1514 1445 1562 1495 in
1601 1461 1704 1496 non
1746 1446 1922 1513 paucis
1949 1461 2105 1514 quae-

1096 1519 1364 1571 stionibus
1386 1518 1750 1586 philosophicis
1778 1526 1828 1571 et
1857 1518 2105 1587 theologi-

1115 1593 1207 1653 cis,
1229 1608 1359 1661 quae
1382 1593 1444 1644 de
1464 1592 1828 1646 fidedefinitae
1844 1609 1942 1645 non
1960 1599 2101 1654 sunt,

1115 1683 1142 1717 a
1183 1667 1236 1718 S.
1281 1666 1506 1718 Thomae
1533 1667 1802 1718 sententiis
1841 1667 2107 1719 declinans

1115 1756 1278 1792 novae
1320 1739 1529 1792 scholae
1569 1747 1750 1792 auctor
1790 1741 1980 1802 extitit,
2023 1741 2106 1792 cui

1118 1830 1206 1881 per
1228 1814 1398 1881 aliqua
1421 1814 1629 1866 saecula
1653 1814 1800 1865 multi
1833 1815 2107 1882 praecipue

1117 1904 1181 1939 ex
1238 1887 1504 1939 Fratribus
1553 1888 1855 1948 minoribuS‚
1917 1887 2106 1939 addicti

1116 1968 1282 2013 erant.
1317 1960 1589 2013 Caeterum
1620 1963 1753 2012 inter
1778 1961 1965 2013 multos
1991 1978 2109 2030 ope-

1118 2052 1231 2087 rum
1251 2035 1654 2103 theologicorum
1671 2037 1945 2103 scriptores
1972 2051 2109 2088 com-

1120 2110 1436 2162 memorandi
1454 2117 1573 2161 sunt
1600 2108 1873 2161 Gulielmus
1887 2109 1982 2177 Ep.
2016 2109 2110 2162 Pa-

1119 2185 1366 2245 risicnsiS,
1403 2184 1602 2235 Iacobus
1632 2199 1661 2234 a
1697 2183 1907 2235 Vitriaco
1935 2182 2110 2236 Cardi-

1119 2259 1270 2319 nalis,
1314 2257 1548 2325 Aegidt'us
1586 2257 1838 2308 Romanus
1884 2257 2004 2310 Ord.
2046 2257 2111 2309 E-

1118 2347 1245 2384 rem.
1280 2330 1334 2382 S.
1368 2332 1528 2396 Aug„
1573 2331 1890 2400 Raymundus
1918 2331 1973 2383 de
1995 2330 2111 2382 Pen-

1117 2407 1280 2473 παίωνι
1301 2405 1422 2458 Ord.
1444 2405 1653 2462 Pracd.,
1670 2405 1812 2472 Haqo
1827 2405 1881 2457 de
1896 2403 1948 2456 S.
1979 2403 2109 2456 Caro

1117 2480 1237 2532 Ord.
1274 2479 1453 2531 Praed.
1489 2478 1794 2539 Cardinalis,
1826 2477 2106 2530 Riohardus

1116 2554 1171 2606 de
1211 2553 1377 2606 Media
1425 2552 1548 2605 Vitta
1587 2550 1808 2604 Ord.Fr.
1842 2551 1967 2605 Min.
2011 2551 2109 2604 Do·

1118 2635 1218 2679 ctor
1255 2627 1631 2694 fundatissimas
1683 2625 1992 2693 appellatus,
2049 2626 2106 2678 ln

1118 2701 1317 2753 Oriente
1346 2699 1659 2753 Graecorum
1699 2714 1898 2751 errores
1939 2700 2107 2767 impu-

1117 2779 1362 2844 gnarunt,
1413 2782 1464 2826 et
1516 2773 1849 2826 orthodoxam
1896 2772 2107 2826 :Latino-

1118 2866 1231 2902 rum
1274 2849 1559 2900 doctrinam
1599 2847 1939 2899 defenderunt
1964 2846 2107 2899 Nice-

65 2936 166 2980 ctor
193 2927 475 2989 Doctorum,
508 2934 559 2979 et
587 2927 764 2979 Doctor
791 2927 1059 2994 irrefraya-
1113 2924 1298 2991 phoras
1319 2922 1615 2974 Blemmidas
1628 2920 1910 2974 Monachus
1933 2921 1983 2973 in
2006 2919 2108 2975 Ma·

71 3002 182 3054 bitis
221 3002 498 3054 diceretur.
543 3001 610 3053 B.
660 3000 885 3052 Albertus
930 2998 1051 3051 Ord.

70 3075 250 3128 Praed.
285 3075 506 3144 plurima
535 3076 738 3142 scripsit
766 3089 918 3141 opera
951 3073 1060 3140 phi-

69 3149 327 3217 losophica
350 3155 401 3201 et
428 3148 734 3214 theologica3
766 3149 830 3200 ob
858 3148 1057 3214 sapien-

69 3225 207 3278 tiam.
231 3222 547 3290 singularem
588 3223 821 3290 Mayizas,
866 3222 967 3272 imo
1008 3228 1055 3272 et

69 3297 353 3364 prodiqium
374 3312 490 3348 suae
510 3298 684 3348 aetatis
707 3301 1052 3362 nuncupatus.

17 3378 21 3379 ⁷
69 3369 123 3422 S.
147 3369 355 3422 Thomas
379 3367 604 3437 Aquinas
626 3370 747 3422 Ord.
780 3368 962 3421 Praed.
995 3369 1058 3420 ob

0 3500 2 3503 ,
69 3458 253 3497 miram
277 3443 471 3511 ingenii
496 3444 959 3512 perspicacitatem,
995 3442 1057 3494 ob

68 3518 382 3586 scriptorum>
398 3533 610 3571 suorum
632 3518 830 3586 copiam
847 3523 899 3570 et
912 3531 1058 3584 prae-

1120 2997 1330 3050 cedonia
1358 3038 1370 3058 ,
1414 3004 1466 3048 et
1515 2995 1653 3047 Ioan.
1708 2994 1912 3047 Vecchus
1959 2994 2104 3046 Patr.

1119 3069 1373 3131 CPtanuS‚
1401 3070 1550 3122 ambo
1593 3069 1727 3120 inter
1760 3067 1983 3121 Graecos
2023 3068 2108 3120 do-

1119 3146 1282 3197 ctrina
1313 3151 1364 3196 et
1390 3144 1577 3211 pietate
1606 3142 1853 3210 insignes,

1193 3219 1245 3270 [ι.
1279 3217 1521 3280 Quamvis
1549 3217 1756 3268 saeculo
1786 3216 1984 3268 decimo
2007 3221 2109 3267 ter-

1120 3293 1189 3345 tio
1230 3291 1654 3360 praestantissimi
1693 3290 1939 3342 Doctores
1978 3289 2108 3340 exti-

1121 3366 1300 3424 terint,
1323 3364 1495 3433 plures
1517 3380 1719 3433 quoque
1738 3363 2107 3417 Universitates

1120 3440 1411 3506 Principum
1426 3438 1773 3491 munificentia
1789 3443 1992 3489 erectae
2005 3436 2109 3487 sue-

1121 3515 1243 3576 rint,
1274 3520 1325 3567 et
1352 3528 1550 3575 eorum,
1582 3513 1667 3582 qui
1695 3511 1758 3574 de
1790 3511 1943 3564 rebus
1963 3508 2105 3562 theo-
