2332 3860
8 100 18 113 9
32 103 44 127 ,ιχ
74 100 92 130 ’Ἀ

7 139 50 167 ῆι.

26 174 43 191 ,ι
51 183 67 200 „-

51 224 53 230 A
628 181 746 220 uns
780 181 835 220 ιι.
876 181 1040 222 sncrio
1078 184 1114 220 1.
1157 169 1311 223 emir-
1347 182 1403 220 ιι.

31 259 97 325 ex
119 239 414 347 mutatione
450 263 582 330 situs
621 264 778 316 maris
817 269 1016 318 certum
1078 271 1188 318 tum
1226 262 1308 317 Ss

1885 163 1995 220 ‘243

1371 235 1589 323 PatreS‚¹
1641 265 1751 314 tum
1803 260 2072 345 tneologos

0 328 396 422 skrguutentum
422 337 650 407 depromi
678 344 864 420 potest;
894 354 1018 407 quo·
1079 345 1132 391 et
1169 339 1479 406 interpretes
1522 334 1842 403 antiquiores
1889 335 2072 387 unani-

28 418 178 485 niam
187 412 516 498 determinari
539 411 735 480 nequit,
766 411 1019 481 quomodo

11 476 161 562 ᾖααιι
182 487 350 554 omnia
375 502 406 539 a
432 485 539 539 Deo
571 485 637 538 ab
674 485 818 539 initio
845 492 1019 540 creata

32 572 89 622 et
117 563 332 633 formata
359 560 481 612 sint.
514 588 583 598 -
612 557 785 612 Flocci
811 559 1018 612 demum

22 621 264 701 habenda
303 630 382 686 est
428 631 702 686 difficultas
742 649 808 685 ex
853 640 1019 686 astro-

12 710 240 781 ιιοιιιιοιε
266 707 710 761 observationibus
728 707 904 774 petita.
931 705 1024 758 Er-

31 779 148 854 ιταιιῑ
184 782 323 836 enim
361 780 654 842 increduli,
715 780 839 832 dum
878 779 1023 833 Arati

34 846 284 913 calculum
315 861 371 908 ut
397 854 718 908 infallibilem
748 855 1022 923 recipiunt,

28 938 161 1003 cum
177 935 348 983 tamen
365 929 650 1001 Hipparcus
672 928 886 982 Aratum
914 943 1025 1011 per-

69 993 186 1060 etun
224 1004 413 1056 erroris
447 1009 653 1071 arguat,
696 1002 830 1054 sicut
867 1002 1023 1054 ctiam

62 1070 307 1150 ipparchi
353 1083 405 1130 et
454 1076 735 1129 Ptolomaei
786 1077 1026 1129 observa-

30 1143 198 1227 'tinnes
220 1151 481 1204 erroribus
499 1166 597 1202 non
627 1157 823 1202 carent.
859 1150 1024 1202 Etiam

24 1208 415 1305 incredulorum
443 1224 786 1294 hypothesin,
830 1223 1029 1291 eclipti-

30 1314 151 1377 cam
187 1298 308 1352 olim
369 1299 526 1352 fuisse
580 1304 670 1351 aut
727 1297 1026 1351 verticalem

27 1356 126 1437 aut
163 1371 463 1442 paralellam
492 1373 777 1440 aequatori‚
821 1389 882 1426 ac
911 1386 1031 1440 pau·

31 1447 182 1533 latim
218 1446 285 1500 ad
325 1461 441 1500 eam
489 1446 877 1499 inclinationem
919 1461 1031 1513 per·

15 1516 272 1593 '2venisse,
315 1536 470 1590 quam
512 1536 650 1572 nunc
691 1520 885 1581 habet,
931 1535 1029 1572 non

30 1575 316 1661 admittunt
365 1595 678 1647 recentiores
734 1593 1033 1658 astronomi,

27 1664 126 1748 iqui
147 1668 509 1730 ostenderunt,
538 1675 734 1720 motum
766 1668 1033 1738 eclipticae

31 1757 141 1796 non
179 1758 292 1794 esse
333 1743 714 1811 progressivum
757 1743 845 1794 sed
887 1740 1035 1795 oscil-

28 1815 312 1877 latorium,
363 1822 415 1868 et
453 1815 659 1884 quidem
700 1818 836 1868 intra
877 1830 1038 1882 angu-

31 1886 175 1974 ‘ptum
217 1890 371 1942 unius
397 1891 590 1958 gradus
629 1891 851 1957 spatium
895 1887 995 1958 (l).

114 1963 297 2033 Sicque
324 1963 737 2016 adversarimum
765 1966 866 2016 iam
895 1978 1039 2015 ever-

38 2013 119 2100 ‚ais
137 2038 479 2106 argumentis,
505 2037 648 2089 nulla
672 2054 880 2106 prorsus
908 2037 1037 2090 ratio

40 2109 308 2180 suppetit,
352 2111 435 2164 vel
476 2128 565 2164 sex
609 2112 717 2164 dies
757 2115 807 2163 in
851 2111 1040 2180 longis-

43 2186 201 2253 simas
252 2185 484 2254 periodos
524 2187 912 2247 commutandi,
938 2150 1037 2235 sve!

39 2254 335 2343 inaximum
366 2261 609 2327 temporis
647 2263 869 2343 spatium
911 2261 1042 2311 intei

86 2349 269 2389 rimam
309 2339 360 2385 et
385 2334 663 2386 secundam
706 2335 1037 2394 mentionem,

44 2321 286 2484 {cneque
314 2407 482 2460 solum
503 2407 566 2459 de
589 2407 847 2476 collapsae
877 2415 1042 2459 terrae

40 2477 425 2559 restauratione
503 2482 813 2549 exponendi.
906 2480 1044 2532 Haec

32 2568 179 2637 3³⁹3
217 2555 466 2638 expositio
506 2571 667 2607 novas
718 2555 1046 2607 difficultates

45 2627 287 2700 ιιινοΙνιῑς
321 2629 409 2680 vix
436 2630 573 2680 enim
611 2628 827 2695 intelligi
859 2635 1041 2697 potest,

45 2679 307 2785 quomodo
347 2702 833 2755 vehementissimus
859 2709 1048 2754 ventus

34 2768 220 2859 ffiubes
259 2774 427 2827 solum
467 2778 862 2839 extenuaverit,
906 2784 957 2829 et
996 2778 1047 2828 in

91 2846 219 2912 ltum
259 2848 546 2910 sustulerit,
596 2852 716 2918 quin
757 2857 928 2902 tamen
961 2867 1049 2919 per

83 2935 168 2980 res
206 2922 315 2975 dies
378 2922 453 2975 sol
513 2923 809 2990 spectabilis
875 2924 1053 2976 redde-

303 2995 366 3048 Et
420 3003 604 3064 quarta
654 2997 736 3048 die
797 3000 848 3050 in
910 2996 1052 3048 nullo

144 3010 173 3046 u

39 2996 222 3142 ἷξξιειιι
255 3069 530 3123 luminaria
568 3087 598 3123 a
634 3070 740 3123 Deo
779 3070 914 3143 facta
954 3070 1051 3122 dici

129 3149 289 3207 ssent3
309 3159 429 3195 nam
456 3159 624 3212 neque
651 3145 796 3196 iuxta
824 3160 1052 3198 commu-

37 3154 184 3300 ἔξω
234 3215 500 3270 hominum
554 3217 792 3287 loquendi
843 3219 1052 3271 modum

106 3268 325 3362 lfactus
342 3290 550 3353 dicitur,
587 3292 630 3344 si
662 3292 872 3344 remotis
909 3292 1057 3350 nubi-

0 3293 550 3526 mgztsconspmpus
515 3365 599 3418 sit.
613 3364 827 3419 Constat
852 3381 1054 3436 quoque

78 3477 83 3506 2
113 3486 167 3535 (1)
192 3488 246 3526 Cf.
269 3491 426 3526 Peri-one
447 3501 486 3526 ιι.
511 3492 589 3535 185,
615 3498 690 3529 not.
716 3493 750 3537 3,
772 3494 871 3531 Gom.
895 3496 940 3532 (le
962 3494 1056 3532 stol·

21 3550 40 3571 ι,
128 3530 398 3576 :Getehteute
402 3534 436 3579 1,
460 3535 502 3571 ι
523 3536 558 3576 ι.
579 3518 614 3581 ’9.
640 3538 750 3574 Boii..

1083 414 1232 466 miter
1273 411 1623 464 narrationem
1664 408 1955 462 mosaicam
1970 423 2072 460 non

1082 486 1144 538 de
1173 485 1568 544 restauratione,
1598 482 1688 535 sed
1722 482 1787 534 de
1813 481 2075 535 creatione

1083 567 1134 612 et
1173 559 1477 614 formatione
1517 570 1707 617 terrae,
1763 570 1897 624 quae
1935 554 2077 622 prius

1085 650 1187 686 non
1226 635 1510 693 extiterat,
1567 630 1876 698 explicasse.
1938 627 2078 680 Haec

1083 708 1336 775 expositio
1349 708 1503 759 etiam
1521 721 1609 773 per
1623 705 1795 757 locum
1815 703 1870 755 S.
1891 701 2079 770 Scri-pt.

1085 780 1444 842 confirmatur,
1488 781 1539 831 in
1581 794 1681 847 quo
1720 778 1912 831 creatio
1951 775 2083 829 coeli

1086 862 1137 907 et
1184 862 1352 908 terrae
1401 853 1699 906 immediate
1751 851 2083 919 coniungitur

1087 945 1205 980 cum
1245 929 1580 997 productione
1619 927 1920 990 herbarum3
1965 923 2087 976 dici-

1089 1010 1172 1055 tur
1212 1004 1379 1055 enim:
1424 1003 1550 1055 Istae
1587 1010 1704 1054 sum
1755 998 2085 1069 yenerationes

1088 1076 1204 1129 coeli
1242 1086 1285 1129 et
1325 1085 1505 1137 terrae,
1548 1075 1742 1144 quando
1780 1082 1942 1127 creata
1969 1080 2085 1126 sunt

1090 1151 1142 1202 in
1182 1151 1258 1203 die
1280 1149 1336 1222 (i.
1369 1168 1416 1203 e„
1453 1146 1705 1219 tempore)
1733 1165 1828 1217 quo
1850 1147 1962 1217 fecit
1988 1146 2086 1200 Do-

1089 1225 1254 1277 minus
1293 1225 1424 1277 Deus
1461 1224 1643 1277 coelum
1683 1232 1726 1275 et
1779 1230 1964 1275 terram
1989 1261 2002 1284 ,
2045 1228 2091 1273 et

1090 1315 1227 1350 ovnne
1249 1299 1512 1368 virqultum
1531 1298 1663 1367 apri,
1701 1304 1962 1365 antequam
1989 1295 2091 1348 ori·

1091 1380 1231 1424 retur
1270 1374 1322 1425 in
1364 1381 1497 1425 terra
1517 1414 1530 1434 ‚
1573 1387 1855 1438 omnemque
1895 1369 2093 1424 herbam

1093 1447 1328 1513 remonis,
1359 1455 1625 1516 antequam
1644 1446 1964 1514 qerminaret:
1996 1459 2095 1496 mm

1094 1521 1222 1572 enim
1259 1522 1455 1588 pluerat
1497 1521 1735 1572 Dominus
1771 1519 1905 1571 Deus
1944 1532 2091 1587 super

1098 1603 1279 1647 terram
1306 1603 1407 1648 etc.
1461 1593 1559 1666 (³2).
1605 1595 1682 1647 Ex
1729 1594 1969 1646 omnibus
2014 1592 2095 1644 his

1100 1670 1274 1737 liquet,
1292 1671 1668 1738 expositionem
1691 1667 1966 1720 litteralem
1982 1682 2097 1718 nar-

1101 1744 1310 1795 rationis
1387 1745 1640 1796 mosaicae
1706 1743 1770 1794 de
1834 1743 2096 1795 creatione

1098 1818 1315 1870 caeteris
1344 1817 1734 1887 praeferendam
1775 1832 1909 1870 esse.

1429 2005 1765 2042 APPEanx.

1494 2139 1533 2198 ς
1571 2139 1705 2185 13³.

1190 2239 1242 2272 De
1264 2238 1391 2272 mundi
1417 2238 1641 2281 perfectione
1660 2242 1698 2272 et
1713 2238 1758 2272 de
1780 2236 2008 2280 optimtsmo.

1181 2335 1230 2387 l.
1276 2334 1569 2387 Perfectum
1629 2351 1742 2386 esse
1807 2333 2060 2385 mundum
2090 2374 2101 2393 ,

1106 2425 1195 2461 seu
1220 2409 1428 2468 finibuS,
1461 2425 1588 2477 quos
1614 2409 1761 2461 Deus
1788 2405 1860 2458 illi
1891 2407 1941 2458 in
1967 2422 2108 2459 crea-

1108 2485 1243 2536 tione
1286 2482 1553 2550 praefixit,
1597 2483 1952 2549 aptissimum,
1996 2480 2110 2548 ipsa

1107 2556 1159 2608 S.
1204 2557 1472 2625 Scriptura
1513 2562 1752 2608 testatur.
1797 2555 2002 2623 Moyses
2030 2554 2110 2606 hi-

1109 2633 1322 2684 storiam
1362 2631 1635 2682 creationis
1674 2630 1996 2690 describenS,
2037 2643 2113 2679 re·

1111 2721 1327 2774 rumque
1368 2711 1662 2756 creatarum
1706 2704 1890 2755 seriem
1932 2717 2112 2755 recen·

1110 2796 1249 2840 sens,
1295 2795 1447 2846 saepe
1481 2779 1687 2845 saepius
1717 2776 1990 2829 formulam
2032 2791 2113 2828 re-

1113 2854 1271 2921 petit:
1324 2852 1454 2904 Vidit
1492 2851 1658 2913 DeuS,
1709 2851 1844 2919 quod
1880 2857 1998 2903 esset
2038 2849 2115 2901 bo-

1112 2942 1261 2987 num,
1306 2926 1440 2995 quod
1482 2926 1635 2988 fecit3
1679 2932 1731 2977 et
1770 2925 1978 2976 demum
2019 2939 2114 2975 sex

1114 3002 1316 3052 dierum
1356 3016 1510 3068 opere
1550 2998 1803 3066 completo
1832 3039 1845 3060 ,
1901 2997 2109 3050 dicitur:

1123 3073 1252 3126 Vidit
1291 3073 1422 3125 Deus
1454 3080 1624 3126 cuncta
1662 3087 1789 3140 quae
1827 3073 2027 3139 fecerat,
2070 3078 2117 3122 et

1114 3155 1253 3199 erant
1292 3147 1423 3202 valde
1459 3147 1586 3199 bona
1624 3147 1661 3198 i.
1706 3162 1754 3198 e.
1799 3146 1992 3214 optima
2039 3151 2116 3197 at·

1114 3237 1213 3288 que
1255 3220 1479 3287 perfecta
1522 3219 1619 3289 (5).
1665 3219 1829 3289 Moysi
1857 3218 2119 3272 consentit

1115 3293 1483 3346 Ecclesiasticus
1495 3292 1592 3362 (li):
1607 3291 1764 3362 Opera
1784 3293 1990 3346 Domini
2006 3292 2120 3344 tmi-

1116 3383 1250 3420 versa
1290 3366 1411 3420 bona
1464 3366 1618 3422 valde.-
1658 3367 1974 3432 Ecclesiasles
2013 3362 2113 3436 (5):

1161 3494 1213 3538 (Ξ)
1234 3496 1323 3542 Gen.
1348 3494 1422 3530 24

1161 3539 1213 3584 (4)
1237 3542 1318 3584 Q
1346 3496 1478 3583 364'21
1684 3496 1737 3540 (3)
1762 3496 1856 3531 Gen.
1878 3494 1911 3535 1,
1933 3493 1986 3528 ³1.

1690 3539 1739 3584 (ὃ)
1763 3541 1846 3582 Cap.
1873 3539 1910 3577 3.
1933 3534 1985 3572 n.
