2332 3860
323 139 393 195 58

248 239 337 291 tim
354 236 604 307 loquendo
619 253 719 291 non
736 239 1242 307 paritcertitudinem

248 313 690 382 metaphysicam‚
737 329 870 382 quae
903 319 1026 365 tunc
1076 313 1242 366 solum

248 387 487 449 habetur,
512 402 629 439 cum
660 386 731 438 rei
763 387 955 439 veritas
975 403 1037 439 ex
1064 388 1245 440 intrin-

247 462 399 522 seciS‚
431 468 482 513 et
508 460 833 513 evidentibus
875 462 1136 528 principiis
1163 478 1245 514 co-

248 535 537 605 gnoscitur,
567 536 637 587 ita
665 541 721 587 ut
749 537 1068 587 contrarium
1095 536 1243 589 abso-

249 610 359 663 lute
425 609 741 678 impossibile
806 609 1082 662 iudicetur.
1139 609 1248 662 Hac

249 684 459 754 quidem
499 683 812 735 certitudine
865 684 1206 751 perspicimus
1231 725 1243 746 ,

250 758 419 811 Deum
459 757 684 810 existere
717 798 729 818 ,
786 757 890 809 Ens
938 759 1246 824 perfectissi-

254 848 397 885 mum
438 847 551 883 esse
578 872 590 892 ,
635 832 840 883 mentiri
902 849 1024 883 non*
1059 848 1204 900 posse
1232 874 1244 894 ‚

253 907 445 967 omnia,
478 921 609 974 quae
649 907 869 966 revelat,
913 906 1251 958 infallibiliter

254 997 380 1034 vera
435 996 574 1042 esse,
620 986 719 1031 etc.
780 979 876 1032 Ast
926 982 1169 1049 quoniam
1198 982 1248 1032 in

254 1054 533 1122 Theologia
586 1053 876 1121 dogmatica
932 1071 1030 1107 non
1081 1055 1252 1122 agitur

255 1130 317 1181 de
362 1128 696 1181 Revelatione
724 1128 1045 1189 immediata,
1072 1130 1161 1181 sed
1191 1129 1252 1182 de

256 1198 503 1264 mediata,
543 1218 674 1271 quac
721 1219 812 1270 per
851 1203 979 1256 alios
1018 1203 1253 1256 homines

257 1277 322 1330 ad
364 1293 458 1329 nos
499 1277 803 1329 transmissa
843 1284 965 1339 est,
1015 1279 1077 1330 ad
1120 1278 1252 1346 quod

257 1351 579 1421 probandum
607 1352 899 1403 testimonia
923 1351 1147 1405 humana
1169 1368 1251 1404 oc-

258 1431 509 1490 currunt3
541 1432 593 1477 et
621 1426 739 1494 quia
782 1426 1027 1478 veritates
1061 1427 1257 1478 revela-

259 1508 363 1562 tae,
390 1515 611 1569 quarum
658 1500 852 1551 multae
881 1500 1045 1568 quoad
1075 1501 1254 1553 intrin-

259 1590 405 1628 secas
434 1575 659 1626 rationes
685 1590 714 1625 a
745 1575 891 1625 nobis
914 1576 1132 1642 perspici
1166 1590 1254 1626 ne·

258 1655 476 1718 queunt,
510 1649 572 1700 ob
600 1649 964 1699 auctoritatem
993 1648 1081 1699 Dci
1107 1665 1254 1700 reve-

259 1723 414 1776 lantis
444 1721 734 1775 credendae
763 1729 923 1774 sunt:
967 1721 1081 1773 idco
1122 1723 1256 1773 veri·

261 1798 455 1850 tatibus
510 1796 753 1848 revelatis
807 1796 1061 1847 certitudo
1094 1804 1255 1847 meta-

260 1871 474 1940 physica
539 1869 825 1921 adiudicari
899 1885 997 1920 non
1069 1877 1255 1937 potest.

261 1944 634 1998 Certitudinem
678 1943 945 2012 physicam
985 1943 1259 2009 Theologia

262 2020 554 2087 dogmatica
591 2033 690 2069 non
736 2019 887 2086 parit,
920 2018 1039 2086 quia
1068 2018 1259 2070 verita·

263 2101 361 2155 teS‚
407 2109 536 2162 quas
574 2091 754 2152 tradit,
798 2092 1058 2144 obiectum
1099 2094 1258 2159 empi-

264 2169 372 2221 riae
401 2183 502 2219 non
534 2173 676 2227 sunt,
704 2182 797 2218 nec
826 2183 854 2218 a
885 2167 1085 2233 legibus
1114 2173 1264 2218 natu-

265 2259 354 2296 rae
381 2241 597 2293 visibilis
623 2241 863 2308 pendent.
885 2239 1262 2307 AstTheologia

266 2316 556 2384 dogmatica
587 2315 720 2382 parit
758 2314 1119 2366 certitudinem
1160 2331 1260 2365 mo-

266 2391 423 2444 ralem
451 2404 713 2441 summam.
747 2388 1067 2454 Argumenta
1101 2390 1260 2449 enim,

267 2465 455 2535 quibus
506 2463 709 2515 divinae
761 2462 1114 2515 Revelationis
1161 2464 1267 2515 exi·

268 2539 456 2592 stentia
487 2538 750 2606 probatur,
784 2544 889 2590 tam
918 2538 1191 2605 conspicua
1215 2544 1265 2589 et

273 2620 375 2666 tam
418 2613 565 2665 firma
607 2618 757 2674 sunt,
801 2618 857 2663 ut
899 2612 1101 2663 nullum
1141 2611 1265 2663 effu-

271 2689 415 2755 gium
439 2688 783 2756 relinquatur,
803 2686 970 2738 omnis
997 2686 1266 2738 haesitatio

276 2762 508 2821 tollatur,
553 2777 614 2821 ac
652 2763 915 2829 persuasio
944 2760 1096 2828 plane
1124 2760 1267 2812 evin-

279 2842 427 2888 catur
457 2833 553 2905 (l).
587 2835 779 2888 Eadem
821 2834 1131 2908 certitudine
1166 2851 1270 2886 mo-

275 2909 371 2963 rali
399 2925 600 2962 summa
629 2917 850 2970 constat,
892 2908 1175 2961 Ecclesiam
1198 2910 1270 2960 in-

274 2983 539 3038 fallibilem
567 2999 678 3036 esse
700 2984 905 3036 divinae
922 2983 1269 3036 Revelationis

277 3057 564 3118 custodem,
583 3058 934 3126 ,interpretem
969 3066 1020 3109 et
1049 3058 1267 3110 iudicem

278 3132 749 3185 controversiarum
791 3132 908 3184 fidei
952 3129 1048 3203 (Ξ).
1108 3131 1271 3199 Igitur

283 3205 464 3258 eodem
495 3204 645 3257 modo
673 3206 798 3257 certi
829 3221 1028 3267 sumus,
1060 3222 1120 3258 ea
1151 3222 1271 3258 vere

279 3280 528 3332 divinitus
555 3278 785 3331 revelata
826 3295 958 3341 esse,
1001 3296 1132 3349 quae
1177 3280 1271 3333 Ec-

280 3353 440 3408 clesia
465 3352 677 3406 Sacram
714 3353 1034 3422 Scripturam
1075 3361 1127 3408 et
1164 3361 1270 3408 tra-

308 3460 378 3531 (1)
400 3453 441 3521 ἦ.
463 3484 530 3520 Ἧι.
559 3493 644 3529 gen.
670 3485 708 3519 P.
733 3485 779 3519 11.

327 3530 382 3575 (2)
405 3529 500 3567 lhid.
524 3530 564 3567 P.
587 3530 652 3567 111.
677 3530 772 3565 Sect.
798 3528 832 3567 2.

690 157 1015 196 inmonucrto
1049 151 1105 195 ‘IN
1143 157 1453 197 'mmmmm
1492 159 1852 201 Tnnotttz'rtcAM.

1984 144 2007 154 -ι

1306 240 1551 293 ditionem
1575 256 1860 310 exponenS,
1891 257 1993 312 qua
2034 242 2155 296 talia
2182 244 2295 299 ere-

1306 314 1472 367 denda
1536 316 1810 382 proponit,
1872 324 1924 370 et
1967 318 2172 386 quidem
2235 334 2296 372 eo

1306 404 1460 440 sensu
1501 389 1731 442 revelata
1771 405 1884 443 esse
1907 431 1920 453 ‚
1964 407 2064 460 quo
2103 393 2168 444 ab
2205 391 2298 445 Ec·

1308 461 1464 514 clesia
1491 463 1554 514 ad
1583 463 1896 516 credendum
1921 473 2294 534 proponuntur.

1310 536 1371 587 Et
1399 535 1527 588 haee
1550 536 1780 600 demum,
1823 553 1954 607 quae
1992 540 2300 593 certitudine

1312 611 1489 663 morali
1530 626 1730 663 summa
1770 618 2017 681 tanquam
2055 614 2301 667 divinitus

1311 684 1540 737 revelata
1563 686 1942 750 cognoscimuS‚
1966 686 2303 740 infallibiliter

1313 775 1434 811 vera
1468 759 1737 819 habemuS,
1783 766 1834 812 et
1870 760 2175 813 inconcussa
2202 761 2304 814 fide

1313 838 1550 885 tenemus
1603 839 1812 902 propter
1875 833 1969 886 Dei
2022 835 2304 887 revelantis

1311 908 1716 968 auctoritatem,
1771 923 1870 976 qua
1923 907 2307 962 maior'haberi

1315 997 1413 1032 non
1439 987 1623 1050 potest.
1656 981 1930 1049 Theologia
1953 998 2079 1050 ergo
2096 981 2308 1050 dogma-

1315 1056 1448 1116 tica,
1501 1056 1625 1107 dum
1669 1055 1911 1122 dogmata
1957 1057 2136 1118 tradit,
2175 1058 2310 1125 parit

1315 1130 1680 1183 certitudinem
1723 1130 1971 1182 moralem
2024 1146 2303 1183 summam.

1389 1205 1443 1256 ΕΞ.
1499 1204 1664 1256 Etiam
1723 1205 1889 1273 quoad
1939 1205 2304 1269 conclusiones,

1316 1295 1438 1345 qnae
1489 1295 1550 1330 ex
1605 1279 1905 1346 dossmatibus
1953 1280 2262 1331 deducantur
2295 1321 2307 1339 ‚

1317 1352 1591 1418 Tlieologia
1694 1353 1984 1419 dogmatica
2087 1353 2312 1422 reliquas

1318 1428 1559 1478 scientias
1595 1427 1862 1478 naturales
1887 1427 2198 1479 certitudine
2225 1443 2313 1479 an-

1319 1500 1532 1552 tecellit.
1564 1500 1692 1552 Nam
1722 1500 1809 1552 illa
1850 1501 2065 1553 scicntia
2095 1507 2175 1553 est
2201 1517 2314 1553 cer-

1321 1576 1438 1636 tior,
1460 1590 1590 1642 quae
1613 1575 1776 1626 utitur
1791 1575 1959 1626 medio
1982 1576 2146 1643 magis
2167 1591 2313 1637 vem,

1321 1648 1578 1714 infallibili¹
1610 1654 1662 1699 ct
1700 1648 2015 1701 invariabili:
2041 1649 2129 1700 sed
2157 1648 2317 1703 Theo-

1325 1722 1456 1788 logia
1507 1722 1798 1787 dogmatica
1838 1723 1999 1775 utitur
2018 1723 2201 1775 mediis
2239 1725 2318 1775 in-

1322 1795 1737 1856 fallibilioribUS,
1805 1811 1961 1864 quam
2019 1798 2123 1850 sint
2161 1813 2319 1866 quae-

1323 1885 1526 1938 cunque
1555 1870 1800 1938 principia
1838 1871 2144 1923 naturaliter
2172 1878 2314 1936 nota3

1324 1944 1485 1996 utitur
1513 1959 1697 2011 nempe
1732 1944 1965 1996 articulis
2004 1945 2104 1998 fide
2145 1945 2318 1998 divina

1324 2018 1553 2078 credi'tiS‚
1579 2025 1629 2069 et
1651 2019 1894 2070 revelatis
1922 2035 1950 2070 a
1974 2018 2166 2087 Spiritu
2190 2019 2318 2072 San-

1325 2100 1426 2153 ctc,
1459 2093 1543 2160 qui
1573 2098 1651 2143 est
1677 2108 1832 2144 causa
1873 2092 2088 2155 firmior,
2133 2101 2186 2146 et
2224 2095 2318 2146 im-

1328 2166 1579 2227 mobilior,
1623 2182 1777 2234 quam
1818 2173 2024 2234 natura,
2056 2184 2187 2237 quae
2227 2183 2320 2221 nos

1327 2240 1542 2292 inclinat
1594 2241 1657 2292 ad
1711 2257 1980 2292 assensum
2037 2243 2320 2309 primorum

1330 2315 1712 2382 principiorum.
1736 2315 1870 2381 Ergo
1889 2316 2143 2368 certitudo
2159 2315 2321 2368 Theo-

1329 2389 1492 2453 logiae
1552 2390 1869 2442 transcendit
1918 2405 2122 2442 omnem
2170 2391 2322 2443 certi-

1330 2463 1562 2515 tudinem
1600 2464 1875 2525 scientiac,
1920 2471 1969 2515 et
2016 2465 2323 2532 cognitionis

1327 2538 1556 2589 cuiusvis
1591 2537 1863 2598 naturalis,
1901 2553 2019 2589 cum
2049 2540 2114 2590 sit
2142 2539 2323 2591 innixa

1328 2612 1484 2664 verbo
1517 2611 1606 2663 Dei
1642 2611 1968 2664 immutabili.
2002 2611 2188 2674 Quodsi
2216 2614 2324 2680 opi-

1330 2686 1527 2747 nioneS‚
1549 2692 1602 2738 et
1621 2686 1796 2737 variae
1814 2685 2324 2754 Theologorumffsen-

1330 2761 1519 2812 tentiae
1542 2767 1918 2828 proponuntur,
1962 2761 2058 2812 hae
2100 2760 2324 2828 plerum-

1330 2851 1428 2904 que
1465 2833 1630 2886 solum
1665 2834 1796 2887 circa
1837 2834 2061 2887 rationes
2087 2835 2326 2887 intrinse-

1330 2925 1416 2961 cas
1445 2924 1738 2978 nexumque
1774 2908 2072 2974 dogmatum
2111 2924 2325 2961 versan-

1333 2991 1443 3048 tur3
1487 2983 1733 3035 veritates
1766 2989 1942 3034 autem
1981 2981 2043 3034 de
2083 2981 2205 3041 fide,
2236 2990 2325 3034 aut

1332 3057 1616 3125 theologice
1656 3062 1826 3109 certas
1855 3071 1954 3108 non
1984 3054 2317 3110 labefactant.

1741 3171 1780 3230 ς
1820 3171 1907 3218 zv.

1782 3274 1874 3329 IV„

1422 3362 1504 3399 slus
1519 3361 1678 3398 efficacia
1698 3361 1734 3397 in
1761 3362 2009 3405 promovenda
2033 3361 2262 3399 moralitate,

1705 3424 1761 3456 est
1783 3419 1957 3456 maxima.

1408 3497 1540 3555 Male
1554 3497 1781 3568 profecto
1800 3496 2050 3562 sentiunt,
2066 3496 2155 3568 qui
2168 3490 2327 3563 Theo}
