2332 3860
632 185 750 225 mus
783 186 855 224 ln.
897 185 1063 225 sumto
1097 182 1136 224 ἵ.
1180 182 1331 223 CAPUT
1366 182 1420 222 Π.

11 263 197 340 'ptum
253 269 505 339 poscitur,
556 283 657 322 non
711 268 807 321 erit
862 269 1036 337 singu-

8 373 22 405 p
57 343 400 399 lare-Demus
441 342 600 396 Deum
640 342 830 411 aliquid
866 358 1031 410 posse,

56 419 186 489 quod
216 433 306 471 nos
326 418 576 470 fateamur
602 416 907 482 investigare
935 431 1033 468 non

57 507 218 561 posse.
243 490 296 543 ln
322 492 506 543 talibus
526 491 678 543 rebus
699 497 800 542 tota
824 491 949 542 ratio
970 490 1038 541 fa-

56 566 121 619 cti
142 571 220 618 est
239 565 459 633 potentia
488 564 781 616 facientis.»
809 563 861 615 ln
883 562 1035 616 Cone.

55 637 294 708 Ephesiuo
346 637 518 690 Patres
572 636 647 708 (l)
704 637 1030 704 profitentur,

56 713 186 782 quod
238 711 437 764 Verbum
473 727 561 762 seu
599 711 757 763 Filius
797 710 884 762 Dei
931 710 1037 762 sub-

55 785 374 845 stantialiter,
422 785 728 854 ineffabiliter
770 793 815 836 et
859 785 1036 836 iucom-

54 858 432 929 prehensibiliter
444 862 600 927 factus
621 863 683 911 sit
709 858 863 910 homo.
884 857 1034 911 Cone.

60 932 344 985 Trullanum
372 934 447 1003 (2)
486 932 667 984 Christi
712 940 910 1000 partum
951 949 1035 999 ap-

56 1007 210 1076 pellat
248 1007 632 1060 inenarrabilem
660 1022 810 1075 supra
835 1014 1033 1056 utentem

56 1088 99 1133 et
123 1096 409 1140 sermonem,
439 1082 565 1149 quod
590 1080 922 1149 comprehendi
941 1096 1036 1131 non

53 1163 214 1224 potest.
228 1154 378 1207 Conc.
397 1155 678 1206 Toletanum
693 1154 765 1206 XI
776 1155 1036 1222 explicans

56 1227 423 1281 incarnationis
443 1230 742 1298 mysterium
766 1229 902 1281 dicit:
923 1228 1038 1279 Par-

57 1309 132 1354 tus
171 1303 384 1371 Viryiuis
421 1319 504 1354 nee
543 1303 732 1354 ratione
770 1302 1031 1369 colliyitur,

55 1391 137 1427 nee
162 1377 372 1443 eaeemplo
393 1375 860 1439 monstratur.Quod
886 1377 929 1426 si
955 1392 1036 1427 ra·

57 1451 182 1502 tione
220 1451 480 1519 conicitur,
512 1468 607 1502 non
646 1451 737 1502 eric
780 1449 1038 1516 mirabile,-

55 1525 99 1575 εἰ
138 1524 370 1592 exempla,
402 1541 497 1575 non
535 1525 627 1576 erit
654 1525 923 1590 sinqulare.

128 1597 205 1649 Ex
246 1599 322 1650 his
362 1600 484 1649 satis
526 1605 680 1666 patet,
723 1599 854 1666 quod
919 1613 1037 1649 con-

59 1678 202 1723 stans
241 1672 366 1724 haec
405 1674 554 1723 fuerit
595 1675 643 1723 in
674 1673 897 1724 Ecclesia
928 1688 1038 1739 per-

58 1747 244 1806 suasi0,
290 1747 525 1797 unionem
558 1746 927 1813 hypostaticam
964 1763 1038 1796 ra-

57 1819 204 1870 tionis
245 1820 495 1872 humanae
535 1828 739 1887 captum
798 1836 1037 1886 superare

58 1898 108 1945 et
149 1894 367 1961 perfecte
405 1910 434 1945 a
477 1894 617 1946 nobis
676 1893 1035 1960 comprehendi

57 1982 156 2018 non
200 1983 362 2034 posse.
407 1967 652 2037 Equidem
681 1968 925 2019 illustrari
959 1984 1038 2018 so-

58 2041 126 2092 let
165 2043 398 2110 exemplo
465 2043 663 2093 unionis
726 2044 924 2094 animae
988 2049 1038 2093 et

56 2116 274 2183 corporis
298 2117 344 2168 in
370 2116 591 2179 homine3
616 2118 785 2185 sicque
816 2118 864 2167 in
894 2115 1040 2183 Sym-

58 2187 397 2242 bolo-Athan.
443 2191 690 2243 habetur:
738 2210 762 2238 «
806 2189 946 2242 Sicut
985 2207 1038 2241 a·

58 2264 194 2314 nima
234 2263 491 2316 rationalis
530 2271 580 2316 et
619 2281 734 2316 caro
783 2281 912 2316 unus
962 2270 1038 2315 est

58 2336 227 2398 homo,
270 2339 339 2389 ita
398 2338 532 2390 Deus
589 2345 638 2390 et
695 2339 843 2390 homo
908 2353 1038 2389 unus

60 2418 136 2463 est
174 2410 424 2464 ChristuS.
454 2432 480 2461 ι»
516 2412 579 2464 Et
609 2427 791 2480 magna
818 2412 1037 2480 profecto

60 2484 292 2552 analogia
333 2487 463 2538 inter
503 2492 770 2554 utramque
800 2487 1039 2537 unionem

60 2559 317 2611 invenitur
334 2557 429 2632 (3).
455 2559 647 2614 Verum
670 2576 769 2611 non
790 2560 900 2611 ideo
924 2562 1039 2611 unio

59 2631 374 2701 hypostatica
413 2634 561 2702 plane
600 2634 834 2702 intelligi,
878 2640 928 2686 et
956 2649 1041 2685 ex-

59 2707 233 2774 plicari
273 2714 453 2775 potest.
498 2708 684 2760 Gravia
724 2710 859 2760 enim
912 2724 1041 2766 sem-

60 2796 150 2848 per
187 2779 473 2833 discrimina
514 2783 647 2834 inter
686 2789 953 2851 utramque
983 2798 1039 2832 u-

61 2854 262 2906 nionem
325 2855 678 2907 intercedunt:
748 2872 798 2908 v.
867 2873 917 2924 g.
989 2857 1036 2907 in

61 2926 263 2979 homine
302 2929 507 2996 spiritus
546 2929 719 2981 finitus
758 2945 873 2982 cum
932 2945 1042 2981 cor·

62 3016 182 3070 pore
219 3001 360 3054 finito
399 3004 602 3067 unitur3
646 3004 695 3054 in
731 3001 930 3055 Christo
958 3019 1044 3055 na-

61 3081 174 3128 tura
212 3075 408 3128 infinita
447 3077 763 3144 hypostatice
791 3078 930 3128 unita
968 3084 1042 3129 est

61 3163 178 3201 cum
237 3157 421 3202 natura
484 3150 662 3203 finita:
728 3151 779 3202 in
838 3151 1042 3203 homine

62 3237 245 3290 corpus
270 3230 323 3276 et
348 3224 519 3276 anima
558 3224 607 3276 in
637 3240 691 3276 se
729 3225 949 3277 invicem
989 3242 1042 3277 a-

65 3303 212 3364 gunt,
277 3312 332 3350 se
396 3305 572 3350 mutuo
632 3297 930 3365 perficiunt,
993 3307 1043 3351 et

64 3368 340 3438 complent3
360 3379 439 3424 ast
457 3371 682 3426 Verbum
708 3371 936 3425 divinum
960 3389 1045 3426 na-

126 3498 143 3532 1
186 3499 226 3533 V.
250 3500 282 3534 S.
309 3502 461 3544 August.
474 3501 535 3546 Ep.
563 3503 609 3537 ad
633 3502 813 3539 volusian.

126 3543 146 3568 e
182 3543 264 3587 cap,
291 3543 344 3580 13,
738 3545 792 3589 (3⁸
813 3545 899 3582 Gau.
919 3546 973 3582 w.

1896 165 2004 220 1173

1096 274 1261 320 turam
1300 263 1503 334 quidem
1534 262 1813 316 humanam
1837 263 2072 326 assumit.

1097 340 1334 410 perficit,
1389 338 1585 411 exaltat
1640 337 1870 405 regitque
1901 376 1915 398 ,
1975 353 2076 390 non

1095 421 1269 470 autem
1293 412 1361 466 ita
1400 417 1583 464 natura
1623 410 1848 463 humana
1875 410 1924 462 in
1955 410 2078 463 divi·

1099 490 1308 541 nitatem
1351 501 1524 552 agere,
1571 499 1787 552 eamque
1837 482 2078 552 perficere

1099 569 1278 630 potest.
1302 558 1433 613 Unio
1452 574 1573 626 ergo
1613 558 1930 627 hypostatica
1950 573 2079 612 sem-

1099 651 1186 704 per
1205 643 1410 703 captum
1432 639 1659 685 nostrum
1681 632 1827 699 longe
1848 639 2075 699 superat,

1099 724 1191 762 nec
1205 726 1234 761 a
1253 709 1395 760 nobis
1415 706 1775 774 comprehendi
1806 703 2076 778 potestus).

1169 783 1222 835 5.
1290 781 1417 835 Unio
1474 780 1792 849 hypostatica
1858 780 1906 831 in
1973 780 2080 847 ipsa

1097 857 1425 924 conceptione
1465 854 1648 906 Christi
1690 854 1897 922 incepit,
1928 853 1996 905 ita
2025 860 2081 905 ut

1099 931 1319 983 humana
1359 928 1543 981 Christi
1587 935 1767 980 natura
1809 943 1908 980 non
1950 927 2083 979 exti-

1101 1006 1215 1057 terit
1279 1004 1446 1072 aliqua
1513 1002 1780 1054 duratione
1842 1001 2083 1069 temporis

1098 1086 1215 1131 ante
1257 1081 1331 1130 sui
1397 1093 1513 1129 cum
1582 1076 1747 1128 Verbo
1813 1077 2076 1130 unionem.

1096 1154 1295 1219 Dogma
1337 1151 1432 1204 hoc
1472 1150 1695 1202 Ecclesia
1737 1149 2003 1217 profitetur
2031 1149 2082 1201 in

1097 1227 1326 1295 symbolo
1366 1226 1575 1277 dicens:
1619 1223 1842 1277 Credo...
1898 1224 1950 1275 in
2000 1223 2084 1275 Fa·-

1098 1303 1218 1353 lium
1257 1301 1360 1352 eius
1380 1299 1596 1359 unicum,
1629 1299 1715 1367 qui
1740 1305 1990 1367 conceptus
2015 1304 2084 1349 est

1098 1377 1150 1427 de
1181 1376 1372 1443 Spiritu
1398 1374 1588 1434 Sancte,
1620 1381 1746 1437 etc.;
1779 1388 1876 1424 non
1913 1377 2085 1440 posset

1098 1457 1269 1501 autem
1309 1449 1404 1500 dici
1447 1451 1550 1516 ipse
1589 1446 1723 1499 filius
1765 1447 1852 1499 Dei
1903 1461 2085 1499 conce·

1102 1532 1214 1591 ptus
1254 1524 1314 1574 de
1353 1522 1542 1590 Spiritu
1583 1521 1789 1580 Sanct0‚
1832 1521 1927 1572 nisi
1995 1536 2081 1572 na·

1100 1605 1211 1650 tura
1235 1598 1474 1662 humana,
1490 1603 1729 1664 operante
1751 1594 1942 1663 Spiritu
1957 1593 2083 1646 San-

1099 1680 1198 1732 οῑο,
1234 1688 1296 1724 ex
1338 1671 1621 1723 substantia
1650 1669 1839 1722 Mariae
1878 1674 2084 1736 sumpta

1101 1748 1147 1797 in
1190 1747 1293 1813 ipsa
1356 1745 1683 1811 conceptione
1742 1758 1861 1795 cum
1917 1741 2083 1796 Verbo

1100 1821 1267 1871 divino
1308 1819 1624 1887 hypostatice
1679 1819 1817 1869 unita
1882 1817 2078 1868 fuisset.

1102 1894 1322 1960 idipsum
1390 1894 1602 1960 probant
1672 1892 1826 1943 verba
1898 1890 2083 1957 Angeli

1098 1968 1285 2020 Mariae
1326 1967 1573 2018 dicentis:
1628 1965 1840 2034 Spiritus
1879 1963 2084 2016 Sanctus

1099 2042 1394 2109 superveniet
1417 2042 1467 2091 in
1496 2050 1556 2102 te,
1588 2047 1630 2092 et
1659 2040 1811 2091 virtus
1840 2037 2083 2091 Altissimi

1100 2115 1398 2167 obumbrabit
1451 2115 1554 2175 tibi,
1612 2115 1808 2181 ideoque
1859 2120 1902 2165 et
1960 2112 2085 2181 quod

1100 2199 1327 2241 nascetur
1365 2205 1425 2241 ex
1473 2197 1512 2240 te
1578 2189 1816 2241 Sanctum
1844 2227 1860 2245 ,
1907 2187 2084 2239 vocabi-

1101 2273 1181 2315 tur
1212 2264 1367 2315 Filius
1407 2263 1497 2314 Dei
1540 2260 1634 2331 (5).
1670 2261 1962 2314 Generatim
2003 2260 2083 2312 do·

1100 2339 1262 2390 ctrina
1303 2337 1428 2388 haec
1466 2336 1714 2388 calholica
1756 2335 2084 2387 confirmatur

1101 2429 1165 2464 ex
1214 2411 1448 2463 omnibus
1505 2411 1841 2476 arguinenti3‚
1903 2409 2085 2478 quibus

1101 2493 1277 2538 contra
1317 2483 1604 2536 Nestorium
1658 2485 1925 2551 probatum
1983 2489 2081 2543 est,

1103 2560 1326 2613 Verbum
1366 2559 1595 2610 divinum
1638 2564 1873 2610 naturam
1907 2557 2086 2609 huma-

1103 2649 1240 2694 nam,
1287 2650 1383 2685 non
1433 2639 1604 2684 autem
1665 2641 1932 2699 personam
1992 2631 2085 2683 hu-

1102 2723 1304 2760 manam
1345 2708 1708 2774 assumpsisse,
1768 2714 1920 2775 atque
1973 2704 2086 2758 ideo

1101 2783 1349 2835 rationem
1392 2780 1763 2848 personalitatis
1821 2796 1887 2832 ex
1946 2775 2086 2848 parte

1103 2864 1315 2909 naturae
1375 2854 1630 2907 humanae
1696 2870 1794 2906 non
1859 2853 2081 2915 adesse,

1102 2931 1217 2999 quia
1261 2930 1387 2981 haec
1428 2944 1690 2997 nunquam
1732 2944 1820 2997 per
1858 2943 1913 2981 se
1968 2929 2085 2981 sub-

1102 3006 1250 3065 stitit,
1274 3004 1360 3054 sed
1403 3019 1603 3070 semper
1632 3004 1774 3054 unita
1802 3001 1989 3056 Verbo,
2014 3031 2085 3041 -—

1105 3078 1241 3130 inter
1282 3079 1613 3144 proprietates
1671 3077 1870 3129 unionis
1928 3077 2086 3146 hypo·

1104 3153 1313 3203 staticae
1353 3151 1478 3202 haec
1530 3157 1607 3202 est
1671 3151 1961 3219 praecipua,
2032 3158 2086 3202 ut

1104 3227 1168 3277 sit
1226 3224 1604 3276 indissolubilis:
1650 3225 1888 3278 videlicet
1951 3225 2083 3293 quod

1104 3298 1347 3359 Verbum,
1392 3306 1496 3350 tam
1537 3301 1788 3352 constanti
1827 3314 1887 3352 ac
1936 3299 2084 3350 indis-

1104 3372 1302 3425 solubili
1346 3388 1479 3425 nexn
1522 3389 1638 3426 cum
1678 3373 1997 3427 humanitate
2026 3387 2081 3423 u-

1149 3502 1197 3543 {4}
1226 3502 1266 3536 V.
1290 3502 1324 3536 S.
1345 3504 1470 3538 Tuom.
1495 3503 1562 3548 Op.
1588 3503 1618 3539 3.
1644 3503 1719 3540 mc.

1148 3547 1198 3590 (5)
1223 3548 1309 3583 Luc.
1333 3546 1364 3582 i.
