2332 3860
222 148 255 201 ἢ
583 163 902 203 ΙΝΤΒΟΠΠΒΤΙΟ
940 163 991 201 ΙΝ
1027 162 1336 201 ‘mmmmm
1376 161 1734 201 THEORETmAM.

106 299 109 301 .
143 252 317 300 autem
351 261 383 299 a
421 244 527 299 Deo
564 244 944 316 supernaturali
983 244 1132 298 modo

144 320 424 382 revelatae,
469 321 610 373 et·ab
651 320 879 373 Ecclesia
918 318 983 372 ad
1023 333 1132 371 cre·

143 394 366 447 dendum
409 395 694 462 propositae
735 395 960 463 doymata
999 409 1131 444 nun-

144 469 431 535 cupanturg
475 468 611 520 unde
643 468 796 520 etiam
839 466 1127 534 disciplina,

141 557 272 610 quae
292 542 378 595 illa
403 542 576 600 tradit,
602 541 922 609 dogmaticae
945 557 1129 592 nomen

141 615 380 668 obtinuit..
435 615 597 668 Huius
637 617 794 682 igitur
831 615 1133 684 prima-rium

141 688 372 742 obiectum
411 690 730 742 constituunt
769 690 1029 757 dogmata3
1063 705 1130 740 se-

142 764 436 815 cundarium
476 771 649 816 autem
690 762 821 815 aliae
862 763 1127 824 veritateS,

143 853 274 906 quae
296 837 358 889 ad
382 838 619 906 dogmata
645 838 959 897 reseruntur,
985 837 1047 889 ad
1072 853 1131 889 ea

140 912 445 979 explicanda
480 914 789 972 inserviunt,
830 919 921 964 aut
964 928 1030 964 ex
1071 912 1132 963 iis

140 985 485 1039 deducuntur.
531 985 783 1038 Convenit
812 987 1043 1054 proinde,
1076 992 1133 1038 ut

138 1060 388 1128 quaedam
419 1062 467 1111 in
511 1077 698 1124 genere
727 1061 782 1112 de
809 1060 1127 1128 (ἰοςιφηαιίὒῑιε,

137 1140 190 1185 et
216 1134 272 1186 de
301 1132 605 1196 veritatibus,
637 1151 746 1187 cum
774 1136 836 1187 iis
877 1151 1127 1196 connexis,

139 1214 225 1259 aut
251 1224 315 1260 βω
332 1208 505 1260 iisdem
544 1209 759 1262 deductis
789 1210 1126 1262 disserantur.

570 1322 698 1381 §aa

346 1418 536 1462 Dogmatis
560 1419 675 1462 notio,
701 1423 738 1453 et
762 1418 948 1462 requisita.

206 1500 405 1569 Dogma
448 1518 634 1554 nomen
676 1518 922 1570 graecum
971 1501 1130 1567 signi-

139 1573 259 1627 ficat
289 1576 557 1643 placitum,
590 1593 680 1628 seu
711 1577 1040 1628 sententiam.
1076 1575 1129 1626 ln

137 1649 190 1701 S.
214 1648 477 1717 Scriptura
506 1651 743 1716 dogmata
763 1651 1006 1701 dicuntur
1019 1665 1131 1701 sen-

137 1724 327 1774 tentiae
361 1723 517 1775 falsae
561 1723 659 1793 (l),
705 1724 912 1775 decreta
953 1739 1126 1774 caesa·

140 1813 224 1848 rea
265 1794 343 1865 (Q)
369 1838 380 1859 ,
433 1813 493 1848 ac
534 1798 860 1850 definitiones
911 1797 1126 1864 Aposto-

139 1870 303 1922 lorum
348 1868 423 1941 (3)
464 1901 536 1909 -
575 1871 681 1924 Usu
725 1888 846 1924 vero
888 1872 1126 1923 ecclesia·

137 1946 267 1996 stico
307 1961 367 1996 ac
408 1947 456 1996 in
498 1945 720 2005 scholis,
765 1952 905 1998 recte
945 1945 1129 2012 dogma

137 2018 406 2071 definitur:
450 2020 616 2071 omnis
644 2026 696 2071 et
734 2020 842 2072 sola
871 2020 1124 2078 doctrina,

139 2108 270 2161 quae
313 2094 363 2145 in
406 2093 579 2147 divina
619 2093 955 2146 Revelatione
1009 2110 1128 2146 con-

137 2168 350 2225 tinetur,
394 2177 445 2218 et
471 2184 500 2220 a
523 2183 646 2220 vera
686 2167 871 2220 Christi
899 2168 1125 2220 Ecclesia

137 2243 439 2309 proponitur
465 2241 741 2294 credenda.
789 2242 868 2294 Ex
897 2242 992 2293 hac
1020 2244 1127 2309 ipsa

137 2315 431 2368 definitione
471 2323 854 2383 cognoscuntur
881 2317 1128 2368 conditio-

135 2404 227 2441 nes
242 2390 303 2441 ad
323 2390 508 2457 dogma
531 2391 825 2459 requisitae.
853 2390 920 2443 Ut
945 2407 1127 2458 nempe

137 2463 366 2516 doctrina
389 2465 639 2532 quaedam
662 2465 725 2517 de
748 2466 901 2517 rebus
917 2465 1122 2525 diviniS‚

135 2544 225 2588 aut
264 2538 324 2589 ad
380 2538 696 2606 Religionem
750 2540 1127 2606 pertinentibus

138 2626 316 2663 verum
345 2611 463 2663 fidei
503 2613 686 2679 dogma
708 2614 1006 2673 constituat,
1052 2630 1123 2665 re·

137 2685 362 2751 quiritur
396 2686 582 2754 primm
626 2693 683 2738 ut
703 2687 767 2738 sit
793 2703 822 2738 a
851 2687 956 2739 Deo
984 2703 1127 2739 reve-

140 2757 244 2808 lata
271 2799 283 2816 ,
329 2765 380 2810 et
418 2760 651 2820 seczmd0,
695 2768 753 2811 ut
792 2761 856 2812 ab
898 2760 1125 2813 Ecclesia

138 2846 237 2899 qua
269 2831 386 2883 talis
413 2834 670 2885 credenda
687 2842 1003 2902 proponatur
1025 2834 1122 2905 (li).

213 2905 265 2956 1.
291 2903 637 2975 Quaecunque
669 2908 860 2959 veritas
890 2909 1126 2976 religiosa

140 2984 382 3046 tanquam
400 2979 515 3030 fidei
532 2981 817 3033 catholicae
838 2981 1023 3048 dogma
1051 2999 1127 3034 as·

138 3053 346 3112 seritur,
372 3052 524 3105 debet
550 3069 659 3106 esse
687 3072 715 3106 a
744 3055 850 3107 Deo
872 3056 1123 3116 revelata,

141 3124 219 3176 vel
250 3127 299 3176 in
329 3125 393 3179 V.
425 3125 483 3177 T.
518 3143 606 3194 per
642 3128 876 3196 Moysen,
907 3129 1129 3196 Prophe-

140 3204 218 3251 tas
257 3204 309 3251 et
347 3200 474 3251 alios
513 3202 791 3270 scriptores
830 3205 1123 3265 canoni008‚

184 3341 233 3387 (1)
261 3343 341 3378 Job.
367 3342 421 3383 13,
446 3343 479 3378 4.

183 3386 220 3508 {2
261 3389 346 3421 Luc.
371 3388 405 3426 2.
430 3387 464 3422 1.
487 3393 546 3422 etc
585 3390 662 3422 Act.
689 3389 744 3431 17,
765 3389 799 3424 7.

200 3431 219 3466 3
259 3434 335 3465 Act.
362 3432 418 3473 16,
439 3432 473 3466 4.

188 3474 236 3520 ¹4)
259 3476 310 3509 Ct'.
338 3476 516 3509 veronius
530 3476 569 3510 in
584 3476 720 3518 Regula
738 3477 834 3519 fidei,
853 3486 931 3522 cap.
950 3478 982 3520 1,
1000 3477 1024 3522 ,ξ
1039 3478 1072 3513 2.

181 3518 235 3560 ,51
260 3520 385 3554 Matth.
411 3521 444 3555 6.
471 3520 526 3555 17.
554 3521 661 3555 Πρω.
688 3520 723 3562 1,
749 3521 781 3557 1.

1194 244 1275 296 vel
1314 244 1365 296 in
1403 241 1465 296 N.
1508 241 1567 302 T.
1600 258 1691 312 per
1725 239 1997 312 Apostolos
2036 247 2086 295 et
2113 239 2185 294 Ε-

1192 316 1528 386 vangelistas3
1572 332 1685 378 seu,
1729 315 1865 385 quod
1905 316 2040 369 idem
2079 322 2181 377 est,

1188 390 1343 444 debet
1369 407 1481 444 esse
1521 390 1751 443 revelata
1778 407 1808 442 a
1832 388 2055 451 Christe,
2098 389 2184 459 qui

1194 466 1383 517 veteris
1410 463 1630 517 foederis
1645 464 2036 517 Revelationem
2063 480 2186 516 con·

1191 538 1451 598 firmavit,
1495 545 1547 590 et
1587 537 1793 606 plenam
1834 538 2186 591 Revelationis

1193 612 1359 664 lucem
1425 611 1598 664 attulit
1665 610 1761 682 (ὅ).
1827 612 2023 665 Idcirco
2063 611 2186 679 legi·

1192 693 1275 738 tur
1310 684 1407 756 (6):
1432 686 1547 756 fides
1573 702 1635 738 em
1654 686 1848 747 auditu,
1874 686 2077 738 auditus
2096 702 2188 738 au-

1192 767 1285 811 tem
1305 776 1395 828 per
1420 761 1624 812 verbum
1664 758 1877 821 Christe}
1905 759 2034 811 fides
2063 775 2187 828 ergo

1192 834 1386 896 divina,
1431 850 1562 902 quac
1603 833 1818 886 cuilibet
1845 833 2071 900 dogmati
2100 835 2187 886 de·

1192 908 1362 969 betur,
1405 908 1635 967 verbum,
1680 924 1771 960 seu
1812 907 2187 961 revelationem

1192 981 1377 1034 Christi
1420 998 1510 1050 pro
1564 983 1805 1050 primario
1856 998 1948 1034 suo
2002 982 2188 1035 funda·
2247 1007 2251 1010 ’

1194 1063 1364 1109 mento
1383 1058 1597 1124 requirit
1626 1055 1723 1127 (7).
1744 1055 1995 1118 Quoniam
2012 1064 2188 1109 autem

1193 1130 1457 1183 Revelatio
1498 1131 1671 1183 divina
1714 1132 1763 1182 in
1814 1130 2005 1199 duplici
2047 1131 2188 1184 fonte

1193 1207 1516 1266 continetur,
1577 1205 1819 1257 nimirum
1861 1206 1912 1257 in
1954 1205 2008 1257 S.
2053 1205 2190 1258 Scri·

1195 1285 1342 1346 ptura
1365 1287 1416 1331 et
1443 1279 1757 1339 Traditione,
1790 1279 1927 1332 haud
1951 1295 2190 1332 necessa-

1196 1354 1267 1405 rio
1307 1354 1620 1422 requiritur,
1665 1361 1722 1406 ut
1762 1353 1995 1406 doctrina
2036 1355 2086 1406 in
2128 1353 2183 1407 S.

1191 1426 1458 1495 Scriptura
1484 1444 1729 1495 expressa
1754 1429 1978 1495 legatum
2003 1430 2093 1481 sed
2122 1428 2189 1480 ad

1193 1502 1615 1554 constituendum
1656 1503 1841 1569 dogma
1883 1501 2099 1563 sufficit,
2133 1509 2190 1554 ut

1193 1577 1520 1628 contineatur
1559 1577 1611 1628 in
1653 1577 1827 1628 divina
1867 1575 2185 1629 Traditione:

1192 1656 1396 1702 constat
1436 1651 1612 1711 enim,
1664 1666 1764 1702 non
1825 1652 1998 1702 omnia
2057 1666 2190 1719 quae

1190 1722 1423 1775 Christus
1455 1724 1646 1783 docuit,
1680 1741 1707 1774 a
1730 1725 1991 1776 canonicis
2011 1732 2189 1777 aucto-

1192 1797 1332 1849 ribus
1373 1799 1663 1865 conscripta
1716 1813 1849 1859 esse,
1894 1798 1982 1850 sed
2025 1799 2191 1851 multa

1191 1871 1356 1923 solum
1382 1888 1469 1938 per
1496 1871 1689 1924 oralem
1720 1873 2095 1925 institutionem
2123 1873 2188 1926 ad

1192 1961 1284 1997 nos
1325 1947 1630 1998 transmissa
1671 1962 1783 1998 esse
1826 1945 1922 2016 (8).

1263 2021 1316 2070 Ξ.
1382 2020 1461 2073 Ad
1521 2020 1706 2087 dogma
1766 2021 2189 2074 constituendum

1192 2094 1344 2145 etiam
1386 2096 1685 2162 requiritur,
1731 2102 1787 2147 ut
1827 2095 2062 2148 doctrina
2114 2097 2190 2149 di-

1193 2169 1384 2220 vinitus
1431 2170 1662 2221 revelata
1701 2186 1803 2238 qua
1844 2170 1961 2222 talis
2001 2171 2066 2223 ab
2092 2170 2188 2223 Ec·

1189 2241 1345 2294 clesia
1373 2243 1626 2295 catholica
1647 2244 1710 2295 ad
1735 2244 2050 2297 credendum
2075 2261 2188 2312 pro-

1191 2323 1430 2384 ponatur.
1462 2315 1696 2369 Christus
1736 2320 1873 2370 enim
1902 2319 2194 2371 Ecclesiam·

1191 2399 1434 2459 tanquam
1463 2392 1822 2444 authenticum
1863 2399 1915 2445 et
1947 2392 2188 2445 infallibi-

1193 2465 1291 2516 lem
1334 2465 1684 2518 Revelationis
1732 2468 2070 2535 interpretem
2110 2468 2186 2518 in-

1191 2540 1376 2599 stituit,
1420 2539 1801 2608 fidelibusque,
1844 2548 1902 2593 ut
1941 2557 2055 2594 eam
2095 2557 2188 2592 au-

1192 2613 1355 2673 diant,
1377 2615 1638 2682 praecepit
1666 2612 1763 2685 (9).
1786 2613 2031 2676 Quamvis
2059 2631 2185 2683 ergo

1191 2694 1400 2748 cuncta,
1444 2703 1576 2756 quae
1602 2688 1740 2741 Deus
1768 2688 2042 2750 revelavit,
2074 2706 2186 2742 cer·

1194 2761 1388 2812 tissime
1429 2777 1553 2813 vera
1594 2762 1715 2823 sint,
1755 2763 1856 2815 imo
1884 2763 2012 2816 falsa
2042 2764 2185 2816 nullo

1193 2835 1341 2886 modo
1361 2851 1473 2887 esse
1498 2836 1709 2903 possint,
1735 2843 1963 2889 attamen
1988 2853 2053 2889 ex
2077 2838 2185 2905 ipsa

1192 2908 1378 2961 Christi
1401 2909 1723 2962 ordinatione
1749 2910 1998 2962 divinitus
2022 2911 2184 2963 factas

1192 2983 1534 3036 revelationes
1573 2983 1638 3034 ab
1679 2983 1910 3036 Ecclesia
1948 2986 2183 3052 accipere

1192 3055 1437 3108 debemus
1462 3097 1475 3115 ,
1518 3072 1648 3124 quae
1697 3056 2032 3111 infallibiliter
2072 3065 2183 3111 tum

1191 3129 1342 3180 effata
1383 3129 1554 3180 divina
1597 3135 1936 3191 contestatur,
1969 3137 2078 3184 tum
2104 3147 2182 3185 rc-

1191 3209 1331 3254 ctum
1371 3203 1651 3254 eorundem
1693 3219 1904 3257 sensum
1945 3206 2176 3274 exponit.

1189 3275 1328 3327 Haec
1367 3275 1460 3327 fuit
1498 3275 1589 3328 SS.
1642 3275 1851 3330 Patrum
1913 3279 2176 3341 doctrina,

1234 3389 1286 3433 (6)
1311 3390 1416 3424 Rom.
1439 3389 1496 3433 10,
1523 3390 1578 3426 17.

1234 3433 1286 3477 (7)
1312 3434 1362 3468 (if.
1391 3435 1517 3476 Ephes.
1532 3435 1565 3470 2.
1585 3434 1760 3471 20.1cor.
1783 3435 1817 3478 3,
1841 3436 1896 3472 11.
1914 3437 2066 3473 I'l'hess.
2084 3437 2174 3480 2,st

1233 3477 1285 3520 (8)
1311 3478 1349 3512 V.
1374 3478 1440 3512 Th.
1466 3488 1550 3521 gen.
1577 3480 1615 3513 Ρ.
1641 3479 1674 3516 3.
1698 3481 1792 3516 sect.
1819 3481 1851 3518 1.
1873 3490 1903 3515 c.
1932 3481 1955 3516 l.

1231 3521 1283 3565 (9)
1309 3522 1348 3556 V.
1373 3522 1439 3556 Th.
1466 3531 1549 3563 gen.
1575 3523 1613 3558 P.
1634 3523 1668 3564 3,
1691 3524 1784 3560 Sect.
1812 3525 1844 3559 2.

2320 3259 2332 3380 i

2317 3437 2332 3467 'E‘

2301 3402 2332 3860 Ξ
