2332 3860
638 190 755 227 PARS
791 189 846 227 ¹1.

889 187 1053 227 ssc'rlo
1091 189 1126 225 1.
1172 187 1322 228 CAPUT
1359 187 1432 225 ut.

1885 171 1991 226 269
2013 218 2016 220 Α

26 273 164 332 ma·
177 264 539 330 nominantur,
581 271 698 338 quia
747 286 777 322 a
816 269 922 323 Deo
960 269 1022 323 ad
1084 267 1311 337 Angelos
1347 269 1398 321 in
1427 265 1664 321 adductis
1692 267 1942 337 exemplis
1973 285 2071 323 non

24 349 193 417 valteri
239 341 661 400 subveniendum
727 346 890 406 moti,
933 359 1023 396 seu

24 421 186 477 unrissi
219 407 520 473 eredtfbtur.
564 418 649 471 Sic
684 434 806 486 ergo
845 418 1026 471 Petrus

29 497 111 553 tab
148 496 254 564 ipso
284 508 547 546 carcerum
588 494 835 555 custode,
877 494 1027 545 mise-

25 568 350 630 trivcordia‘in
393 568 530 636 pium
573 567 738 619 virum
782 572 937 626 moto,
969 566 1028 617 li-

24 642 227 701 tbertati
266 642 535 694 restitutus
580 648 676 693 est.
734 639 1027 693 Cornelium

24 717 244 773 »iuvenis
282 716 488 785 quidam
530 731 595 767 ex
633 714 785 783 Ioppe
842 714 904 767 de
944 730 1026 766 ae·

23 790 288 845 icersendo
330 789 477 842 Petro
514 789 782 842 admonuit
819 795 920 842 etc.
951 787 1026 841 lta

27 864 272 920 lEikhnrn
311 870 363 916 et
402 865 506 917 alii.

115 937 254 1008 Hesp.
298 938 543 1002 Quamvis
582 938 760 1005 negari
787 944 1027 1022 nequeat,

27 998 275 1067 'homines
325 1012 565 1065 hincinde
611 1012 834 1079 Angelos
889 1012 923 1063 i.
975 1027 1022 1063 e.

46 1088 252 1141 nuntios
292 1088 559 1156 appellari,
603 1094 802 1139 certum
855 1093 1027 1139 tamen

46 1161 233 1231 pariter
271 1168 368 1223 est,
411 1161 635 1230 Angelos
673 1162 881 1229 spiritus
919 1160 1030 1212 fini-

45 1241 142 1297 toS,
173 1235 463 1288 hominibus
485 1236 880 1304 praestan—tiores
908 1250 1027 1287 vere

46 1310 264 1363 existere
306 1308 359 1380 (S
399 1309 548 1379 457).
602 1309 709 1372 Quo
756 1311 866 1362 iure
907 1325 1027 1374 ergo

45 1398 134 1454 per
171 1382 396 1453 Angelos
423 1383 667 1437 beneficia
690 1391 1028 1453 praestanteS‚

44 1473 245 1526 semper
285 1458 516 1511 homines
555 1466 605 1510 et
633 1474 894 1527 nunquam
923 1458 1030 1527 Spi-

44 1533 173 1586 ritus
213 1532 536 1585 sublimiores
589 1532 905 1600 intelligendi
957 1533 1031 1583 di-

40 1607 255 1661 cuntur?
298 1627 320 1655 «
364 1606 472 1660 Non
499 1606 666 1668 viden,
697 1608 769 1659 ait
795 1607 869 1661 Cl.
896 1607 1032 1659 Dob-

42 1695 186 1751 mayr
226 1678 322 1751 (l),
366 1680 516 1750 quale
558 1681 896 1734 theoreticum
942 1688 1031 1734 aut

43 1755 326 1825 practieum
385 1755 790 1808 emolumentum
830 1772 894 1808 ex
934 1755 1030 1807 hac

42 1845 177 1883 nova
217 1830 423 1896 exegesi
471 1836 765 1882 enascatur.
817 1850 837 1877 »
882 1828 1030 1881 Certe

43 1901 172 1956 haec
200 1919 300 1956 non
328 1904 426 1956 alio
448 1904 633 1965 tendit,
660 1905 755 1956 nisi
783 1910 840 1955 ut
867 1904 1029 1971 ipsam

44 1978 372 2031 existentiam
429 1976 746 2045 Angelorum
795 1994 859 2030 ex
897 1978 1031 2031 Seri-

45 2058 196 2121 ptura
236 2052 481 2106 eliminet.
522 2052 684 2116 Quam
711 2053 904 2106 absona
942 2069 1032 2105 au-

45 2132 149 2179 tem
189 2128 255 2179 sit
296 2126 411 2179 talis
467 2127 900 2180 rationalistarum
960 2128 1033 2179 in-

47 2202 364 2269 terpretatio,
407 2201 555 2253 facile
595 2208 733 2270 patet
773 2201 957 2254 saltem
983 2218 1034 2253 a·

45 2273 183 2344 liqua
206 2275 339 2328 facta
359 2274 546 2328 biblica
568 2276 927 2328 consideranti.
948 2275 1033 2328 Sic

46 2363 94 2405 e.
125 2365 176 2417 g.
208 2365 274 2401 an
315 2349 453 2401 credi
492 2356 657 2417 potest
682 2350 1031 2404 Abrahamum

46 2422 110 2476 ad
148 2422 361 2475 alterius
389 2423 609 2476 hominis
631 2440 808 2477 vocem
849 2426 913 2477 ab
940 2426 1032 2476 im-

46 2496 231 2564 plendo
270 2498 512 2550 mandato
540 2497 714 2550 divino
754 2499 1029 2559 destitisse,

46 2571 129 2639 qui
170 2587 229 2623 eo
255 2571 363 2640 ipso
403 2578 631 2639 tempore
671 2580 729 2625 ut
767 2573 931 2625 Deum
974 2574 1034 2625 ti-

48 2661 192 2698 mens
233 2644 512 2698 laudatur?
552 2646 630 2698 An
672 2646 860 2706 Iudith,
902 2663 1034 2716 quae

15 2738 20 2742 ⁴
47 2733 165 2772 eum
184 2719 292 2772 sola
312 2735 462 2771 serva
477 2735 543 2771 ex
564 2720 800 2773 Bethulia
828 2737 1033 2789 egressa

49 2800 145 2855 est,
189 2810 280 2862 per
317 2793 543 2862 aliquem
577 2794 836 2846 hominem
877 2797 928 2847 in
955 2811 1036 2847 ca-

48 2868 165 2920 stris
214 2867 546 2937 Assyriorum
604 2869 858 2921 custodita
916 2869 1035 2921 est?

48 2940 127 2994 An
166 2941 317 2994 homo
376 2941 584 3011 quidam
631 2944 860 2994 excussit
897 2942 1037 2997 flam-

8 3052 9 3055 *
49 3028 184 3068 mam
225 3016 394 3084 ignis,
454 3031 518 3067 ne
558 3016 723 3069 tribus
776 3017 946 3084 pueris
984 3018 1034 3069 in

50 3089 253 3142 fornace
295 3089 528 3142 noceret?
556 3119 621 3128 —
652 3090 803 3144 Certe
831 3091 959 3143 haec
986 3108 1038 3143 e-

24 3164 252 3231 ‘xempla
281 3162 561 3229 sufficiunt,
589 3170 644 3216 ut
671 3167 924 3218 maximas
950 3166 1039 3218 ab·

0 3242 10 3248 ’
51 3237 325 3290 surditates
350 3237 643 3299 ostendant,
668 3255 795 3308 quas
815 3241 1036 3293 rationa-

54 3308 283 3363 list'arum
318 3314 551 3379 exegesis
586 3314 857 3382 progignit.
884 3313 1037 3367 Deni-

52 3398 152 3451 que
171 3382 506 3454 S.Scriptura
536 3388 679 3439 iuxta
723 3387 910 3440 lineam
941 3396 1040 3441 tra·

54 3455 271 3510 ditionis*
303 3461 610 3527 exponenda
649 3467 748 3525 est,
791 3478 921 3533 quae
948 3479 1039 3533 per

19 3567 34 3615 s
99 3556 345 3604 (usmaro
366 3564 443 3599 not.

1088 344 1336 406 homines,
1384 343 1472 395 sed
1513 342 1732 410 Spiritus
1766 341 2076 402 ,hominibus

1087 418 1481 487 praestantiores
1509 432 1711 485 semper
1746 415 2021 469 intellexit.

1161 492 1264 545 Obi.
1293 493 1369 543 2⁸
1398 491 1639 544 Doctrina
1666 489 1728 543 de
1761 488 2077 557 Angelorum

1088 567 1316 619 custodia
1359 570 1552 634 pugnat
1590 570 1766 617 contra
1801 565 1960 633 ipsius
1986 564 2078 617 Dei

1088 640 1429 705 dignitatem,
1471 639 1591 709 quia
1648 654 1714 691 ex
1762 638 1850 691 illa
1904 638 2080 691 inferri

1089 714 1259 775 debet,
1304 714 1469 766 Deum
1507 720 1598 766 aut
1639 728 1737 765 non
1782 728 1949 782 posse,
1988 720 2080 766 aut

1089 805 1188 842 non
1228 787 1363 840 velle
1404 788 1637 840 homines
1674 803 1764 855 per
1804 803 1858 840 se
1897 787 2084 856 guber-

1090 878 1231 916 nare.
1276 862 1374 914 Sed
1414 861 1553 915 Deus
1592 864 1917 929 omnipotens
1958 868 2075 923 est,

1089 944 1140 989 et
1185 936 1429 989 ministris
1486 952 1586 989 non
1636 936 1876 1004 indiget3
1928 942 2084 1005 atque

1090 1013 1255 1080 ipsum
1325 1018 1586 1080 tamquam
1651 1011 2084 1078 benignissimum

1090 1087 1293 1138 Patrem
1320 1086 1382 1137 de
1409 1085 1703 1137 hominibus
1731 1101 1908 1138 curam
1931 1101 2085 1154 agere

1092 1160 1244 1221 velle,
1290 1160 1506 1228 plurima
1546 1159 1931 1227 Scripturarum
1972 1160 2083 1212 loca

1090 1234 1384 1295 ostendunt,
1432 1234 1563 1286 unde
1605 1232 1682 1305 (Q)
1726 1233 1933 1302 legitur:
1965 1234 2087 1286 Ecce

1090 1325 1185 1359 non
1214 1308 1512 1370 dormitabit,
1553 1324 1706 1376 neque
1732 1308 1958 1368 dormiet,
1999 1308 2087 1377 qui

1090 1385 1295 1435 custodit
1322 1383 1494 1435 Israel.
1530 1382 1663 1451 Ergo
1703 1383 1937 1435 custodia
1979 1384 2086 1435 An·

1090 1457 1324 1523 gelorum
1365 1473 1754 1524 supervacanea
1790 1464 1888 1522 est,
1920 1463 1972 1509 et
1999 1457 2086 1526 qui

1092 1532 1226 1584 hanc
1266 1538 1576 1600 propugnat,
1617 1539 1781 1584 rectos
1821 1531 1883 1583 de
1911 1530 2087 1584 divina

1094 1607 1415 1675 providentia
1438 1613 1717 1675 conceptus
1743 1606 2006 1667 obscurat,
2038 1612 2089 1659 et

1092 1681 1456 1733 confidentiam
1497 1697 1619 1748 erga
1661 1680 1825 1732 Deum
1865 1680 2084 1743 minuit,

1093 1757 1165 1808 uti
1204 1772 1303 1808 non
1333 1756 1589 1807 immerito
1617 1754 1748 1807 Kant
1774 1754 2087 1809 observavit.

1166 1829 1307 1895 Hesp.
1352 1829 1601 1882 Catholici
1643 1831 1728 1898 qui
1771 1828 2088 1896 Angelorum

1093 1904 1378 1955 custodiam
1420 1903 1701 1955 admittunt
1741 1910 1792 1955 et
1833 1902 2086 1965 credunt,

1094 1978 1411 2038 nullatenuS,
1456 1977 1621 2030 Deum
1650 1985 1758 2030 tum
1799 1993 1944 2045 posse
1978 1984 2088 2030 tum

1095 2051 1228 2104 velle
1269 2053 1331 2105 de
1372 2052 1662 2105 hominibus
1690 2067 1870 2104 curam
1910 2067 2085 2120 agere,

1094 2127 1144 2178 in
1187 2126 1399 2179 dubium
1428 2134 1634 2179 vocant.
1667 2126 1858 2179 Omnes
1900 2134 2090 2180 norunt

1094 2202 1519 2270 omnipotentiam
1547 2201 1796 2263 divinam,
1840 2217 1972 2270 quae
1996 2217 2091 2253 nec

1097 2276 1328 2328 ministro
1359 2291 1453 2327 nee
1482 2276 1714 2327 adiutore
1743 2275 1956 2344 indiget.
1989 2275 2089 2328 Sed

1095 2358 1205 2402 tum
1233 2350 1549 2402 revelatione
1600 2357 1707 2403 tum
1748 2351 1946 2403 ratione
1976 2350 2093 2402 edo-

1095 2424 1163 2476 cti
1176 2425 1343 2476 sciunt
1360 2424 1522 2476 Deum
1543 2424 1920 2492 providentiam
1942 2439 2089 2476 suam

1098 2499 1281 2567 partim
1311 2498 1625 2559 immediate,
1654 2499 1837 2566 partim
1869 2498 2092 2552 mediate

1096 2588 1339 2625 exercere
1379 2572 1533 2624 velle.
1578 2572 1662 2624 Sic
1691 2587 1812 2640 ergo
1839 2571 1978 2624 Deus
2006 2571 2093 2625 ho·

1097 2648 1280 2708 mineS,
1314 2648 1586 2715 praecipue
1615 2647 1807 2699 electos
1833 2647 2092 2714 gubernat

1098 2728 1206 2773 tum
1236 2721 1531 2774 immediate
1557 2737 1654 2773 sua
1679 2721 1846 2788 gratia
1875 2737 1975 2790 qua
2004 2737 2091 2774 eos

1098 2795 1356 2847 illuminat
1395 2802 1446 2847 et
1486 2802 1678 2855 movet,
1725 2802 1835 2847 tum
1870 2794 2091 2848 mediate

1099 2886 1187 2938 per
1226 2869 1475 2937 AngeloS,
1519 2885 1645 2938 quos
1685 2884 1898 2921 suorum
1938 2870 2093 2922 bene-

1097 2943 1332 2996 ficiorum
1373 2943 1635 2996 ministros
1662 2958 1774 2996 esse
1811 2943 1990 2997 voluit.
2017 2942 2093 2997 Si·

1099 3017 1206 3069 mili
1247 3016 1394 3070 modo
1435 3017 1721 3070 Ecclesiam
1761 3033 1910 3071 suam
1962 3019 2094 3087 regit

1098 3098 1207 3144 tum
1234 3091 1530 3144 immediate
1555 3107 1644 3159 per
1670 3090 1891 3160 Spiritus
1917 3090 2093 3145 Sancti

1098 3166 1468 3227 assistentiam,
1501 3172 1610 3219 tum
1634 3165 1855 3219 mediate
1884 3182 1974 3236 per
2002 3163 2092 3219 Pa-

1098 3247 1283 3301 storeS,
1315 3255 1442 3308 quos
1475 3240 1643 3308 posuit
1670 3239 1930 3293 Ecclesiae
1967 3256 2092 3293 suae

1099 3320 1363 3366 curatores
1402 3319 1455 3366 et
1502 3314 1781 3382 praesides.
1836 3314 1900 3367 Et
1937 3330 2092 3383 gene-

1101 3389 1272 3448 ratim,
1317 3388 1555 3456 quamvis
1583 3388 1719 3441 Deus
1761 3389 1958 3441 infinita
1999 3403 2091 3439 sua

1100 3462 1291 3513 virtute
1320 3463 1490 3517 omnia
1518 3463 1815 3517 immediate
1843 3462 2089 3532 perficere

1150 3563 1201 3609 (2,
1225 3564 1281 3601 Ps.
1309 3563 1387 3610 120,
1411 3564 1446 3601 4.
