2332 3860
335 178 440 235 51¹2

260 277 363 333 fata
400 279 452 333 in
492 279 690 335 coelum
734 287 924 350 raptos.
979 278 1125 334 Tales
1163 295 1254 332 au·

262 360 362 407 tem
402 355 604 408 fabulae
656 356 838 409 merito
894 356 960 410 ab
1017 354 1253 408 omnibus

259 426 559 482 Christianis
600 430 919 491 reficiuntur,
965 436 1139 496 utpote
1174 445 1252 482 re·

258 511 370 555 ctae
412 505 591 556 rationi
620 511 797 572 aperte
824 503 1250 571 contradicenteS,

257 569 388 645 quae
417 577 580 631 Deum
620 585 889 631 aeternum
918 584 968 629 et
999 578 1252 645 perfectis-

200 669 202 675 ·
256 652 697 726 simumSpiritum
723 669 833 705 esse
855 653 1132 719 cognoscit.
1154 651 1250 704 Eo-

257 725 371 778 dem
403 727 550 779 modo
574 727 888 795 repudianda
915 733 994 779 est
1020 726 1248 778 doctrina

256 799 320 852 de
359 799 741 862 lucarnatione‚
786 817 915 870 quae
955 800 1118 853 Deum
1161 817 1249 852 na·

259 879 387 935 tum,
423 883 746 944 conceptum,
784 890 994 943 corpore
1032 876 1248 928 circum-

256 950 500 1018 scriptum
542 957 642 1001 etc,
689 951 941 1018 proponit.

328 1023 467 1093 Resp.
511 1023 733 1078 Maxima
785 1023 1019 1091 impietas
1058 1030 1109 1075 et
1166 1039 1250 1075 ve·

257 1099 398 1152 sania
438 1105 534 1158 est,
578 1098 982 1150 Christianorum
1023 1096 1083 1148 de
1121 1097 1247 1151 Ver-

255 1173 319 1225 bo
359 1174 623 1224 incarnato
663 1172 949 1224 doctrinam
988 1187 1245 1224 commen-

256 1248 320 1299 tis
377 1246 698 1298 ethnicorum
747 1246 1097 1315 aequiparare.
1169 1246 1245 1298 Ab

254 1319 333 1373 his
372 1322 507 1372 enim
546 1320 633 1372 illa
676 1328 783 1373 tum
817 1320 1104 1380 authentia,
1136 1326 1245 1372 tum

256 1396 457 1447 interna
499 1402 703 1456 natura,
763 1401 870 1446 tum
932 1393 1034 1445 fine
1092 1410 1244 1462 quam

256 1470 477 1522 maxime
511 1469 695 1521 differt.
722 1468 864 1531 Quae
890 1469 1023 1520 enim
1053 1468 1243 1520 ethnici

251 1544 304 1595 in
343 1559 434 1596 sua
476 1543 790 1612 mythologie
837 1541 1200 1595 fabulabantur
1227 1584 1239 1604 ,

251 1617 393 1671 nullo
433 1618 728 1670 authentico
775 1623 1107 1669 monumento
1172 1618 1244 1668 in·

250 1693 567 1753 nitebantur,
611 1691 698 1744 sed
741 1698 941 1743 tantum
999 1708 1063 1742 ex
1130 1697 1243 1759 poe-

250 1773 419 1818 tarum
462 1766 771 1827 fictionibuS,
797 1772 886 1818 aut
907 1782 969 1817 ex
1002 1772 1240 1834 corrupta

251 1848 302 1893 et
358 1841 615 1894 erroribus
682 1841 874 1908 repleta
941 1840 1237 1908 populorum

249 1910 520 1967 traditione
560 1915 807 1979 originem
830 1913 1121 1966 trahebant..
1150 1913 1241 1966 Ast

248 1989 477 2041 doctrina
518 1988 579 2040 dc
612 1987 763 2042 Verbi
794 1988 1148 2040 lncarnatione
1175 2004 1239 2040 ex

246 2062 555 2114 authenticis
595 2069 646 2113 et
684 2061 1033 2114 infallibilibus
1062 2078 1238 2114 monu-

247 2139 453 2198 mentiS,
499 2151 681 2203 nempe
720 2153 784 2188 ex
824 2135 993 2188 Sacris
1032 2135 1149 2191 Vet.
1189 2144 1239 2189 et

245 2209 309 2264 N.
379 2210 517 2263 Test.
582 2210 724 2263 libris
771 2211 1035 2279 probatur,
1092 2211 1239 2263 innu-

246 2286 401 2337 meris
442 2285 701 2336 miraculis
765 2285 1119 2347 confirmatur‚
1188 2292 1238 2337 et

244 2358 548 2412 firmissimis
608 2357 961 2412 credibilitatis
1034 2360 1237 2412 motivis

245 2434 497 2486 innititur.
543 2432 814 2485 Praeterea
854 2433 1045 2485 ethnici
1086 2441 1237 2486 autu·

245 2508 475 2568 mebant,
519 2506 639 2559 deos
680 2508 901 2576 deasque
941 2524 1058 2560 cum
1118 2524 1236 2560 con-

245 2583 537 2650 ciperentur
595 2588 646 2633 et
706 2589 1060 2642 nascerentur,
1130 2584 1236 2634 exi·

243 2656 488 2708 stentiam
516 2671 661 2707 suam
691 2656 961 2723 incepisse,
994 2657 1102 2724 ipsa
1130 2673 1238 2709 cor·

245 2746 366 2797 pora
398 2730 458 2782 ad
497 2729 780 2781 divinitatis
819 2731 1092 2782 essentiam
1124 2747 1236 2798 per·

244 2805 438 2863 tinere,
500 2804 676 2872 eisque
730 2804 863 2856 sicut
914 2820 1011 2856 non
1070 2813 1234 2856 aeter·

243 2878 457 2930 nitatem
524 2878 594 2930 ita
652 2893 747 2930 nec
822 2878 1232 2946 spiritualitatem

242 2957 294 3003 et
340 2952 734 3004 immensitatem
789 2960 1097 3021 competere.
1143 2956 1234 3005 Ast

240 3025 386 3076 iuxta
427 3026 711 3078 doctrinam
751 3026 1083 3079 christianam
1113 3026 1234 3079 Ver-

241 3098 386 3157 bum,
430 3100 560 3167 quod
602 3102 654 3151 in
710 3109 937 3168 tempore
997 3108 1234 3153 naturam

242 3171 522 3225 humanam
564 3176 859 3243 assumpsit,
903 3175 967 3228 ab
1025 3182 1234 3227 aeterno

244 3246 436 3307 extitit,

243 3326 359 3389 post
399 3320 636 3373 unionem
665 3322 1037 3390 simplicissima
1065 3331 1116 3376 et
1143 3323 1234 3375 im-

244 3409 426 3447 mensa
464 3401 657 3446 manet.
703 3395 930 3466 Denique
980 3413 1110 3466 quae
1171 3397 1234 3450 ab

246 3467 464 3521 ethnicis
503 3467 565 3519 de
618 3468 811 3536 origine
851 3477 902 3522 et
951 3471 1066 3523 fatis
1124 3471 1238 3523 deo-

249 3557 366 3596 rum
387 3541 699 3597 dearumuue
727 3545 1107 3601 asserebantur.
1135 3560 1232 3597 non

504 3248 716 3316 eiusque
795 3250 1012 3302 essentia
1080 3250 1250 3305 etiam.

678 199 740 235 DE
780 199 871 235 nti«)
913 198 1047 237 LAPSI
1086 199 1274 236 HUMANI
1313 198 1515 236 GENERIS
1554 197 1891 237 REDEMPTORE.

1313 278 1376 332 ad
1418 280 1612 334 nobiles
1651 286 1702 333 et
1739 279 1997 343 honestOS,
2040 279 2129 335 sed
2193 279 2302 352 ple-»t

1315 370 1528 424 rumque
1566 355 1631 407 ad
1670 356 1865 408 inanes·
1887 363 1977 408 aut
2025 356 2179 408 etiam
2235 355 2332 411 Μ’

1313 434 1490 497 turpes
1529 429 1656 482 fines
1683 429 2058 482 referebantur.
2087 429 2188 482 Sed
2215 429 2312 483 In-‘

1313 504 1543 556 carnatio
1583 518 1648 555 ex
1687 503 2061 572 sapientissimo
2087 504 2300 558 consilio

1312 577 1516 629 decreta
1556 583 1608 630 et
1645 577 1708 630 ad
1737 577 1890 630 finem
1928 578 2301 631 nobilissimum

1312 657 1363 703 et
1401 651 1795 704 saluberrimum
1835 652 2028 705 directa
2068 651 2182 716 fuit,
2241 659 2300 707 ιη

1311 725 1411 778 iam
1454 726 1720 793 probatum
1761 732 1856 778 est.

1384 798 1490 853 obi.
1537 800 1619 851 2⁸
1663 799 1753 851 llla
1793 799 2024 853 doctrina
2079 799 2299 854 absurda

1311 880 1361 926 et
1403 875 1585 926 rationi
1625 889 1919 942 repugnans
1983 880 2099 936 est,
2168 890 2298 944 quae

1312 947 1414 1000 Deo
1444 947 1779 1000 mutationem
1807 948 2082 1012 adscribit3
2112 948 2295 1001 immu-

1311 1022 1532 1075 tabilitas
1573 1022 1708 1074 enim
1750 1022 1838 1074 Dei
1880 1037 1945 1074 ex
1986 1022 2180 1074 ratione
2243 1029 2296 1076 et

1309 1097 1620 1149 revelatione
1641 1097 1925 1150 certissima
1942 1102 2036 1148 est.
2062 1096 2299 1151 Admissa

1308 1178 1480 1223 autem
1523 1170 1878 1223 incarnatione
1918 1171 2071 1223 etiam
2131 1178 2298 1223 muta·

1310 1246 1375 1297 tio
1416 1246 1465 1297 in
1507 1245 1611 1298 Deo
1653 1245 1785 1298 facta
1831 1244 2157 1298 concedenda
2196 1252 2292 1298 est.

1307 1318 1434 1371 Nam
1474 1319 1559 1371 ille
1601 1335 1721 1371 vere
1761 1326 1813 1372 et
1851 1319 2127 1371 intrinsece
2185 1335 2295 1371 mu-

1307 1400 1464 1454 tatur,
1508 1394 1591 1462 qui
1634 1408 1755 1445 vere
1795 1400 1845 1446 et
1896 1394 2172 1446 intrinsece
2224 1394 2297 1445 in·

1306 1467 1428 1535 cipit
1470 1468 1598 1519 uniri
1662 1472 1905 1528 naturae,
1974 1467 2055 1519 cui
2121 1467 2295 1520 unitus

1305 1548 1455 1593 antea
1496 1558 1597 1594 non
1656 1548 1785 1594 erat.
1851 1541 2004 1610 Atqui
2068 1539 2295 1595 Verbum

1306 1616 1557 1683 divinum,
1601 1616 1643 1667 si
1692 1630 1897 1668 carnem
1965 1630 2086 1667 vere
2151 1631 2294 1668 assu·

1306 1697 1486 1751 meret,
1531 1705 1651 1743 vere
1706 1706 1766 1742 ac
1824 1690 2097 1742 intrinsece
2162 1691 2325 1745 uniri,

1304 1765 1551 1834 inci-peret
1603 1780 1721 1817 cum
1775 1771 1957 1817 natura
2025 1763 2290 1828 humana,

1303 1840 1384 1891 cui
1424 1847 1574 1892 antea
1615 1855 1715 1891 non
1758 1845 1870 1891 erat
1909 1838 2127 1891 unitum.
2159 1837 2291 1906 Ergo

1306 1929 1423 1966 vere
1456 1920 1506 1966 et
1534 1914 1806 1965 intrinsece
1846 1919 2153 1965 mutaretur.
2198 1911 2289 1967 Vel

1302 1989 1499 2040 etiamsi
1538 1987 1914 2049 admitteretur,
1957 1993 2191 2039 naturam
2220 1986 2288 2039 di·

1303 2063 1474 2115 vinam
1527 2064 1781 2130 integram
1825 2068 1875 2114 et
1914 2061 2289 2129 impermixtam

1302 2139 1625 2198 remansisse,
1667 2144 1838 2188 tamen
1868 2137 2025 2203 posita
2054 2133 2288 2187 lncarna·

1302 2212 1436 2263 tione
1475 2210 1747 2262 dicendum
1790 2210 1944 2276 foret,
1983 2209 2116 2278 quod
2156 2208 2292 2261 Deus

1302 2285 1449 2337 homo
1507 2285 1672 2337 factus
1725 2283 1874 2337 aliter
1920 2298 1974 2336 se
2032 2283 2292 2336 habuisset
2320 2287 2328 2321 '-

1300 2367 1411 2427 post
1450 2359 1897 2420 Incarnationem,
1939 2373 2093 2426 quam
2139 2363 2290 2409 antea
2322 2375 2332 2426 3

1301 2435 1411 2497 fuit;
1455 2435 1753 2487 accessisset
1779 2434 1914 2485 enim
1940 2433 2142 2483 divinae
2182 2447 2295 2498 per·
2311 2451 2332 2494 t

1298 2523 1452 2560 sonae
1499 2508 1678 2560 relatio
1735 2507 1794 2559 ad
1839 2513 2075 2558 naturam
2115 2502 2332 2571 ὴυηιειεᾼῖ

1300 2598 1464 2644 nam,
1507 2597 1606 2651 qua
1671 2587 1823 2633 antea
1862 2579 2064 2641 caruit,
2109 2586 2161 2631 et
2217 2554 2332 2648 Sici

1301 2657 1509 2707 mutatio
1547 2656 1859 2723 contigisset.
1903 2653 2131 2723 Denique
2170 2669 2315 2708 cum.

1296 2731 1576 2797 assumptio
1641 2737 1853 2780 naturae
1918 2728 2174 2780 humanae
2236 2728 2289 2783 in

1297 2811 1524 2871 tempore
1563 2803 1696 2856 facta
1742 2803 1824 2870 sit,
1844 2802 1969 2854 haec
2008 2802 2114 2870 ipsa
2155 2801 2307 2855 actio?

1297 2879 1345 2930 in
1389 2877 1556 2932 Verbo
1583 2919 1596 2939 ‚
1639 2877 1701 2928 ad
1747 2883 1920 2929 actum
1961 2877 2018 2927 -in
2063 2883 2309 2943 tempores

1299 2958 1616 3012 transeunte,
1648 2951 1982 3012 mutationem
2023 2950 2281 3018 supponit.

1371 3026 1509 3095 Resp.
1557 3025 1632 3078 Ex
1673 3025 1915 3094 mysterio
1972 3023 2299 3084 Ine-amatim„

1298 3101 1375 3153 nis
1417 3100 1711 3152 nullatcnus
1752 3101 2004 3167 sequitur,
2054 3095 2281 3150 Verbum

1297 3175 1526 3226 divinum
1569 3179 1822 3225 mutatum
1862 3173 2036 3224 fuisse.
2105 3169 2286 3222 Omnis

1296 3250 1432 3301 enim
1475 3248 1686 3299 mutatio
1726 3247 1859 3299 facta
1899 3252 1976 3297 est
2015 3245 2063 3295 in
2102 3252 2252 3299 natur

1298 3321 1542 3383 humana,
1586 3336 1716 3389 quae
1755 3320 1848 3372 fuit
1885 3314 1937 3370 a'
1974 3317 2141 3371 Verbo
2205 3318 2287 3383 ass-2

1296 3402 1518 3463 sumpta,
1563 3402 1612 3447 et
1652 3393 1932 3447 secundum
1963 3391 2095 3444 hanc
2122 3390 2229 3444 sola

1296 3469 1481 3522 dicitur
1519 3469 1745 3522 Verbum
1784 3466 1835 3519 i'n
1875 3473 2021 3519 utero
2065 3465 2239 3533 Virgin

1296 3548 1597 3611 conceptum
1631 3583 1644 3605 ,
1714 3547 1913 3610 natum,
1958 3555 2160 3610 passum
