2332 3860
163 263 302 325 dolis,
348 261 703 332 primoqenitus
738 270 1062 325 mortuorum,
1104 271 1149 317 et

161 339 383 412 priuceps
428 353 599 406 reyum
648 345 822 402 terrae,
861 339 946 406 qui
978 339 1148 392 dilexit

164 429 271 474 nos,
313 419 357 464 el
392 410 509 466 lavit
544 427 630 465 nos
666 427 698 464 a
728 413 935 480 peccatis
972 413 1150 466 nostris

165 488 230 541 in
256 487 492 556 sanquine
528 501 635 547 suo,
679 495 722 538 et
765 488 879 553 fecit
934 503 1020 540 nos
1073 502 1150 539 re-

164 577 334 628 gnum,
378 568 475 614 etc.
504 557 603 631 (l);
646 565 697 612 et
733 561 919 613 ibidem
960 561 1023 613 de
1069 577 1151 614 eo-

166 640 282 687 dem
321 634 518 687 Christo
559 634 772 700 legitur:
816 634 968 687 Habet
1008 636 1061 687 in
1081 651 1153 686 ve·

164 710 384 763 stimemo
409 717 452 761 et
476 709 529 760 in
566 710 745 777 femore
782 726 868 762 suo
892 707 1151 777 scriptum:

165 783 270 837 Rea>
304 799 493 851 regum,
536 792 580 836 et
619 783 861 835 Dominus
898 784 1153 836 dominan-

165 860 291 912 tium
321 857 419 926 (Q),
462 857 894 926 Frequentissime
919 859 1073 910 etiam
1102 860 1151 909 in

165 933 247 986 Ss,
294 932 454 985 Libris
491 933 556 985 N.
599 932 734 984 Test.
790 931 1021 984 Christus
1065 931 1156 984 Do-

166 1008 590 1068 minus.vocatur,
615 1023 714 1076 qua
742 1006 1154 1059 denominatione

167 1097 464 1150 supremum
506 1081 616 1134 eius
654 1083 704 1133 in
747 1081 997 1142 homineS‚
1029 1097 1155 1149 quos

168 1156 404 1215 redemit,
446 1156 746 1217 dominium,
789 1172 879 1208 seu
910 1156 1047 1221 regia
1072 1173 1155 1224 po-

167 1237 327 1284 testas
366 1236 418 1282 et
454 1232 732 1283 auctoritas
769 1231 1107 1298 significatur.

241 1307 294 1357 5.
342 1304 562 1357 Traditio
601 1305 841 1365 ostendit,
873 1304 1074 1357 Christo
1103 1311 1158 1356 ut

169 1379 478 1447 redemptori
518 1395 719 1447 semper
759 1381 952 1448 regiam
995 1380 1158 1446 digni-

171 1461 328 1507 tatem
371 1461 422 1506 et
478 1459 777 1521 potestatem
837 1470 865 1505 a
925 1452 1201 1506 fidelibus'

169 1529 511 1581 adiudicatam
554 1527 724 1581 fuisse.
764 1528 989 1581 Ecclesia
1018 1527 1161 1580 Chri-

170 1609 305 1654 stum
350 1619 439 1670 per
484 1603 840 1656 excellentiam
897 1602 1161 1655 Dominum

170 1693 231 1729 ac
271 1677 441 1745 Reyem
480 1678 530 1729 in
571 1678 675 1730 suis
732 1678 945 1745 publicis
1003 1679 1161 1746 preci·

171 1752 268 1804 bus
306 1751 565 1819 appellare
606 1754 890 1804 consuevit.
930 1752 1162 1804 Genuina

174 1833 462 1895 martyrum
484 1833 594 1879 acta
626 1827 917 1894 frequenter
945 1827 1023 1878 bis
1051 1842 1164 1878 ver-

175 1901 252 1953 bis
280 1902 652 1952 terminantur:
682 1901 928 1968 Reynonte
956 1901 1163 1953 Domino

173 1983 337 2027 nostro
376 1975 488 2027 Iesu
529 1975 722 2028 Christo
747 2018 759 2036 ,
804 1984 904 2028 etc.
947 1976 1026 2028 Ss,
1073 1976 1164 2027 Pa-

175 2056 281 2102 tres
322 2050 508 2118 passim
549 2050 758 2102 laudant
798 2052 948 2103 fidem
998 2050 1165 2118 Mago-

177 2140 312 2184 rum,
356 2126 440 2193 qui
483 2140 570 2192 per
611 2126 706 2176 tria
747 2142 961 2178 munera
993 2126 1167 2194 mysti-

177 2214 236 2251 ca
277 2197 533 2250 Christum
575 2215 673 2251 non
715 2200 878 2252 solum
912 2201 1075 2252 Deum
1117 2205 1167 2251 et

178 2273 458 2333 hominem,
501 2275 588 2326 sed
630 2275 781 2326 etiam
824 2291 995 2342 regem
1060 2291 1169 2342 pro-

178 2348 296 2400 fessi
337 2354 476 2399 sunt.
542 2349 597 2399 S.
642 2347 946 2416 Aeque-tinus
999 2348 1073 2418 (5)
1117 2350 1165 2399 in

179 2420 355 2474 loann.
401 2423 470 2473 ita
494 2422 752 2490 praeclare
774 2424 1005 2475 disserit:
1031 2422 1171 2474 Chri·

181 2503 291 2549 stus
317 2516 343 2546 «
376 2513 474 2549 non
515 2499 606 2548 ait:
634 2496 853 2565 Reynum
881 2513 1040 2549 meum
1070 2513 1167 2549 non

182 2578 259 2623 est
299 2571 349 2622 in
393 2571 489 2623 boc
526 2572 737 2633 mundo,
782 2573 902 2624 sed:
946 2589 1043 2624 non
1106 2580 1172 2623 est

182 2645 238 2697 de
278 2644 366 2698 hoc
402 2647 604 2698 mundo.
650 2646 712 2698 Et
751 2663 866 2698 cum
909 2646 1003 2699 boc
1065 2663 1174 2714 pro-

184 2719 331 2771 haret
370 2720 570 2772 dicens:
613 2719 669 2772 Si
723 2737 784 2773 ex
848 2721 934 2774 hoc
993 2721 1173 2773 macodo

184 2800 300 2845 esset
331 2809 535 2863 reqnum
571 2810 750 2854 meum,
803 2796 1021 2847 ministri
1077 2799 1174 2847 mei

185 2868 351 2934 utique
389 2869 703 2931 decertarent,
745 2878 799 2921 ut
831 2886 927 2921 non
955 2870 1176 2922 traderer

186 2941 419 2993 Iudaeis.-
460 2959 560 2994 non
598 2944 668 2995 ait
692 2960 712 2995 .-
750 2959 879 2996 mmc
917 2952 1076 2996 autem
1104 2959 1176 2996 re-

186 3031 336 3085 ynum
373 3031 534 3068 meum
572 3033 672 3069 non
708 3026 774 3069 est
806 3019 904 3077 hic,
934 3018 1044 3070 sed:
1075 3035 1175 3070 non

187 3096 254 3142 est
294 3090 424 3142 hinc.
474 3090 567 3142 Hic
631 3092 768 3143 enim
825 3100 902 3145 est
960 3109 1175 3160 regnum

184 3164 300 3217 eius
339 3181 500 3233 usque
539 3165 603 3217 ad
642 3165 795 3217 finem
836 3167 1048 3228 saeculi,
1093 3166 1178 3219 ba-

189 3237 316 3290 bens
354 3239 491 3292 inter
538 3255 593 3291 se
649 3243 929 3295 commixta
985 3242 1177 3294 zizania

190 3325 352 3382 usque
375 3313 439 3366 ad
477 3312 717 3367 messem.
746 3334 772 3365 »

234 3472 600 3605 {23121’053524'2-„2
608 3474 667 3555 ‘is

254 3559 289 3601 32
311 3526 871 3609 1¹,ractp115‚11,2‚(fij
895 3563 1018 3600 Mmth.
1045 3563 1100 3607 16,
1125 3562 1177 3599 18,

740 177 858 219 PARS
893 180 967 219 m.
1010 181 1174 222 semo
1211 182 1268 224 n.
1305 180 1456 223 CAPUT
1491 183 1568 224 nt.

2015 168 2118 222 674

1233 265 1349 319 ·.·l‡
1376 264 1472 328 Qui
1499 280 1718 334 magnae
1741 262 2009 318 hominum
2038 279 2197 322 unam

1209 340 1507 392 societatem
1544 340 1966 392 constituentium
2028 324 2196 393 multi*

1211 414 1377 466 tudini
1433 428 1551 466 cum
1575 414 1758 482 ·plena
1819 419 2068 483 potestate
2125 416 2198 467 ita

1213 494 1432 556 praeest,
1456 488 1515 540 ut
1539 503 1717 540 omnes
1755 503 1812 540 se
1849 488 2015 541 eidem
2048 488 2200 541 subii-

1212 578 1329 615 cere
1368 568 1660 629 teneantur,
1700 562 1881 614 merito
1920 562 2201 615 eorundem

1214 653 1306 689 rex
1346 644 1690 704 nuncupatur.
1735 635 1873 688 Haec
1924 643 2095 690 autem
2154 653 2205 689 o-

1215 712 1351 763 mnia
1379 712 1429 763 in
1455 711 1654 763 Christo
1680 710 2030 764 verificantur.
2057 710 2202 764 Chri-

1214 792 1325 837 stus
1365 785 1501 837 enim
1543 800 1729 838 novam
1770 786 2068 838 societatem
2124 786 2203 837 in-

1215 859 1400 920 stituit,
1444 876 1596 928 quam
1639 859 1920 912 Ecclesiam
1972 858 2205 911 nomina-

1217 935 1288 986 vit
1349 933 1554 987 dicens:
1622 933 1878 1003 aedificabo
1942 933 2208 986 Ecclesiam

1217 1024 1376 1060 meam
1398 1007 1495 1079 (li);
1540 1009 1858 1078 eandemque
1911 1009 2065 1061 etiam
2121 1023 2210 1060 no·

1219 1084 1355 1135 mine
1422 1084 1566 1150 regni
1629 1083 1888 1135 coelorum
1947 1083 2215 1151 insignivit

1218 1157 1555 1210 exclamans:
1627 1158 1984 1210 Poenitentiam
2049 1160 2215 1226 agite5

1219 1232 1621 1301 appropinquavit
1659 1234 1792 1285 enim
1828 1247 2034 1302 requam
2071 1230 2218 1284 coelo·

1220 1322 1333 1358 rum
1363 1305 1460 1377 (5).
1507 1306 1651 1358 Hanc
1707 1314 1883 1359 autem
1941 1321 2127 1359 novam
2186 1320 2217 1358 a

1221 1378 1422 1433 Christo
1462 1383 1751 1433 institutam
1793 1383 2093 1434 societatem
2150 1395 2217 1432 ex

1222 1471 1408 1520 magna
1436 1455 1702 1507 hominum
1731 1456 2060 1508 multitudine
2101 1470 2219 1507 con·

1222 1538 1378 1591 stare,
1424 1536 1563 1597 patet
1603 1546 1668 1582 ex
1708 1546 1787 1592 e0‚
1831 1531 1948 1599 quia
1989 1527 2053 1582 ad
2078 1529 2220 1581 illam

1225 1611 1332 1656 tum
1399 1603 1570 1657 ludaei
1634 1612 1740 1656 tum
1799 1605 2000 1657 Ethnici
2044 1603 2215 1656 vocati

1224 1686 1374 1742 sunt3
1420 1679 1555 1731 unde
1595 1677 1829 1732 Christus
1868 1681 1965 1732 ait:
1999 1678 2062 1732 Et
2090 1677 2219 1730 alias

1223 1769 1325 1804 oves
1366 1753 1528 1814 habeo,
1572 1769 1693 1822 quae
1731 1769 1830 1805 non
1867 1760 1981 1805 sum
2018 1769 2082 1806 em
2130 1751 2216 1804 hoc

1225 1827 1373 1889 ovilt,·
1412 1837 1455 1879 et
1493 1828 1606 1879 illos
1644 1836 1823 1896 oportet
1852 1844 1926 1880 me
1951 1827 2211 1886 adducere.

1225 1910 1267 1953 et
1296 1903 1372 1971 fiet
1401 1919 1555 1954 unum
1583 1903 1702 1955 ovile
1721 1910 1764 1954 et
1785 1919 1910 1954 unus
1927 1909 2096 1971 pastor
2118 1899 2217 1971 (6);

1227 1983 1277 2027 et
1317 1976 1586 2045 Apostolos
1632 1978 1780 2029 iussit
1823 1978 2005 2030 docere
2044 1990 2223 2028 omnes

1228 2059 1407 2114 gentes
1467 2050 1538 2121 (7)
1573 2093 1587 2114 ,
1650 2059 1701 2103 et
1762 2067 1849 2120 per
1908 2052 2220 2119 baptismum

1229 2126 1489 2179 Ecclesiae
1542 2142 1846 2193 aggregare.
1910 2126 2039 2178 Huic
2097 2139 2219 2177 vero

1231 2201 1489 2253 Ecclesiae
1530 2201 1764 2253 Christus
1806 2201 1945 2268 leges
1973 2199 2219 2268 praescri·

1233 2277 1348 2343 psit,
1395 2282 1451 2326 ut
1492 2291 1610 2327 mox
1668 2274 1905 2345 (articulo
1963 2270 2221 2343 sequenti)

1232 2350 1547 2418 probabitur,
1592 2351 1692 2401 imo
1732 2357 1784 2401 et
1824 2356 2048 2401 rectores
2080 2363 2225 2415 prae-

1234 2426 1382 2487 fecit3
1428 2440 1545 2475 nam
1589 2423 1709 2475 Luc.
1755 2422 1842 2484 Vl,
1889 2423 1991 2475 13:
2049 2421 2226 2474 vocavit

1232 2499 1510 2567 άὶεεὶραίοε,
1540 2507 1583 2550 et
1621 2498 1757 2566 eleqit
1797 2497 2044 2549 duodecim
2085 2512 2145 2548 ex
2188 2495 2228 2547 i-

1232 2574 1349 2641 psiS,
1393 2589 1515 2642 quos
1546 2571 1789 2642 Apostolos
1815 2571 2104 2624 nominavit.
2130 2569 2228 2622 Su-

1232 2663 1407 2714 prema
1446 2654 1619 2700 autem
1651 2653 1873 2715 potestas
1902 2647 2060 2711 ipsius
2089 2644 2230 2696 Chri-

1235 2723 1297 2774 sti
1338 2729 1434 2782 est,
1478 2723 1564 2790 qui
1610 2722 1792 2774 Matth.
1844 2719 2088 2779 XXVlll‚
2135 2718 2225 2780 191,

1236 2797 1387 2848 dicit:
1432 2796 1561 2848 Data
1598 2803 1664 2848 est
1691 2795 1815 2847 mihi
1841 2795 1998 2847 omnis
2018 2801 2230 2863 potestas

1238 2872 1288 2922 in
1327 2871 1451 2924 coelo
1489 2879 1533 2922 et
1571 2871 1623 2922 in
1665 2878 1837 2930 terra3
1882 2876 1934 2922 et
1987 2867 2102 2921 Act.
2158 2865 2227 2927 X,

1239 2946 1328 2996 ἰιῖε
1372 2946 1477 3013 Ipse
1515 2953 1602 3007 est,
1634 2945 1720 3013 qui
1758 2943 2046 2996 constitutus
2083 2951 2153 2995 est
2201 2957 2230 2993 a

1242 3020 1336 3071 Deo
1375 3020 1527 3071 iudex
1565 3019 1780 3072 vivorum
1820 3026 1864 3070 et
1902 3025 2226 3070 mortuorum.

1237 3093 1544 3162 Supremum
1584 3109 1706 3161 ergo
1766 3092 2027 3144 Ecclesiae
2079 3096 2232 3158 caput

1239 3169 1346 3236 ipse
1373 3174 1450 3220 est
1477 3167 1727 3228 Christus,
1757 3167 1843 3236 qui
1871 3166 1967 3219 fuit
1988 3171 2142 3233 caput
2165 3164 2231 3215 vi·

1240 3242 1386 3295 sibile
1413 3258 1575 3310 usque
1602 3242 1665 3294 ad
1696 3242 2051 3294 ascensionem
2086 3252 2231 3291 suam

1241 3323 1292 3370 et
1329 3330 1531 3386 semper
1569 3323 1744 3369 manet
1781 3310 2230 3385 caputinvisibile;

1286 3474 1338 3521 (ὅ)
1363 3476 1490 3512 Matth.
1516 3475 1549 3520 ί,
1577 3475 1631 3511 17.
1657 3477 1708 3513 Cf
1734 3476 1861 3512 Matth.
1899 3467 2221 3518 3,2;13,24·20

1285 3563 1338 3608 (e)
1363 3520 1540 3606 1025‘56,
1565 3563 1612 3600 η
1868 3560 1919 3606 (7)
1943 3560 2000 3593 m
1981 3558 2070 3593 n-tth
2094 3555 2151 3603 θ’»,
2180 3555 2223 3594 η
