2332 3860
270 133 378 187 218

204 234 372 288 ideam
405 232 572 301 operis
597 231 649 284 in
674 238 845 284 mente
873 231 1187 299 concipiunt,

206 315 257 362 et
296 313 470 376 postea
511 305 646 359 istud
685 313 805 358 actu
857 306 1100 374 perficere
1141 306 1188 356 in

206 381 470 436 voluntate
509 397 602 433 sua
642 380 946 432 decernunt.
991 380 1044 431 ln
1086 379 1191 431 Deo

206 463 380 510 autem
436 456 606 508 omnia
662 471 764 507 uno
817 454 1191 523 simplicissimo

205 538 323 584 actu
366 529 718 599 perficiuntur.
763 529 907 581 Sicut
945 530 1080 580 enim
1118 529 1191 580 in-

207 605 446 659 tellectus
483 604 687 656 divinus
717 610 794 655 est
821 604 928 672 ipsa
970 601 1191 655 essentia

204 679 398 740 divina,
443 680 512 731 ita
551 679 708 731 etiam
744 678 981 730 voluntas
1021 678 1191 729 divina

202 761 280 808 est
318 755 425 823 ipsa
477 754 699 805 essentia
762 753 953 804 divina.
1011 751 1192 803 Intime

202 844 325 897 ergo
364 827 509 880 ideae
549 827 755 878 divinae
795 833 847 879 et
887 827 1092 897 decreta
1121 827 1194 877 di-

202 904 322 954 vina
365 902 644 963 uniuntur,
688 909 841 984 atque
883 901 996 952 ideo
1043 917 1072 952 a
1112 917 1196 968 pa·

204 977 371 1029 tribus
411 981 462 1027 et
502 975 751 1043 theologis
785 977 923 1042 ipsae
953 975 1096 1026 ideae
1125 974 1196 1025 di·

203 1051 354 1102 vinae
386 1051 541 1102 etiam
581 1049 1023 1119 praedefinitiones,
1051 1065 1196 1130 prae-

203 1124 585 1185 destinatione3‚
647 1110 1195 1193 praedeterminationes

205 1205 476 1251 vocantur.

279 1273 331 1324 5.
368 1271 496 1335 Quia
519 1271 724 1323 decreta
747 1270 922 1323 divina
945 1277 1066 1322 sunt
1088 1271 1193 1338 ipsa

203 1347 444 1400 voluntas
484 1346 615 1406 Dei,
677 1346 847 1398 omnia
906 1346 1192 1401 attributa,

203 1437 335 1490 quae
383 1420 634 1472 voluntati
676 1425 727 1472 et
776 1421 1029 1471 essentiae
1070 1419 1198 1470 divi-

206 1512 302 1548 nae
345 1501 662 1562 competunt,
706 1495 859 1546 etiam
889 1494 950 1545 de
991 1493 1091 1545 illis
1121 1509 1197 1544 re-

206 1575 286 1622 cte
315 1569 696 1636 praedicantur.
732 1567 847 1619 ldeo
876 1569 925 1619 in
950 1567 1030 1618 Ss,
1064 1566 1197 1618 Scri-

206 1643 370 1711 pturis
427 1643 646 1694 decretis
710 1642 896 1693 divinis
957 1642 1198 1693 tribuitur

207 1716 258 1788 α)
296 1717 575 1785 Sapientia:
624 1716 926 1784 Sapientiam
949 1715 1037 1767 Dei
1063 1731 1200 1782 prae·

208 1794 443 1843 cedentem
471 1790 637 1842 omnia
659 1790 768 1857 quis
795 1790 1192 1855 investiqabit?...

209 1866 307 1933 ipse
329 1867 505 1917 creavit
529 1863 710 1921 illum„
751 1873 836 1915 ,et
865 1863 1034 1931 effudit
1062 1863 1198 1913 illam

207 1954 351 2006 super
407 1938 570 1990 omnia
634 1953 779 2005 opera
842 1954 932 1989 sua
974 1935 1069 2006 (l).
1134 1935 1197 2005 b)

211 2012 567 2079 Profunditas:
614 2010 654 2065 Ο
692 2012 896 2062 altitudo
935 2011 1199 2079 sapientiae

208 2094 251 2139 et
308 2087 537 2138 scientiae
576 2085 704 2137 Dei.
748 2102 895 2153 quam
939 2086 1201 2169 incompre-

213 2160 467 2213 hensibilia
490 2168 602 2211 sunt
632 2160 813 2210 iudicia
841 2161 964 2217 eius,
995 2169 1039 2211 et
1068 2161 1201 2210 inve-

214 2234 457 2302 stiqabiles
485 2235 591 2286 viae
615 2233 738 2285 eius!
760 2232 855 2303 (2).
889 2233 932 2303 c)
957 2233 1199 2285 Libertas:

211 2306 444 2360 Christus
484 2309 592 2376 ipse
632 2309 694 2359 ad
738 2308 939 2360 Patrem
980 2310 1079 2360 ait:
1123 2308 1200 2359 Ita

214 2381 380 2443 Pater,
435 2382 666 2451 quoniam
706 2382 775 2433 sic
820 2383 916 2450 fuit
965 2382 1201 2448 placitum

212 2465 321 2510 ante
360 2465 401 2509 te
441 2456 538 2527 (3);
582 2463 633 2508 et
672 2454 810 2508 Deus
849 2457 943 2508 sub
982 2457 1200 2524 imagine

215 2531 592 2599 patrisfamilias
637 2531 868 2599 quaerit:
931 2530 1045 2582 Non
1098 2531 1201 2582 licet

211 2604 371 2666 mihi,
413 2606 539 2672 quod
577 2604 712 2666 vola,
754 2604 959 2671 facere?
1010 2602 1106 2674 (lt).
1150 2605 1200 2673 d)

213 2677 515 2730 AEternitas:
561 2678 718 2745 Eleqit
755 2694 844 2729 nos
884 2679 1067 2746 inipso
1093 2686 1203 2729 ante

215 2752 600 2804 constitutionem
638 2752 812 2803 mundi
859 2750 968 2820 (5):
1017 2751 1203 2803 Notum

215 2841 246 2876 a
304 2827 488 2878 saeculo
531 2835 596 2878 est
649 2827 843 2878 domino
897 2841 1013 2891 opus
1059 2842 1202 2876 suum

220 2895 316 2968 (6).
360 2898 403 2967 e)
462 2900 881 2952 Immutabilitas:
931 2897 1202 2950 Consilium

226 2971 429 3024 Domini
485 2975 534 3025 in
587 2983 835 3026 aeternum
890 2981 1048 3024 manet
1106 2971 1203 3043 (7).

218 3044 258 3115 f)
298 3045 566 3114 Efficacia:
622 3048 855 3099 Dominus
900 3047 1204 3099 eoeercituum

219 3119 459 3171 decrevit.-
499 3129 541 3171 et
592 3125 701 3189 quis
755 3121 931 3189 poterit
978 3122 1200 3190 infirma-

219 3193 315 3245 re?
354 3191 450 3263 (8).
511 3191 576 3264 ῃ)
628 3194 943 3263 Amplitudo:
999 3195 1204 3247 decreta

222 3267 360 3320 enim
401 3266 572 3319 divina
616 3269 679 3320 ad
717 3271 888 3322 omnia
915 3285 1046 3339 quae
1075 3269 1205 3322 fiunt

267 3422 315 3468 (ι)
340 3421 449 3461 necti.
473 3424 504 3466 1,
529 3422 559 3459 3.
747 3423 798 3468 (is
821 3425 925 3460 nom.
951 3427 1167 3468 x1,33ete.

266 3469 318 3512 ‹a›
342 3469 467 3504 matta.
491 3449 550 3511 in,
575 3467 628 3504 88.
829 3469 882 3503 Μ..
886 3471 950 3504 ιιι..
975 3470 1029 3513 20,
1056 3471 1109 3506 ιε.

266 3511 320 3559 (δ)
341 3514 471 3558 spuet.
494 3512 526 3556 ι,
539 3492 580 3548 ’a
628 3564 631 3573 k
751 3423 804 3557 isi
827 3514 904 3548 Act.
929 3513 1005 3556 xv,
1021 3496 1085 3549 '.18

600 150 663 188 mc
699 151 792 188 nizo
831 150 882 187 iN
920 140 1190 188 ΒΕιΑτιοΝιζ
1228 151 1294 188 An
1331 149 1534 188 ΜυΝυυΜ
1573 149 1830 190 secerno.

1253 233 1626 293 extenduntur,
1670 233 1740 286 ita
1768 239 1825 285 ut
1845 229 2077 285 Christus
2103 231 2242 287 dicat
2259 225 2282 281 :⁴:¹-
2299 223 2316 258 *-

1253 306 1316 358 de
1351 307 1673 373 passeribus:
1729 305 1863 359 Unus
1887 323 1965 360 ccc
2004 307 2106 359 illis
2141 323 2240 360 non

1253 380 1382 432 cadet
1420 396 1565 449 super
1603 390 1785 432 terram
1833 383 1936 434 sine
1983 380 2126 434 Putre
2163 398 2243 434 ve·
2270 373 2278 422 ἕ
2308 383 2315 418 Γ

1253 462 1370 505 stro.
1416 454 1466 523 Ιι)
1520 453 1845 523 Simplicitas:
1889 456 2061 508 omnia
2101 457 2241 508 enim
2328 502 2332 526 2

1254 544 1383 596 quae
1410 528 1560 588 fiunt,
1581 530 1954 597 simplicissimo
1993 530 2127 582 actui
2155 529 2243 581 ad·
2315 583 2326 587 a

1254 603 1569 656 scribuntur·
1590 602 1922 672 Quaecumque
1942 604 2106 662 voluit,
2130 605 2244 671 [ecit
2312 608 2315 609 ’

1257 676 1366 747 (9).·
1406 678 1510 745 Ipse
1552 678 1679 730 discit
1720 687 1762 730 et
1792 679 1921 746 facta
1958 686 2104 743 sunt3
2145 679 2270 748 ipse>

1255 752 1502 803 mandavit
1540 763 1583 803 et
1622 760 1783 804 creata
1803 751 2069 823 sunt(l0).

1330 826 1381 877 [ι.
1427 825 1749 894 Quamquam
1788 842 1909 878 vero
1946 842 2109 878 unum
2135 832 2246 878 tan·

1258 901 1519 952 tummodo
1538 901 1737 968 proprie
1752 917 1812 953 ac
1834 916 2012 968 reapse
2028 901 2179 952 detur
2194 901 2245 951 in
2309 928 2323 935 --

1259 974 1362 1026 Deo
1391 975 1657 1026 decretum
1698 974 1847 1043 idque
1887 982 2156 1027 aeternum
2193 981 2246 1027 et
2294 972 2297 975 ’

1257 1048 1595 1115 immutabile,
1613 1057 1783 1101 nostro
1800 1057 1969 1101 tamen
1990 1048 2249 1118 cogitandi

1260 1122 1407 1175 modo
1449 1123 1621 1191 plures
1663 1124 1817 1175 habet
1871 1129 2059 1191 partes.
2120 1123 2249 1175 Cum
2329 1166 2332 1170 ⁴

1258 1197 1393 1248 enim
1422 1199 1488 1249 sit
1518 1196 1733 1248 limitata
1764 1197 2028 1250 hominum
2062 1197 2250 1249 intelli·

1258 1271 1410 1336 gendi
1452 1273 1558 1332 viS‚
1602 1278 1655 1323 et
1693 1272 1875 1323 obtutu
1916 1288 2018 1324 uno
2060 1272 2251 1339 perspi·

1259 1361 1375 1397 cere
1415 1345 1678 1397 decretum
1727 1345 1986 1398 infinitum
2040 1347 2251 1397 minime

1262 1421 1549 1486 possimus,
1606 1421 2000 1472 innumerabilia
2053 1420 2104 1471 in
2147 1419 2252 1472 Deo

1260 1494 1465 1545 decreta
1507 1494 1847 1557 admittimus3
1894 1501 1967 1545 tot
1994 1494 2252 1558 videlieet,

1259 1573 1382 1636 quot
1421 1567 1610 1626 dantur
1652 1584 1734 1620 res
1759 1609 1772 1628 ,
1816 1584 1990 1620 rerum
2028 1567 2254 1619 affectio-

1264 1658 1351 1693 nes
1380 1648 1506 1703 etc.,
1539 1650 1596 1694 ut
1624 1642 1772 1695 modo
1807 1643 1976 1711 aliquo
2009 1642 2255 1710 percipia-

1261 1732 1375 1767 mus
1426 1717 1558 1783 quod
1607 1717 1896 1768 decreverit
1961 1715 2117 1768 Deus.
2176 1715 2255 1768 Ex

1261 1790 1441 1841 eadem
1482 1791 1678 1842 ratione
1714 1790 1919 1842 decreta
1960 1791 2134 1861 divina
2167 1805 2256 1841 va·

1263 1864 1333 1914 rie
1373 1863 1705 1927 dividuntur3
1753 1865 2023 1932 praecipue
2077 1866 2127 1916 in
2167 1862 2254 1914 ab·
2291 1863 2298 1872 '

1260 1937 1415 1988 soluta
1455 1954 1482 1989 e
1525 1938 1839 2007 hypothetica.
1887 1936 2135 1991 Absoluta
2175 1938 2253 1989 di-

1262 2015 1425 2062 cimus
1451 2053 1463 2073 ,
1509 2028 1728 2080 quorum
1777 2013 1903 2065 ratio
1944 2029 1971 2064 a
2013 2013 2134 2064 solis
2173 2019 2252 2064 at-

1263 2087 1468 2137 tributis
1496 2085 1584 2137 Dei
1614 2088 1831 2139 internis
1861 2088 2070 2154 petitur,
2098 2103 2145 2138 v.
2166 2102 2247 2152 gr.

1262 2161 1450 2211 creatio
1472 2161 1644 2212 mundi
1667 2169 1766 2214 etc.
1800 2161 2137 2229 Hypothetica
2164 2176 2253 2228 ap·

1265 2234 1660 2301 pellanturea,
1705 2236 1767 2287 ad
1807 2251 1939 2304 quae
1988 2234 2253 2287 formanda

1263 2316 1578 2361 concurrunt
1606 2310 1762 2361 etiam
1799 2326 1880 2361 res
1909 2316 2056 2361 extra
2084 2308 2250 2360 Deum

1266 2384 1495 2449 positae3
1560 2383 1659 2435 huc
1710 2384 2006 2436 referuntur
2055 2399 2115 2434 ea
2165 2383 2254 2433 de-

1263 2463 1434 2518 creta,
1478 2473 1610 2525 quae
1651 2457 1915 2509 bominum
1956 2456 2252 2508 felicitatem

1263 2538 1528 2582 aeternam
1588 2536 1678 2584 aut
1734 2531 2085 2582 infelicitatem
2134 2530 2253 2582 atti·

1266 2611 1407 2656 nent.
1437 2604 1711 2656 Decretum
1740 2604 2014 2656 universale
2042 2604 2250 2665 dicitur,

1264 2694 1362 2745 quo
1403 2677 1540 2729 Deus
1587 2679 1700 2729 vult
1751 2694 1941 2730 nexum
1990 2677 2163 2730 rerum
2201 2694 2254 2731 o·

1264 2751 1461 2802 mnium
1504 2752 1689 2803 simul:
1738 2752 2040 2821 particulare
2081 2767 2271 2804 versa-.
2310 2815 2311 2818 Ἴ

1268 2833 1350 2877 tur
1390 2826 1526 2877 cirea
1563 2826 1660 2878 hoc
1689 2826 1960 2889 dumtaxat
1999 2831 2089 2878 aut
2125 2823 2253 2878 illud

1265 2900 1541 2951 obiectum.
1619 2899 1849 2969 Denique
1909 2900 2133 2968 theologi
2201 2900 2252 2952 in
2292 2940 2299 2961 ἵ.

1265 2972 1368 3025 Deo
1409 2981 1660 3042 quantum
1706 2975 1792 3026 ad·
1822 2975 2052 3026 actiones
2090 2971 2253 3025 malas

1264 3047 1503 3099 decretum
1574 3048 1891 3115 permittendi
1946 3047 2249 3107 admittere,

1265 3128 1515 3188 quantum
1553 3121 1616 3172 ad
1656 3124 1884 3175 actiones
1933 3121 2092 3173 bonas
2130 3135 2251 3191 vere

1265 3194 1526 3338 decretum)
1581 3195 1819 3266 efficiendi
1879 3199 2108 3249 statuere
2173 3209 2254 3248 so-

1267 3267 1372 3319 lent
1413 3266 1497 3338 (11
1537 3309 1547 3320 .
2250 3300 2252 3302 -

1304 3424 1346 3549 {7
1387 3427 1441 3460 Ps.
1463 3427 1603 3469 xxxii,
1625 3425 1680 3465 11.
1837 3423 1890 3470 (8)
1914 3427 1962 3463 Is.
1981 3427 2071 3469 XIV,
2094 3426 2150 3464 87.

1325 3469 1347 3504 9
1388 3470 1443 3504 Ps.
1465 3470 1585 3512 cxm
1589 3449 1633 3506 ⁹3.
1844 3469 1918 3516 (10)
1938 3472 1994 3507 Ps.
2016 3451 2197 3516 diutim,
2215 3471 2239 3509 ⁸
2280 3504 2281 3507 ,
2325 3498 2332 3501 -

1326 3511 1386 3548 11.)
1407 3512 1460 3547 Gt.
1482 3495 1627 3550 maurel
1647 3509 1710 3549 nh.
1735 3511 1773 3557 1,
1796 3511 1824 3560 8
1846 3514 1903 3559 48,
1927 3513 1954 3561 8
1976 3513 2030 3552 48.
2269 3516 2300 3563 ζ
