2332 3860
0 219 62 283 «³⁸
126 238 299 314 peri
356 219 926 304 iiisspraedicationem
984 232 1118 286 faeta

15 335 17 338 ⁴
131 317 310 371 stitit&
355 324 444 377 rgo
483 324 551 361 ex
581 308 678 362 isto
718 308 888 379 capite
916 306 1119 360 nullum

6 394 16 407 '
54 415 58 417 “
126 376 488 457 ανέᾶηίεηωιῃ
512 398 603 452 pro
623 381 814 435 Christi
837 380 1118 436 Divinitate

126 462 231 533 peti
263 464 453 528 potest.

126 554 134 574 τ
201 533 336 602 Hesp.
402 530 515 599 lpse
579 528 793 583 Socinus
856 531 1119 583 sinistram

56 655 61 658 ,
91 643 99 649 -
125 609 258 663 hane
294 605 774 673 interpretationem
802 604 1116 672 prolaturuS,

37 708 44 721 ·
127 682 298 736 ‘statim
325 680 376 732 in
407 680 573 731 fronte
602 679 679 730 sui
708 678 772 730 ad
797 677 868 730 10.
903 678 957 740 1,
982 694 1122 730 com-

125 754 357 809 mentarii
401 758 722 822 praemonet,
751 771 777 800 «
815 767 870 804 se
899 767 1032 803 nova
1070 759 1121 804 et

124 828 372 886 inaudita,
428 828 529 878 imo
569 833 620 879 et
659 827 788 878 forte
823 825 999 878 multis
1039 841 1122 877 su-

127 908 298 972 specta
339 901 597 953 dicturum
611 919 627 965 3
682 921 708 950 »
753 916 852 969 qua
894 901 1120 952 declara-

30 982 41 994 '
124 979 263 1031 tione
290 976 343 1027 in
370 977 596 1044 seipsum
624 975 967 1027 damnationis
1001 990 1118 1026 sen-

44 1054 46 1061 ’
125 1051 342 1104 tentiam
366 1051 683 1118 pronuntiat;
714 1049 960 1101 recedens
981 1050 1116 1100 enim

52 1143 56 1145 “
124 1126 188 1178 ab
254 1125 466 1192 antiqua
529 1131 580 1178 et
618 1124 896 1175 universali
966 1123 1117 1175 tradi-

12 1244 18 1253 .
46 1219 54 1245 z
133 1199 292 1260 tione,
338 1199 492 1250 etiam
521 1214 550 1250 a
578 1205 751 1249 mente
791 1198 1015 1249 auctoris
1046 1214 1123 1248 re-

23 1279 36 1287 ‘
127 1272 281 1325 cedit.
324 1299 394 1310 —
433 1270 726 1323 Absurdum
768 1273 975 1323 omnino
1016 1278 1113 1332 est,

129 1345 337 1399 I-oannis
376 1346 532 1398 verba
574 1346 635 1397 de
676 1347 923 1414 principio
976 1362 1118 1413 prae-

128 1420 396 1472 dicationis
436 1420 767 1488 evangelieae
832 1420 1111 1487 explicare,

126 1493 255 1547 Nam
297 1509 399 1545 vox
440 1494 491 1545 in
525 1495 772 1561 principio
812 1493 1045 1547 absolute
1067 1501 1117 1546 et

127 1567 428 1636 simpliciter
487 1569 646 1634 posita
686 1584 887 1636 semper
926 1570 1115 1636 princi-

128 1643 270 1711 pium
311 1641 509 1702 mundi,
555 1658 643 1693 seu
686 1643 927 1709 temporis
968 1643 1118 1694 deno-

22 1693 43 1780 ?
124 1721 224 1778 tat,
283 1722 340 1767 ut
387 1714 514 1766 Gen.
551 1716 603 1777 1,
638 1716 690 1767 t:
721 1716 1013 1777 Matthalt),
1061 1718 1113 1767 lt:

129 1788 200 1842 Io,
246 1789 300 1851 8,
346 1789 399 1839 lt:
444 1788 572 1840 Heb.
621 1789 673 1850 1,
721 1791 809 1840 1οε
854 1791 895 1841 1.
942 1789 1013 1841 10.
1060 1791 1111 1850 5,

128 1863 186 1924 8;
229 1869 280 1914 et
342 1861 558 1914 Ioannes
598 1864 867 1915 manifeste
932 1864 1116 1915 alludit

127 1937 190 1989 ad
230 1936 316 1989 illa
358 1937 514 1988 verba
542 1935 671 1988 Gen.
719 1939 771 1998 1,
816 1937 868 1988 l:
894 1937 1117 2005 Inprim-

129 2011 251 2080 cipio
291 2011 465 2063 creavit
491 2010 620 2062 Deus
647 2011 828 2063 coelum
850 2022 891 2062 et
910 2020 1111 2073 terram,

127 2085 268 2136 acsi
328 2085 538 2137 diceret:
604 2085 661 2137 ln
706 2087 972 2154 principie,
1018 2102 1116 2154 quo

128 2157 272 2211 Deus
312 2159 507 2210 creavit
566 2159 765 2211 coelum
806 2167 858 2212 et
898 2167 1110 2222 terram,

132 2231 359 2284 Verbum
416 2234 527 2284 iam.
557 2241 687 2285 erat.
757 2233 808 2285 Si
872 2249 992 2296 vox,
1064 2237 1115 2286 in

131 2307 401 2375 principio,
437 2307 487 2357 in
528 2307 625 2359 alio
666 2324 818 2360 sensu
859 2310 1111 2371 sumitur,

131 2378 182 2431 id
204 2395 271 2431 ex
309 2380 506 2441 adiecto
530 2383 768 2443 termino,
799 2382 880 2434 vel
912 2398 977 2434 ex
998 2396 1115 2435 con-

126 2459 276 2506 textu
317 2454 541 2521 dignosci
571 2456 740 2517 debet,
786 2463 840 2508 ut
867 2459 1115 2525 contingit

130 2528 181 2579 in
225 2528 450 2580 textibus
490 2529 540 2580 in
599 2531 883 2583 obiectione
922 2532 1110 2593 eitam,

131 2601 410 2670 inquibus
449 2602 512 2654 de
551 2604 694 2657 initio
725 2605 1116 2672 praedicationis

39 2707 48 2739 2.
130 2675 461 2745 evangelicae
488 2693 654 2731 sermo
679 2686 779 2743 est3
806 2680 934 2732 haec
961 2681 1116 2747 igitur

133 2746 245 2800 loca
314 2750 608 2803 nullatenus
677 2768 796 2804 curn
861 2756 1115 2808 sententia

131 2819 205 2874 Io.
252 2821 304 2884 1,
349 2823 400 2885 1,
456 2825 700 2892 parallela
742 2827 839 2880 dici
880 2838 1112 2897 possunt,

132 2886 371 2964 quamvis
405 2898 457 2948 in
508 2898 608 2950 illis
649 2900 829 2952 eadem
899 2919 1000 2955 vox
1039 2921 1118 2956 oc·

28 2986 78 3034 5·
131 2977 325 3029 currat,
369 2969 474 3023 Nec
531 2988 595 3024 ex
636 2974 864 3026 subiecta
906 2979 1115 3029 materia

18 3059 42 3079 -’
88 3083 94 3086 «
133 3043 328 3095 desumi
369 3052 553 3112 potest,
597 3045 842 3101 Ioannem
883 3050 944 3103 de
974 3052 1117 3105 initio

128 3118 523 3185 praedicationis
573 3123 902 3190 evangelicae
954 3125 1112 3194 loqui.

47 3208 49 3210 ·
135 3189 297 3245 Huius
336 3194 473 3246 enim
503 3194 787 3259 historiam,
819 3199 1035 3253 testibus
1061 3200 1113 3252 S.

11 3271 90 3346 ,ιζ’
137 3262 335 3318 Irenaeo
373 3274 424 3320 et
462 3268 596 3331 aliis,
639 3270 700 3322 ad
744 3271 882 3326 hunc
922 3277 1116 3341 praeci-

24 3387 34 3407 ,
138 3350 241 3405 pue·
272 3339 426 3393 finem
465 3346 786 3414 conscripsit,
830 3354 885 3400 ut
912 3348 1117 3401 Gnosti-

4 3420 49 3495 33
134 3409 225 3464 cos
249 3413 524 3479 refelleret,
549 3419 757 3487 quinon
787 3423 1117 3477 existentiam

8 3493 67 3522 Τ
183 3508 237 3557 ω
259 3510 312 3550 ιο.
334 3513 364 3556 1,
387 3523 422 3551 v.
449 3515 471 3552 a
490 3532 533 3547 .-
558 3517 611 3555 14.

739 150 858 191 uns
894 137 946 191 ιζ
975 134 1154 192 sac-rio
1181 154 1235 191 u.
1280 134 1524 191 atrurn.

1186 232 1375 290 Christi
1413 234 1466 286 in
1509 233 1757 304 principio
1780 236 2179 304 praedicationis

1185 307 1673 376 evangelicae,‚sed
1714 310 2078 367 aeternitatem
2117 332 2178 369 ac

1185 383 1503 435 divinitatem
1570 381 1727 438 Verbi
1777 385 2055 452 negabant.
2099 389 2179 443 Ex

1184 472 1337 526 scopo
1373 471 1498 523 ergo
1525 458 1752 511 auctoris
1777 467 2012 527 apparet,
2043 464 2176 530 quod

1185 530 1247 583 de
1288 531 1536 599 principio
1594 532 1860 600 temporiS‚
1904 549 1996 586 seu
2037 535 2099 587 de
2138 538 2177 588 i·

1184 604 1307 657 nitio
1365 605 1596 657 omnium
1644 619 1818 659 rerum
1886 614 2175 662 creatarum

1188 678 1440 747 loquatur.
1499 708 1571 717 —
1628 679 1674 732 A
1742 681 1963 743 veritate
2022 686 2176 736 etiam

1183 753 1388 820 penitus
1429 752 1674 807 abhorret
1702 754 2060 824 interpretatio
2086 757 2178 812 So-

1182 827 1504 879 einianorum
1532 869 1544 889 ,
1577 828 1698 882 dum
1742 829 1917 882 dicunt
1941 872 1954 889 .
1993 832 2171 893 verba,

1180 909 1223 952 et
1287 908 1392 952 erat
1431 902 1564 969 apud
1627 903 1786 955 Deum
1818 945 1831 966 ,
1886 905 2177 972 significare

1182 974 1443 1028 Christum
1482 976 1572 1027 soli
1615 976 1723 1029 Deo
1766 985 1944 1030 notum
1996 981 2172 1042 fuisse,

1181 1065 1299 1101 cum
1342 1051 1653 1118 praedicatio
1678 1051 1946 1121 Evangelii
1988 1054 2179 1123 incipe-

1182 1130 1279 1175 ret:
1325 1126 1643 1176 contrarium
1684 1141 1747 1178 ex
1788 1125 1824 1178 S
1857 1169 1867 1179 .
1911 1126 2177 1197 Scriptura

1181 1205 1402 1262 constat3
1448 1206 1558 1251 erat
1597 1200 1733 1252 enim
1764 1200 1976 1253 Messias
2016 1219 2045 1255 a
2089 1219 2177 1255 na·

1183 1273 1382 1324 tivitate
1422 1289 1514 1324 sua
1556 1280 1708 1326 notus
1750 1275 1982 1341 Angelis,
2025 1277 2177 1330 Matri

1180 1346 1396 1415 Virgini,
1443 1347 1675 1416 losepho‚
1723 1349 2030 1416 pastoribuS‚
2074 1350 2178 1405 Ma-

1180 1422 1276 1486 giS,
1321 1420 1575 1483 Simeoni‚
1648 1426 1827 1475 Annae
1887 1425 2175 1493 prophetis-

1180 1511 1286 1556 sae,
1332 1502 1432 1547 ete.
1489 1495 1714 1548 Pessime
1779 1514 1982 1566 quoque
2035 1499 2176 1551 Suci-

1183 1570 1318 1620 niani
1379 1570 1514 1621 dicto
1578 1570 1804 1631 Ioannis,
1869 1571 2002 1624 Deus
2073 1580 2178 1626 erat

1190 1643 1416 1703 Verbum,
1462 1643 1659 1697 addunt
1691 1647 1904 1707 sactum,
1942 1663 2032 1699 seu
2056 1663 2178 1699 con-

1180 1718 1439 1779 stitutum,
1467 1719 1600 1786 quod
1626 1719 1674 1770 in
1702 1725 1846 1771 textu
1878 1720 2176 1774 nullatenus

1183 1792 1387 1859 legitur,
1458 1798 1510 1843 et
1567 1794 1708 1844 nullo
1761 1794 1910 1846 modo
1968 1795 2172 1848 admitti

1183 1871 1364 1930 potest.
1410 1864 1592 1918 Nullus
1621 1867 1757 1918 enim
1814 1869 1863 1919 in
1908 1873 2008 1920 tota
2039 1869 2171 1922 Scri-

1182 1946 1327 2006 ptura
1370 1941 1594 1992 occurrit
1637 1940 1797 2000 locus,
1829 1955 1929 2010 quo
1981 1943 2172 2012 aliquid

1179 2021 1409 2066 creatum
1475 2014 1777 2082 simpliciter
1826 2023 1876 2068 et
1941 2017 2174 2070 absolute

1180 2088 1316 2139 Deus
1375 2088 1685 2156 appelletur3
1729 2089 1818 2142 scd
1878 2090 1919 2141 si
1987 2108 2173 2143 nomen

1178 2162 1267 2213 Dei
1310 2162 1549 2214 hincinde
1573 2172 1841 2216 creaturae
1865 2166 2170 2234 applicatur,

1178 2253 1380 2305 semper
1420 2237 1609 2306 aliquid
1651 2239 1909 2298 adiicitur,
1955 2257 2054 2309 quo
2083 2257 2168 2310 pa-

1180 2317 1302 2371 teat,
1350 2328 1533 2363 nomen
1579 2313 1673 2364 hoc
1702 2314 1976 2381 improprie
2011 2316 2169 2383 accipi

1179 2395 1233 2436 ut
1274 2401 1389 2436 cum
1432 2385 1595 2454 Moysi
1638 2388 1829 2446 dictum
1860 2395 1956 2440 est:
1983 2390 2172 2440 'consti—

1179 2462 1251 2510 tui
1294 2468 1333 2510 le
1370 2459 1527 2511 Deum
1566 2459 1872 2512 Pharaonis.
1919 2461 2051 2515 Nihil
2081 2479 2172 2515 au-

1179 2540 1282 2584 tem
1323 2533 1425 2586 tale
1465 2535 1599 2602 apud
1637 2535 1880 2587 loannem
1923 2538 2165 2590 occurrit.

1178 2608 1410 2676 Denique
1452 2608 1630 2661 verba:
1675 2612 1843 2660 omnia
1877 2626 1968 2678 per
2013 2614 2169 2679 ipsum

1177 2684 1305 2749 facta
1333 2690 1464 2742 snm,
1493 2699 1592 2735 non
1619 2683 1681 2735 de
1699 2684 2058 2737 emendatione
2082 2685 2171 2738 ho-

1180 2758 1396 2817 minum,
1415 2757 1501 2808 sed
1526 2758 1587 2809 de
1610 2759 1866 2810 creatione
1890 2759 2172 2812 totiusuni·

1180 2832 1312 2884 versi
1355 2832 1689 2898 intelligenda
1730 2839 1870 2885 sunt.
1903 2831 2167 2887 Absonum

1179 2911 1256 2958 est
1283 2907 1419 2957 enim
1443 2906 1633 2968 dicere,
1661 2906 1904 2959 loannem
1935 2907 2171 2961 laudasse

1180 2981 1445 3032 hominum
1476 2980 1887 3034 emendationem
1908 2998 1998 3051 per
2019 2999 2173 3035 evan·

1179 3055 1396 3120 gelicam
1417 3055 1869 3122 praedicationem,
1895 3064 2175 3127 antequam

1183 3129 1338 3195 ipsius
1390 3129 1543 3181 Verbi
1583 3131 1993 3184 incarnationem
2034 3147 2173 3184 com-

1181 3210 1535 3262 memorasset,
1563 3204 1695 3256 etde
1717 3203 1901 3259 Christi
1931 3221 2174 3274 praecure

1181 3293 1292 3328 sore
1308 3277 1463 3328 verba
1487 3277 1686 3331 fecisset
1703 3277 1746 3349 (i
1761 3278 1798 3350 ).
1810 3280 2020 3332 Accedit
2037 3281 2176 3332 locus

1185 3350 1485 3418 parallelus:
1530 3353 1741 3406 mundus
1774 3370 1865 3422 per
1903 3356 2062 3423 ipsum
2104 3354 2177 3420 fa·

1183 3432 1283 3476 ctus
1337 3432 1402 3475 est
1451 3423 1562 3494 (ἕης
1612 3429 1696 3497 qui
1751 3445 1853 3481 non
1909 3433 2072 3498 potest
2117 3426 2176 3479 dc

1240 3524 1363 3570 [2)11).
1403 3535 1431 3561 v.
1463 3526 1517 3564 10.
