2332 3860
987 161 1142 203 cnm·
1178 161 1235 199 11.
1981 148 2049 202 15

90 247 271 296 tamen.
301 240 494 295 liberae
531 241 756 295 auctoris
799 242 1084 310 acceptioni

91 316 273 370 subiici
309 317 523 383 possint:
568 315 689 368 hinc
728 333 841 385 cap.
891 315 1082 369 Intelli-

90 390 269 458 ματαία.
298 389 479 442 Extra.
522 389 596 443 De
623 390 898 444 verborum
925 392 1084 460 signi-

89 463 329 517 ficatione
356 463 565 517 dicitur:
600 484 627 514 «
656 463 830 519 Verba
855 472 979 519 sunt
1005 467 1085 518 in·

44 549 59 571 ¹
91 536 370 604 telligenda
393 554 495 591 non
521 539 808 593 secundum
837 540 971 610 quod
1004 556 1084 594 so-

59 660 66 666 .
88 618 238 739 pant,
260 612 370 696 ’sed
409 613 697 667 secundum
718 621 948 668 mentem
970 630 1084 684 pro-

109 693 318 740 erent1S.
355 705 380 738 »

407 852 645 901 carun
681 855 762 899 11.

501 951 539 1011 9
578 953 669 998 12.

175 1053 226 1082 nt:
249 1053 419 1083 01112'10118
442 1054 691 1084 mmmmm:
722 1054 1008 1085 Tnnonssrlcan.

221 1113 380 1143 orncu
403 1114 650 1143 'tumme-un
682 1115 950 1146 nov-MATIGAE.

160 1203 397 1274 Quinque
435 1212 558 1258 sunt
585 1222 833 1269 munera,
864 1223 956 1259 seu
980 1205 1082 1260 offi-

87 1278 164 1331 cia
191 1277 500 1347 Theologiae
546 1279 908 1348 dogmaticae3
954 1281 1082 1334 haec

91 1353 228 1404 enim
270 1353 421 1406 debet
448 1354 669 1408 veritates
709 1355 990 1408 theoreticae
1018 1358 1082 1408 ad

91 1425 388 1495 Reliqionem
462 1428 719 1482 revelatam
785 1431 1082 1498 pertinentes

89 1501 314 1568 colliqere
340 1545 352 1562 ,
396 1510 523 1554 recto
561 1504 735 1555 ordine
781 1505 1033 1573 disponere
1067 1547 1077 1566 ‚

90 1577 223 1626 clare
249 1576 516 1641 emplicare,
560 1578 746 1630 idoneis
780 1580 1083 1646 arqumentis

90 1648 421 1716 comprobare,
473 1656 525 1702 et
570 1668 686 1702 usus
723 1655 963 1719 practices
976 1656 1084 1722 pie-

91 1730 236 1774 tatem
260 1732 592 1789 promoventes
619 1725 905 1793 indiqitare.

164 1796 218 1848 1.
263 1797 528 1848 Revelatio
574 1798 749 1849 divina
795 1800 844 1849 in
894 1799 1083 1866 duplici

91 1869 230 1922 fonte
271 1871 585 1933 continetur,
619 1872 668 1923 in
694 1871 749 1923 S.
793 1871 1081 1940 Scriptura,

92 1945 221 1996 etin
257 1943 570 1998 Traditione.
616 1943 829 1998 Constat
867 1955 1081 2009 autem,

91 2019 143 2071 in
175 2018 317 2071 libris
343 2019 530 2072 divinis
564 2021 691 2072 varii
720 2022 925 2087 generis
954 2022 1086 2073 veri-

91 2099 226 2146 tates
251 2094 525 2156 contineri,
558 2111 656 2147 non
686 2095 852 2147 solum
882 2096 1085 2148 theore-

93 2167 242 2229 ticaS‚
272 2168 362 2220 sed
389 2169 543 2220 etiam
587 2171 856 2237 practices,
889 2169 1083 2222 hierar-

94 2241 289 2302 chicaS,
320 2242 591 2295 historicas
620 2250 720 2297 etc.
747 2243 889 2296 Idem
917 2245 1088 2297 dicen-

95 2315 221 2368 dum
247 2322 325 2368 est
352 2316 415 2368 de
443 2315 758 2379 Traditione‚
802 2319 966 2371 altero
995 2319 1090 2371 Re-

93 2389 371 2442 velationis
422 2390 584 2444 fonte.
640 2389 719 2444 Ad
771 2392 1086 2460 Theologum

95 2462 444 2531 dogmaticum
472 2481 596 2532 ergo
622 2473 820 2533 spectat
848 2509 859 2527 ‚
905 2469 1090 2519 verita-

94 2544 196 2599 teS,
223 2540 452 2606 proxime
478 2540 543 2592 ad
571 2539 724 2592 fidem
750 2542 1086 2609 pertinenteS‚

95 2612 401 2673 credendas,
430 2630 523 2666 seu
554 2614 863 2668 theoreticas
903 2633 968 2668 ex
1007 2633 1090 2668 sa-

97 2686 199 2739 cris
242 2687 469 2742 fontibus
521 2688 728 2742 haurire
755 2731 767 2752 ,
811 2696 862 2742 et
911 2690 1092 2742 sedulo

99 2759 364 2827 colligere.
389 2793 460 2804 --
480 2762 729 2816 Primmio
756 2764 962 2833 quidem
983 2765 1092 2833 ipsa

99 2833 326 2902 dogmata
392 2835 676 2890 theoretica
708 2879 721 2899 ,
789 2839 1094 2891 secundario

99 2915 275 2960 autem
315 2910 645 2964 conclusiones
672 2911 976 2979 theoloyica3‚
1003 2929 1092 2965 seu

99 2983 325 3036 veritates
363 2984 607 3053 colligere
646 2992 877 3054 oportet,
920 3002 1052 3055 quae
1078 3029 1091 3047 ,

98 3054 222 3110 licet
260 3058 324 3110 de
365 3058 463 3111 fide
502 3060 676 3111 divina
716 3076 815 3112 non
856 3061 986 3122 sint,
1031 3077 1096 3113 ex

100 3130 225 3199 ipsis
254 3138 427 3186 tamen
457 3132 783 3202 dogmatibus
813 3150 901 3202 per
929 3135 1095 3202 legiti-

102 3219 242 3258 mam
269 3210 694 3277 consequentiam
733 3209 1060 3261 deducuntur
1080 3250 1093 3268 ,

105 3293 224 3332 cum
251 3279 580 3348 dogmatibus
620 3284 899 3346 uniuntur,
942 3291 994 3337 et
1032 3283 1096 3336 ad

104 3351 235 3409 haec
259 3353 571 3410 illustranda
599 3357 906 3411 inserviunt.

177 3425 314 3501 Istae
352 3430 559 3500 quidem
598 3431 956 3484 conclusiones
996 3446 1096 3483 non

106 3514 313 3568 semper
382 3503 702 3578 theologicae
776 3503 1100 3558 certitudinis

1150 241 1370 310 gradum
1396 242 1680 310 attingunt,
1705 241 1794 295 sed
1821 244 2125 314 quandoque

1149 317 1315 369 solum
1338 317 1603 375 maiorem,
1634 316 1717 368 vel
1742 318 1987 369 minorem
2013 334 2124 386 pro-

1148 390 1465 443 babilitatem
1494 392 1720 458 pariunt,
1752 390 2054 460 quandoque
2074 392 2126 443 in

1148 463 1553 518 controversiam
1604 465 1956 525 deducuntur,
2011 480 2126 517 cum

1148 539 1242 607 ipsi
1269 538 1511 606 Theologi
1553 540 1602 590 in
1644 540 1813 591 varias
1850 540 2129 591 sententias

1145 614 1354 666 abeant.
1398 612 1491 666 Ast
1530 629 1631 665 non
1672 613 1792 664 licet
1829 611 2132 679 Theologiae

1147 685 1427 739 Candidato
1467 688 1602 739 circa
1634 687 1759 739 istas
1784 687 2129 755 quaestioneS,

1149 769 1200 814 et
1221 763 1595 814 controversias
1621 761 1672 813 in
1687 760 1977 813 omnimoda
1997 761 2133 827 igno·

1149 838 1313 887 rantia
1359 837 1595 895 versari,
1643 851 1762 887 cum
1808 836 1963 887 etiam
2008 835 2134 886 istae

1149 909 1284 961 haud
1314 926 1428 962 raro
1455 910 1520 962 ad
1548 909 1826 978 Religionis
1852 909 2136 962 doctrinam

1149 983 1554 1046 dilucidandam,
1588 990 1640 1036 et
1678 983 1742 1036 ad
1783 998 1972 1035 nexum
2011 982 2135 1049 dog-

1147 1065 1346 1110 matum
1373 1058 1562 1110 clarius
1591 1057 1999 1125 perspiciendum
2029 1056 2133 1124 plu·

1149 1127 1648 1185 rimum'conferant.
1693 1132 1758 1184 Et
1777 1133 1818 1184 si
1846 1132 1898 1183 in
1926 1130 2138 1183 Theolo-

1147 1207 1230 1274 gia
1257 1207 1460 1267 morali,
1492 1209 1542 1258 in
1574 1207 1803 1266 historia,
1842 1206 1893 1257 in
1922 1204 2139 1273 philoso-

1151 1281 1267 1348 phia
1307 1289 1358 1333 et
1385 1281 1500 1333 aliis
1526 1280 1806 1349 disciplinis
1829 1285 2033 1347 praeter
2059 1293 2136 1330 re-

1147 1355 1295 1423 gulas
1336 1361 1387 1407 et
1426 1356 1672 1407 veritates
1722 1360 1892 1406 certas
1918 1395 1929 1415 ‚
1981 1353 2136 1405 etiam

1150 1430 1324 1482 variae
1382 1429 1665 1497 opiniones,
1710 1427 2038 1496 quaestiones
2090 1431 2140 1478 et

1148 1505 1528 1556 controversiae
1557 1505 1641 1555 vix
1686 1502 1788 1555 ullo
1829 1501 2142 1554 reclamante

1151 1584 1525 1646 proponuntur3
1570 1594 1669 1645 qua
1710 1577 1771 1628 de
1812 1591 1968 1628 causa
2010 1576 2140 1627 istae

1148 1654 1243 1705 sub
1282 1652 1455 1704 odioso
1494 1651 1897 1704 scholasticarum
1939 1649 2143 1701 nomine
2226 1657 2232 1666 ·

1150 1743 1215 1778 ex
1268 1726 1541 1792 Theologia
1605 1726 1895 1792 dogmatica
1937 1723 2142 1791 penitus

1150 1799 1495 1851 eliminandae
1532 1799 1709 1850 erunt?
1755 1827 1829 1837 —-
1871 1797 2142 1850 Caeterum

1150 1889 1267 1925 cum
1296 1874 1461 1925 omnis
1491 1873 1727 1925 tractatio
1758 1871 2042 1940 theologica
2080 1870 2142 1922 ad

1151 1947 1366 2014 gloriam
1389 1947 1503 2006 Dei,
1534 1954 1586 1998 et
1613 1946 1832 1999 salutem
1854 1947 2141 1998 animarum

1153 2021 1363 2074 tendere
1418 2022 1642 2083 debeat,
1701 2021 1878 2087 negari
1927 2019 2140 2088 nequit,

1152 2098 1480 2165 quaestiones
1555 2094 1891 2148 scholasticas
1922 2135 1934 2156 ,
2013 2109 2144 2162 quae

1156 2186 1364 2239 prorsus
1404 2185 1569 2222 vanae
1594 2211 1607 2231 ,
1652 2169 1824 2221 futiles
1864 2175 1916 2220 et
1956 2168 2147 2219 nullius

1155 2245 1390 2296 utilitatis
1428 2259 1539 2296 esse
1567 2249 1969 2313 cognoscuntur,
2000 2242 2147 2294 omit-

1157 2319 1338 2371 tendas
1368 2334 1499 2370 esse.

1230 2393 1282 2444 2.
1316 2392 1371 2444 ln
1400 2392 1454 2444 S.
1485 2391 1752 2459 Scriptura
1780 2390 2026 2442 veritates
2066 2404 2145 2440 re-

1158 2467 1380 2529 velatae,
1449 2482 1550 2518 non
1591 2471 1765 2517 autem
1810 2463 2144 2532 systernatico

1158 2541 1336 2593 ordine
1401 2540 1674 2608 dispositae
1708 2580 1718 2600 ,
1787 2539 2144 2590 inveniuntur.

1160 2615 1325 2667 Etiam
1356 2615 1406 2666 in
1435 2615 1637 2682 scriptis
1675 2612 1766 2665 SS.
1800 2612 2030 2673 Patrum,
2061 2610 2145 2678 qui

1162 2690 1387 2741 maxima
1435 2705 1501 2740 ex
1552 2694 1693 2753 parte
1742 2687 1791 2738 in
1831 2685 2150 2753 exponendis

1159 2763 1239 2816 Ss.
1259 2764 1452 2823 BibliiS,
1475 2770 1526 2815 et
1542 2765 1591 2814 in
1616 2760 1906 2814 refellendis
1927 2761 2004 2812 sui
2022 2766 2124 2811 tem

1164 2838 1298 2906 poris
1324 2838 1582 2890 erroribus
1608 2841 1946 2903 occupantur,
1989 2838 2130 2902 syste

1165 2913 1350 2964 matica
1390 2912 1623 2964 omnium
1662 2909 1962 2976 dogmatum
2003 2908 2123 2960 theo

1164 2987 1443 3038 reticorum
1509 2984 1841 3053 pertractatio
1880 2982 2127 3034 desidera

1165 3067 1267 3112 tur.
1294 3061 1433 3112 Haec
1454 3060 1610 3126 igitur
1649 3058 1714 3109 ad
1750 3057 1903 3109 finem
1932 3055 2131 3122 Religio

1166 3135 1244 3186 nis
1292 3135 1563 3187 necessaria
1590 3132 1687 3184 dici
1719 3147 1818 3183 non
1843 3136 2030 3200 potest3
2071 3128 2147 3180 do—

1165 3209 1330 3261 ctrina
1358 3208 1494 3260 enim
1523 3205 1732 3268 Christi,
1761 3206 1979 3274 simplici
2007 3202 2152 3255 modo

1166 3283 1442 3350 proposita,
1467 3281 1738 3349 praecipue
1766 3281 1818 3332 in
1846 3279 2022 3348 primis
2046 3292 2155 3329 sae-

1165 3355 1294 3408 culis
1321 3353 1600 3408 efficaciam
1635 3369 1783 3407 suam
1831 3354 1883 3406 in
1930 3351 2152 3404 moribus

1166 3430 1430 3482 hominum
1465 3427 1824 3488 emendandiS,
1868 3432 1921 3479 et
1957 3438 2152 3493 promo-

1166 3502 1333 3557 venda
1352 3519 1530 3557 eorum
1549 3501 1718 3556 salute
1744 3497 2026 3554 clarissime
2043 3509 2150 3548 ma-

2182 0 2247 32 ··=.‘
2273 0 2332 39 afa.
