2332 3860
313 112 386 165 ⁷2

241 211 425 272 sonteS,
457 225 547 263 seu
578 209 766 271 media,
791 208 980 279 quibus
1008 216 1149 262 tecta
1173 208 1238 262 de

240 283 346 337 Deo
373 290 425 336 et
451 283 665 337 infinitis
696 285 806 337 eius
841 283 1238 354 peifectionibus

240 347 464 426 cognitio
492 359 734 420 obtineri,
765 374 827 412 ac
853 359 1097 411 continuo
1126 374 1237 426 per-

239 433 322 485 fici
351 437 517 500 potest
538 439 589 485 et
617 432 784 485 debet.
822 431 884 484 Et.
911 448 1055 493 sane,
1092 431 1238 500 quid-

239 506 360 575 quid
387 507 594 575 sceptici
638 522 757 558 cum
795 505 980 558 Humio
1021 505 1232 568 dicant,

239 587 441 633 certum
469 587 566 642 est,
597 580 763 633 Deum
787 581 944 633 etiam
974 595 1062 648 per
1085 580 1237 632 ratio·

239 669 359 709 nem
390 655 628 720 cognosci
658 670 825 722 posse3
871 655 943 706 uti
987 654 1125 706 enim
1164 653 1239 705 vi·

239 728 412 782 dimus
450 728 543 781 Tb.
588 744 707 795 gen.
752 726 786 798 g
824 727 892 780 27
935 735 1062 789 etc.,
1108 728 1237 780 ratio

239 804 571 856 existentiam
599 802 689 854 Dei
733 803 889 855 variis
917 802 1238 869 argumentis

238 877 440 947 probat,
474 893 539 929 ex
567 877 751 945 quibus
781 877 937 929 etiam
979 877 1122 929 varia
1162 881 1238 928 at-

238 952 433 1004 tributa
475 951 650 1003 divina
703 950 851 1003 nobis
903 949 1231 1002 illucescunt.

240 1025 473 1086 Accedit,
506 1025 641 1093 quod
669 1024 808 1076 Deus
836 1025 942 1092 ipse
973 1025 1156 1076 rationi
1183 1030 1239 1075 ut

241 1100 406 1168 prima
434 1098 641 1154 Veritas
682 1098 881 1160 luceat,
914 1105 966 1151 ct
992 1114 1047 1150 se
1076 1097 1147 1150 illi
1183 1105 1238 1150 ut

244 1189 539 1242 supremum
579 1172 966 1240 Legislatorem,
1013 1180 1063 1226 et
1103 1188 1217 1225 sum

242 1262 383 1299 mum
422 1247 622 1299 Bonum
665 1253 1034 1314 repraesentet.
1062 1245 1239 1298 Caete-

241 1337 377 1382 rum,
411 1322 652 1390 quoniam
682 1320 821 1373 Deus
849 1321 1081 1373 infinitus
1108 1336 1238 1372 nun·

239 1410 395 1464 quam
419 1397 643 1463 perfecte
665 1394 1029 1463 comprehendi
1056 1402 1237 1462 potest,

240 1469 507 1537 Theologi,
552 1469 682 1521 duce
716 1466 772 1522 S.
819 1468 1112 1537 Augyustiao,
1152 1470 1237 1520 tri·

240 1543 426 1612 plicem
457 1545 593 1596 viam
621 1543 909 1611 assignant,
958 1559 1045 1611 per
1085 1559 1236 1611 quam

242 1618 374 1669 ratio
415 1617 477 1669 ad
521 1624 716 1669 rectam
757 1617 848 1669 Dei
891 1617 1239 1684 cognitionem

242 1693 517 1761 pcr‘enire
556 1691 714 1755 valet;
759 1691 956 1743 scilicet
986 1692 1122 1742 viam
1161 1707 1241 1742 ae-

244 1767 478 1831 yationis,
524 1765 646 1817 dum
687 1781 716 1816 a
761 1764 867 1817 Deo
913 1780 1238 1816 removemus

243 1856 375 1908 quae
416 1840 460 1891 ci
503 1855 602 1891 non
634 1839 969 1902 conveniun13
1003 1839 1137 1890 viam
1165 1839 1241 1905 af-

244 1914 561 1983 firmationis,
588 1913 710 1964 dum
733 1912 795 1964 de
813 1912 918 1965 Deo
938 1912 1071 1964 bona
1095 1928 1239 1980 prae·

245 1988 495 2048 dicamuS,
540 1987 785 2039 detractis
843 1986 1239 2054 imperfectioni-

243 2062 340 2115 bus
368 2062 779 2130 quibuscunque3
823 2067 874 2112 et
916 2060 1052 2111 viam
1079 2060 1235 2113 eoeeet-

245 2136 440 2196 tentiae,
474 2136 594 2188 dum
636 2141 838 2187 creatas
865 2150 1042 2187 omnes
1072 2135 1234 2203 perfe-

245 2211 441 2262 ctiones
482 2209 588 2261 Deo
630 2209 781 2276 longe
823 2208 1092 2268 nobiliori,
1137 2210 1238 2261 imo

244 2284 446 2336 infinito
485 2283 635 2336 modo
664 2285 853 2344 inesse,
898 2281 1233 2335 affirmamus

244 2388 316 2396 —-
343 2356 438 2410 Ast
465 2358 527 2410 ad
559 2358 916 2425 perfectiorem
947 2357 1037 2408 Dei
1066 2358 1240 2424 cogni-

243 2432 438 2484 tionem
478 2433 643 2499 magis
684 2447 772 2500 per
826 2430 1197 2483 revelationem
1223 2473 1234 2493 ‚

220 2522 398 2575 ‘quam
450 2522 541 2574 per
581 2506 834 2558 rationem
885 2506 1232 2573 pervenimus,

243 2581 352 2632 lam
386 2581 437 2632 in
467 2579 530 2634 V.
575 2579 633 2633 T.
678 2578 984 2648 magnificae
1031 2579 1094 2631 de
1133 2579 1239 2632 Deo

245 2654 479 2707 notiones
519 2653 831 2718 traduntur3
875 2653 1026 2706 sicuti
1064 2661 1238 2706 autem

242 2727 396 2796 plena
436 2726 768 2781 revelationis
808 2727 899 2779 lux
941 2743 1029 2795 per
1069 2727 1238 2780 Iesum

245 2800 510 2853 Christum
550 2802 695 2855 nobis
733 2800 967 2862 affulsit,
1020 2802 1090 2853 ita
1150 2817 1240 2869 per

246 2875 470 2928 eundem
512 2877 665 2928 etiam
727 2875 1096 2944 perfectissima
1147 2874 1237 2928 Dei

244 2949 470 3016 cognitio
510 2950 657 3001 nobis
715 2948 1095 3011 communicata
1136 2956 1232 3002 est.

243 3023 360 3091 Ipse
383 3023 523 3074 enim
543 3024 850 3091 mysterium
871 3022 1131 3075 Trinitatis
1155 3039 1240 3076 no-

244 3097 324 3150 bis
353 3097 614 3164 patefecit,
647 3113 707 3150 ac
734 3098 785 3149 in
817 3113 968 3166 opere
1002 3098 1238 3150 incarna-

245 3170 418 3231 tioniS‚
450 3185 511 3222 ac
539 3170 904 3239 redemptionis
936 3171 1239 3224 immensam

245 3243 338 3296 Dei
380 3241 718 3305 charitatem,
774 3244 1128 3300 admirabilem
1159 3262 1238 3301 sa-

272 3377 274 3379 *
307 3402 342 3448 ι)
366 3405 416 3439 10.
445 3403 479 3446 1,
504 3402 557 3439 18.

305 3447 339 3491 2)
367 3449 383 3484 1
408 3449 458 3483 ιο.
486 3447 518 3490 5,
543 3446 599 3482 20.

295 3491 348 3538 13)
371 3493 477 3529 Prov.
505 3491 539 3536 1,
563 3490 599 3528 ἵ..

930 129 995 166 ΒΕ
1031 129 1125 169 DEO
1163 129 1214 166 IN
1252 129 1308 166 SE
1345 125 1605 167 SPEGTATo.

1301 210 1567 279 pientiam,
1613 216 1665 262 et
1704 209 1953 263 infinitam
1996 217 2104 264 tum
2146 211 2327 287 iusti·

1300 285 1424 338 tiam
1451 291 1562 337 tum
1589 285 2035 338 miselicordiam
2022 301 2072 338 m
2103 271 2327 354 plenis-

1299 359 1428 411 sima
1457 357 1571 410 luce
1599 358 1841 411 ostendit.
1885 358 2004 412 Ideo
2057 359 2284 427 legitur:

1299 432 1454 484 Deam
1481 447 1617 484 izemo
1651 432 1769 486 vidit
1794 448 2034 500 anquam,
2066 433 2289 501 itaiyeai-

1301 514 1376 558 tus
1403 504 1586 567 Filius,
1618 508 1704 574 qai
1742 513 1809 559 est
1847 507 1899 558 in
1939 508 2054 559 sinit
2077 504 2246 559 Patris
2272 548 2285 569 ,

1299 581 1398 649 ipse
1424 580 1674 632 enarravit
1704 577 1802 651 (l):
1834 585 1903 631 et:
1935 580 2146 642 Scitam,
2177 597 2290 649 quo-

1300 655 1434 706 niam
1473 653 1634 706 Filias
1660 653 1755 705 Dei
1793 654 1941 716 venit,
1984 662 2026 705 et
2053 653 2182 706 dedit
2209 671 2291 707 no-

1301 727 1370 780 bis
1408 743 1622 791 sensam,
1646 736 1700 780 ut
1747 743 2086 797 coyaoscamus
2121 743 2289 782 verum

1301 802 1458 856 Deum
1488 801 1582 874 (ἢ).

1374 877 1426 928 [ι.
1459 874 1536 928 Ad
1567 883 1760 928 rectam
1789 875 1884 928 Dei
1911 891 2187 945 rerumque
2213 877 2291 930 di-

1302 951 1541 1004 vinarum
1562 951 1904 1018 cognitionem
1929 950 2257 1004 obtinendam
2274 993 2288 1014 ,

1300 1025 1550 1094 imprimis
1591 1026 1787 1093 puritas
1837 1024 2003 1077 cordis
2042 1026 2287 1093 exigitur.

1299 1098 1555 1151 -Sicuti
1599 1099 1734 1151 enim
1775 1097 1907 1151 oculi
1951 1100 2177 1168 corporis
2204 1115 2293 1153 va-

1302 1174 1508 1242 poribus
1547 1173 1847 1225 circumdati
1890 1172 2089 1226 obiecta
2128 1180 2292 1227 mate-

1302 1247 1449 1300 rialia
1476 1248 1572 1299 rite
1600 1247 1789 1299 intueri
1819 1247 1953 1299 baud
1998 1247 2191 1312 valent;
2223 1248 2293 1300 ita

1302 1322 1454 1373 etiam
1485 1321 1617 1373 oculi
1649 1322 1836 1373 mentis
1858 1320 2161 1374 inordinatis
2184 1338 2294 1389 pas·

1301 1396 1528 1448 sionibus
1569 1394 1850 1448 obnubilati
1892 1395 2090 1448 obiecta
2139 1396 2292 1463 spiri-

1301 1469 1460 1521 tualia
1501 1469 1668 1522 debita
1710 1469 1942 1521 claritate
1985 1485 2295 1536 cognoscere

1304 1550 1583 1611 nequeunt.
1655 1543 1772 1595 Ideo
1838 1543 2025 1610 legitur
2056 1560 2068 1593 ε
2130 1543 2296 1596 Timor

1303 1617 1502 1669 Domini
1534 1618 1838 1686 principiam
1887 1618 2149 1685 sapientiae
2191 1617 2290 1688 (5).

1301 1690 1479 1743 Sentite
1504 1691 1558 1743 de
1585 1691 1796 1743 Domino
1824 1692 1875 1742 in
1917 1691 2141 1751 bonitate,
2173 1700 2215 1744 et
2241 1692 2295 1744 in

1300 1766 1608 1833 simplicitate
1631 1765 1788 1817 cordis
1816 1766 2033 1833 quaerite
2055 1765 2223 1819 illum.
2247 1807 2257 1819 .
2278 1807 2289 1819 .

1301 1840 1534 1907 quoniam
1563 1840 1612 1890 in
1643 1839 1924 1891 malevolam
1952 1840 2170 1892 animam
2197 1856 2294 1893 non

1302 1912 1523 1966 introibit
1552 1914 1812 1981 sapientia,
1845 1929 1928 1965 nee
1969 1913 2204 1967 habitabit
2243 1915 2296 1967 in
2324 1964 2327 1965 γ

1301 2003 1497 2056 corpore
1518 1986 1709 2038 subdito
1734 1989 1939 2055 peccatis
1968 1985 2064 2058 (lt).
2091 1986 2294 2040 Anima·

1303 2061 1522 2113 lisltomo
1564 2077 1658 2113 non
1675 2061 1881 2130 percipit
1903 2077 1978 2123 ea,
2021 2078 2143 2130 quae
2182 2071 2296 2115 sunt

1301 2133 1521 2204 Spiritus
1548 2134 1661 2187 Dei:
1691 2135 1902 2187 stultitia
1929 2136 2061 2187 enim
2099 2144 2166 2188 est
2194 2136 2290 2199 illi,

1301 2218 1343 2261 et
1374 2225 1474 2261 aon
1498 2216 1651 2278 potest
1691 2209 1977 2277 intelliqere,
2007 2213 2128 2278 quia
2148 2211 2296 2279 spiri·

1303 2283 1500 2335 letaliter
1527 2284 1860 2335 eceamiaatur.
1893 2280 2185 2351 Spiritualis
2205 2300 2294 2336 aa·

1303 2365 1394 2410 tem
1420 2358 1601 2409 iudicat
1622 2358 1790 2409 omnia
1813 2355 1909 2428 (5).
1940 2357 2070 2410 Hinc
2088 2356 2147 2412 S.
2174 2356 2294 2410 Gre-

1300 2431 1467 2498 qorius
1486 2431 1619 2483 Naz.
1655 2429 1731 2501 (6)
1761 2431 2017 2484 disserens
2044 2432 2107 2486 de
2145 2432 2295 2485 modo

1301 2505 1465 2557 Deum
1495 2512 1635 2557 lecte
1659 2505 2022 2573 cognoscendi,
2047 2505 2175 2558 haec
2202 2522 2294 2558 no·-

1303 2586 1411 2631 tatu
1442 2579 1740 2647 dignissima
1771 2579 1977 2647 profert:
2026 2599 2051 2628 ι(
2083 2579 2179 2632 Per
2217 2581 2296 2632 in·

1302 2654 1598 2722 tegritatem
1664 2654 1800 2705 vitae
1865 2644 2202 2720 spiritualiter
2240 2670 2294 2706 a·

1302 2727 1509 2788 scende,
1554 2733 1605 2779 et
1631 2742 1722 2796 per
1763 2728 2119 2795 purgationem
2147 2727 2292 2780 illum

1300 2798 1556 2869 attingere
1598 2808 1647 2854 et
1690 2801 1947 2868 possidere
1986 2801 2163 2862 stude,
2207 2803 2293 2870 qui

1302 2876 1606 2944 purissimus
1639 2882 1734 2927 cst.
1779 2874 1831 2927 Si
1874 2875 1951 2927 vis
1977 2874 2288 2943 Tlieologus,

1301 2956 1352 3002 et
1379 2950 1594 3002 scientia
1623 2949 1797 3001 divina
1824 2948 2010 3015 dignus
2038 2948 2170 3010 fieri,
2203 2949 2294 3002 ob-

1301 3040 1450 3076 serva
1494 3023 1772 3084 mandata,
1822 3029 1875 3074 et
1921 3037 2011 3089 per
2051 3022 2178 3074 haec
2228 3021 2290 3074 ad

1300 3097 1573 3150 sublimem
1600 3097 1754 3149 finem
1785 3102 1931 3147 tuum
1960 3095 2291 3163 progredere3

1300 3171 1434 3223 actio
1469 3171 1605 3222 enim
1633 3171 1770 3226 viam
1802 3169 1866 3223 ad
1895 3167 2289 3239 intelligentiam

1301 3250 1467 3315 parat.
1505 3262 1527 3292 »
1923 3243 1931 3250 ‘

1350 3404 1395 3445 (4)
1423 3401 1503 3447 Sap.
1529 3401 1561 3445 1,
1588 3403 1601 3437 t
1629 3407 1700 3438 etc.

1361 3448 1393 3490 5)
1420 3448 1436 3480 Ι
1459 3449 1538 3483 Cor.
1561 3445 1594 3488 2,
1620 3446 1663 3481 14
1683 3451 1755 3485 ete.

1361 3491 1397 3537 6)
1420 3492 1520 3529 Orat.
1546 3489 1600 3535 20,
1626 3501 1662 3527 n.
1691 3492 1743 3527 ta.
