2332 3860
85 0 110 7 r-
117 0 123 4 .

82 14 106 39 m—
158 23 169 30 ³

57 124 71 134 ι

31 237 50 250 Γ.

0 279 42 326 ···ῖ·,
99 265 152 320 S.
187 262 421 334 Dionysio
444 261 604 331 Papa,
636 268 694 314 ut
723 262 969 316 haeretici
998 261 1085 315 ha-

11 383 14 386 .
97 341 188 394 biti
226 342 366 398 sunt,
409 338 527 405 quia
550 336 933 390 distinctionem
973 353 1085 406 per-

96 427 338 466 sonarum
382 417 659 478 negarunt.
708 411 894 463 Eodem
936 410 1086 462 modo

97 492 154 539 ut
190 485 479 537 haereticus
518 484 725 538 habitus
764 493 842 538 est
891 484 1086 538 Paulus

14 615 20 619 ,
95 559 456 620 Samosatenus‚
486 560 572 627 qui
638 559 1086 612 consubstantiali-

99 639 259 686 tatem
299 631 412 684 Filii
459 648 578 684 cum
619 633 788 694 Patre,
833 649 924 684 seu
978 634 1089 684 uni·

31 737 34 740 -
97 713 256 760 tatem
322 709 573 759 essentiae
623 707 674 758 in
716 706 962 758 Trinitate
1003 722 1087 757 ne-

3 793 7 796 ’
97 782 257 849 gavit.
302 779 397 831 Hic
446 796 476 832 a
543 778 601 834 S.
652 779 888 848 Dionysio
939 780 1080 833 Aleae.

19 879 31 897 -·
98 857 434 922 impugnatus
510 861 562 906 et
621 855 671 906 in
723 855 921 906 duobus
961 853 1090 905 Con-

16 929 21 931 “
98 928 228 980 ciliis
255 927 558 980 Antiochiae
584 944 721 980 anno
749 928 878 989 Ἑῧίι,
903 935 952 980 et
980 929 1088 980 970

100 1002 288 1055 habitis
328 1002 603 1053 damnatus
644 1009 739 1053 est.

173 1074 279 1129 obi.
317 1076 393 1126 4⁸.
440 1075 617 1127 Patres
656 1077 851 1144 antiqui
895 1076 1089 1143 praeci-

99 1165 199 1218 pue
240 1149 460 1201 Iustinus
499 1158 547 1201 et
582 1147 802 1203 Clemens
828 1148 971 1201 Alex.
1005 1150 1090 1202 do-

99 1218 318 1276 ctrinam
360 1223 422 1273 de
451 1222 698 1275 Trinitate
745 1240 810 1276 ex
877 1224 1091 1291 philoso-

0 1324 12 1331 ·
100 1297 216 1366 phia
251 1297 502 1364 platonica
531 1298 581 1348 in
624 1298 921 1364 religionem
962 1299 1093 1350 chri-

15 1372 18 1377 ’
101 1371 322 1424 stianam
356 1370 756 1423 transtulerunt.

174 1444 316 1513 Res-p.
360 1444 615 1497 Sociniani
664 1445 792 1497 haec
850 1446 1090 1498 obiiciunt

6 1506 15 1539 ⁷³
102 1534 166 1570 ex
208 1519 332 1570 t'also
373 1522 653 1586 supposito,
699 1520 830 1588 quod
862 1521 1090 1572 doctrina

103 1593 166 1643 de
190 1591 438 1643 Trinitate
469 1594 694 1645 revelata
726 1611 823 1645 non
866 1596 947 1645 sit.
994 1594 1096 1646 Ma-

105 1667 243 1716 xima
270 1674 443 1717 autem
475 1668 657 1718 iniuria
692 1668 906 1719 infertur
937 1668 1095 1719 Patri-

103 1740 200 1791 bus
233 1740 461 1791 doctrina
499 1748 549 1791 et
592 1743 779 1808 pietate
830 1749 1090 1808 praestan·

105 1814 260 1874 tibus,
330 1814 577 1873 dicendo,
640 1815 771 1882 quod
814 1818 1096 1867 sententias

22 1890 58 1958 f
107 1887 486 1955 philosophicas
527 1894 582 1938 ut
606 1888 842 1955 dogmata
868 1891 1091 1940 revelata

105 1961 438 2013 venditarunt.
480 1961 708 2013 lustinus
761 1963 867 2029 ipse
908 1963 1097 2014 fatetur

108 2034 159 2086 in
202 2034 332 2086 Dial.
366 2051 412 2086 c.
458 2033 655 2103 Tryph.
716 2037 839 2088 nihil
882 2037 973 2088 sibi
1014 2054 1099 2089 cu-

30 2169 38 2180 ·
107 2125 196 2161 rae
235 2125 345 2160 esse
412 2108 675 2160 Platonem
738 2118 789 2162 et
848 2110 1098 2179 Pythago-

109 2199 240 2243 ram,
295 2198 451 2250 seque
521 2183 802 2251 Prophetas
842 2187 981 2252 sequi
1025 2186 1099 2236 ‹li-

109 2257 302 2308 vinitus
361 2257 651 2323 inspiratos
723 2258 796 2310 De
860 2257 1099 2310 Clwnenle

109 2331 252 2382 Alex.
285 2330 337 2383 S.
373 2329 594 2398 Cyrillus
632 2330 773 2383 Aleae.
821 2330 896 2403 (1)
941 2340 1093 2385 testa-⁷

11 2406 22 2421 ¹
111 2410 215 2465 tur,
248 2406 381 2472 quod
414 2420 514 2455 non
543 2404 876 2473 Philosophus
916 2408 1002 2458 sed
1034 2405 1099 2458 Α-

114 2479 336 2546 postolos
377 2479 564 2543 ubique
611 2487 819 2531 secutus
865 2487 960 2532 est.
1006 2480 1101 2532 Ee-

6 2545 322 2619 'Jclesiam
382 2568 586 2620 semper
650 2553 972 2620 invigilasse,
1037 2571 1101 2606 ne

19 2696 21 2698 Ι
64 2640 67 2642 ·
113 2624 298 2692 placita
342 2625 686 2694 philosophica
743 2644 831 2695 pro
872 2628 1100 2680 doctrina

14 2747 27 2751 ,
114 2700 339 2751 revelata
384 2701 655 2752 tradantur
695 2716 761 2753 ex
804 2701 1102 2754 Tertulliano

117 2769 190 2841 (Ξ)
231 2780 283 2824 et
321 2773 532 2825 Eusebio
572 2774 649 2845 (5)
709 2783 930 2828 constat.
983 2776 1106 2829 Cae-

116 2852 280 2897 terum
325 2862 567 2912 magnum
609 2848 882 2900 discrimen
925 2858 1002 2902 est
1031 2853 1103 2903 in-

117 2925 195 2970 ter
258 2919 557 2972 Trinitatem
626 2920 940 2974 Platonicam
974 2965 986 2985 ,
1055 2931 1105 2976 et.

12 3009 38 3067 ,Ξ
116 2991 478 3046 Christianam.
525 2993 674 3046 lllam
711 3011 833 3048 vero
866 2996 1105 3048 hincinde

114 3065 293 3118 Patres
338 3068 389 3120 in
421 3068 645 3120 medium
686 3069 1106 3136 protulerunt‚ut

16 3155 27 3197 »ζ
114 3140 464 3204 ostenderent,
509 3142 644 3194 hanc
684 3144 870 3196 rationi
897 3161 998 3196 non
1028 3161 1107 3197 re·

2 3420 73 3611 ss.
159 3445 214 3579 {2}

115 3228 366 3282 pugnare.

186 3287 295 3341 Obi.

161 3444 212 3490 ()1
235 3446 302 3483 Lib
338 3449 360 3484 6
381 3458 412 3484 c.
449 3451 578 3485 Iulian.

233 3492 536 3574 ffepffitif‘lt'a
549 3503 595 3574 οε»,
608 3494 702 3574 '‘ioft
726 3493 759 3532 ⁸¹

726 181 844 219 PARS
875 180 918 218 1.
960 179 1126 219 sceno
1163 179 1413 218 n..cA1³tJ‘r
1448 179 1486 217 1.

1948 165 2057 219 457

1146 261 1378 317 Pacarius
1414 267 1467 314 et
1491 260 1620 314 Dan.
1651 259 1862 313 Huetius
1888 261 2136 326 fatentur,

1149 337 1323 390 Patres
1360 336 1597 404 antiquos
1647 350 1747 386 uon
1789 348 1904 391 eam
1943 335 2006 387 de
2031 335 2140 389 Tri-

1151 413 1310 463 nitate
1349 409 1503 461 fidem
1544 408 1807 469 habuisse,
1851 423 2006 476 quam
2039 410 2136 462 Ec·

1150 484 1305 536 clesia
1345 491 1457 550 post
1507 481 1733 536 Concilio
1797 481 2076 534 Nicaenum
2114 483 2142 534 1

1150 565 1201 610 et
1241 555 1492 610 CPlanum
1521 557 1551 608 Ι
1584 557 1772 617 tenuit,
1817 554 1906 607 sed
1948 571 2035 608 eos
2081 555 2142 606 dc

1150 632 1319 687 Verbo
1359 632 1498 683 etde
1529 630 1722 699 Spiritu
1762 628 1954 682 Sancto
1994 629 2143 682 aliter

1149 705 1466 759 disseruisse.

1220 778 1362 847 Resp.
1422 779 1534 847 lpse
1599 778 1823 830 Petarius
1887 776 2143 839 observat,

1151 855 1247 906 tria
1288 868 1401 904 esse
1457 854 1508 905 in
1578 854 1824 921 mysterio
1881 849 2145 902 Trinitatis

1150 927 1451 995 spectanda,
1482 927 1827 979 substantiam
1866 925 2141 991 dogmatiS‚

1151 1001 1403 1070 quaedam
1447 1002 1789 1059 consectaria,
1826 1006 1878 1052 et
1906 998 2145 1068 loquendi

1154 1076 1385 1127 modum.
1438 1075 1618 1127 Patres
1676 1089 1855 1126 omnes
1918 1073 1969 1124 in
2023 1073 2144 1126 sub-

1154 1152 1343 1201 stantia
1371 1150 1601 1219 mysterii
1625 1156 1673 1201 et
1703 1149 1839 1200 inter
1866 1163 1921 1198 se
1950 1153 2001 1199 et
2027 1162 2146 1199 cum

1157 1223 1390 1275 Ecclesia
1449 1223 1706 1276 catholica
1762 1222 2143 1274 consentiunt:

1155 1313 1214 1349 ea
1268 1314 1391 1364 ergo
1425 1338 1437 1358 ‚
1507 1298 1555 1348 in
1607 1297 1792 1365 quibus
1832 1311 1861 1348 a
1914 1296 2148 1348 doctrina

1155 1371 1407 1423 catholica
1449 1371 1721 1423 dissentire
1763 1370 2027 1432 videntur,
2071 1385 2148 1422 so-

1159 1447 1261 1496 lum
1304 1448 1502 1497 minuta
1562 1445 1837 1514 quaedam,
1881 1448 1974 1498 aut:
2029 1459 2150 1496 con-

1156 1521 1374 1572 sectaria
1415 1520 1669 1586 dogmatis
1702 1561 1714 1580 ,
1783 1524 1874 1571 aut
1938 1518 2149 1570 modum

1160 1594 1394 1661 loquendi
1436 1601 1775 1645 concernunt.
1821 1593 2012 1645 Mirum
2060 1608 2151 1644 au-

1157 1674 1260 1718 tem
1317 1684 1415 1719 non
1469 1675 1576 1729 est,
1639 1667 2007 1719 antenicaenos
2059 1665 2153 1718 Pa-

1160 1749 1264 1792 tres
1315 1748 1394 1793 sat
1457 1742 1711 1793 accuratis
1765 1741 1975 1792 vocibus
2035 1755 2154 1791 usos

1162 1832 1258 1865 non
1302 1831 1445 1876 esse,
1490 1831 1708 1882 quarum
1770 1830 1954 1866 sensus
2005 1821 2059 1866 et
2098 1829 2154 1864 u-

1159 1905 1246 1939 sus
1289 1904 1378 1956 per
1418 1890 1700 1956 posteriora
1742 1889 1959 1940 concilia
1988 1887 2157 1939 deter-

1161 1963 1385 2014 minatus
1429 1963 1541 2014 fuit.
1595 1961 1936 2031 Caeteroquin
1978 1961 2157 2013 Patres

1159 2036 1324 2103 quarti
1372 2042 1422 2088 et
1462 2037 1625 2103 quinti
1667 2037 1890 2097 saeculi,
1935 2052 2020 2087 ex.
2072 2051 2153 2102 gr.

1158 2110 1211 2162 S.
1256 2108 1560 2162 Athanasius
1602 2110 1698 2179 (lt),
1725 2110 1782 2163 S.
1820 2109 2044 2162 Basilius
2080 2107 2156 2179 (ὅ)

1161 2191 1210 2235 et
1277 2184 1330 2236 S.
1399 2182 1705 2251 Augustinus
1755 2181 1830 2255 (6)
1899 2189 2156 2235 testantur

1163 2258 1338 2310 Patres
1377 2260 1743 2310 antenicaenos
1784 2265 1922 2310 recte
1959 2258 2022 2308 de
2049 2258 2162 2308 Tri-

1164 2333 1323 2383 nitate
1351 2335 1592 2384 sensisse:
1638 2332 1780 2384 citati
1843 2339 2019 2384 autem
2062 2330 2160 2383 Do-

1163 2413 1330 2457 ctores
1372 2408 1555 2458 melius
1582 2407 1821 2474 antiquos
1848 2405 2028 2457 Patres
2077 2420 2161 2456 co-

1162 2495 1410 2547 gnoscere
1451 2487 1503 2531 et
1553 2480 1835 2531 diiudicare
1895 2485 2157 2546 poterant,

1163 2569 1318 2620 quam
1381 2553 1624 2605 Petavius
1665 2559 1714 2605 et
1754 2553 1991 2614 HuetiuS,
2036 2567 2162 2620 quos

1167 2627 1262 2678 hac
1303 2628 1351 2678 in
1397 2644 1449 2678 rc
1501 2629 1788 2692 aberrasse,
1824 2626 2164 2678 ostenderunt

1164 2700 1374 2752 Fratres
1412 2701 1676 2762 Balleriui,
1730 2701 1953 2763 Witasse,
1998 2699 2162 2753 Simo·

1164 2782 1243 2826 nel
1285 2774 1497 2842 aliique.

1240 2847 1346 2900 Obi.
1393 2850 1472 2901 5⁸.
1519 2848 1569 2900 Si
1624 2849 1883 2915 primaeva
1934 2845 2165 2900 Ecclesia

1169 2930 1272 2974 tres
1312 2923 1513 2975 divinas
1542 2938 1788 2989 personas
1826 2921 2162 2982 credidisset,

1171 2997 1303 3047 hanc
1342 2996 1496 3047 fidem
1537 2996 1770 3048 Gentiles
1797 2995 2163 3056 vellicassent,

1171 3077 1225 3120 ut
1263 3069 1664 3138 polytheismum
1724 3085 1876 3122 suum
1930 3069 2169 3138 defende-

1173 3150 1305 3210 rent;
1338 3144 1386 3194 id
1416 3151 1591 3196 autem
1632 3143 1812 3196 nullibi
1843 3144 2035 3196 factum
2065 3150 2165 3195 est:

1174 3232 1438 3283 perperam
1504 3218 1658 3287 igitur
1716 3218 1780 3272 ad
1819 3217 2167 3271 Traditionem

346 3289 426 3342 2⁸.
472 3288 805 3344 Celeberrimi
863 3291 1106 3360 Theologi
1172 3290 1479 3358 appellatur.

1219 3450 1332 3493 (41η
1358 3453 1422 3495 Ep.
1444 3452 1488 3486 ad
1514 3451 1662 3504 Adelph.

1220 3494 1255 3538 (5
1294 3495 1373 3530 Lib.
1397 3497 1441 3529 de
1464 3496 1558 3551 Spir
1583 3498 1619 3530 S.
1644 3505 1674 3530 c
1714 3495 1769 3532 27.

1219 3538 1256 3582 (6
1294 3539 1334 3576 L.
1361 3537 1450 3574 lde
1473 3539 1573 3576 'trin
1603 3548 1637 3576 c.
1663 3539 1695 3575 ἂ.
