2332 3860
759 212 879 248 mus
914 212 952 248 1.
994 209 1160 249 senno
1198 211 1235 250 1.
1278 209 1432 248 CAPUT
1466 210 1523 247 n.

124 300 209 369 qui
237 303 367 352 ante·
385 301 587 361 tempus
614 308 763 345 omne
790 299 994 360 tempus
1021 307 1110 343 ex·

124 373 279 426 cedit.
314 390 340 418 n
364 368 416 422 S.
449 367 753 435 Aayustinus
782 363 880 436 (l):
906 363 1114 417 «AEter-

126 448 260 513 nitas
287 445 394 510 ipsa
420 441 510 494 Dei
534 440 820 492 substantia
854 444 952 497 est,
983 453 1114 507 quae

125 515 248 571 nibil
290 516 445 568 habet
470 512 740 565 mutabile:
771 513 838 564 ibi
871 510 995 562 nihil
1037 516 1115 563 est

126 589 460 660 praeteritum
504 585 648 655 quasi
714 587 813 636 iam
874 600 974 636 non
1024 585 1110 647 sit3

112 663 350 716 ‘nihilest
405 661 655 716 futurum,
701 658 845 726 quasi
888 657 1114 709 nondum

125 738 210 800 sit3
242 750 341 788 non
379 740 458 786 est
489 733 557 785 ibi
598 732 696 784 nisi
726 738 823 783 est.
863 750 883 778 »
914 730 965 782 S.
995 729 1116 782 Gre-

123 811 291 879 9orius
313 808 387 861 M.
414 808 478 858 dc
517 806 620 859 Deo
647 806 840 861 scribit:
861 822 887 852 «
912 805 1023 855 sine
1045 805 1114 854 in-

125 883 396 935 choatione
437 887 488 933 et
534 879 751 932 termino
793 878 904 930 eius
956 884 1119 929 aeter·

132 971 256 1008 num
320 970 434 1006 csse
486 952 754 1016 dilatatur3
823 952 970 1019 eique
1025 967 1118 1002 nec

133 1036 390 1083 transacta
435 1032 782 1095 praetereunt,
818 1040 912 1076 nec
951 1024 1119 1076 adhuc

132 1111 374 1163 ventura,
396 1102 540 1170 quasi
570 1115 701 1169 quae
725 1115 823 1151 non
838 1104 1120 1166 appareant

133 1178 340 1240 desunt-3
383 1176 503 1244 quia
545 1175 605 1234 is,
639 1174 724 1241 qui
763 1187 967 1239 semper
1007 1187 1118 1223 esse

135 1251 309 1308 habet,
352 1255 539 1300 cuncta
566 1247 660 1299 sibi
684 1245 973 1315 praesentia
1002 1260 1120 1297 con-

135 1324 304 1391 spicit.
343 1341 370 1370 »
404 1351 468 1360 —
500 1320 729 1373 Ecclesia
768 1321 818 1371 in
886 1319 1121 1386 symbolo

135 1395 485 1449 Athanasiano
527 1393 816 1462 profitetur:
886 1390 1122 1444 Aeternus

138 1470 285 1522 Pater
311 1511 323 1530 ,
367 1476 594 1521 aeternus
636 1467 828 1527 Filius,
898 1475 1122 1517 aeternus

134 1543 357 1611 Spiritus
413 1542 653 1602 Savactu33
710 1548 754 1591 et
814 1549 971 1592 tamen
1028 1555 1124 1590 non

137 1626 232 1668 tres
280 1616 485 1675 aeterni,
537 1615 617 1666 sed
680 1630 809 1666 unus
874 1621 1118 1664 aeternus

137 1697 188 1742 et
209 1688 355 1741 Cone.
389 1689 710 1740 Lalermwnse
749 1687 826 1739 IV
850 1685 925 1757 (9)
961 1686 1123 1737 Deum

137 1771 387 1816 aeternum
427 1777 543 1820 esse,
587 1761 840 1813 definivit.

211 1836 264 1888 3.
297 1836 378 1887 Ex
403 1835 611 1892 ratione,
656 1848 789 1902 quae
830 1832 991 1883 Deum
1040 1849 1124 1884 ae-

141 1917 362 1970 ternum,
394 1909 456 1960 ab
485 1908 645 1967 initio,
679 1907 778 1958 fine
807 1913 857 1957 et
887 1906 1127 1973 temporis

140 1983 465 2036 successione
504 1982 735 2033 alienum
763 1995 892 2040 esse,
942 1994 1128 2043 cogno-

140 2058 253 2109 scit.
286 2055 341 2129 a)
370 2056 506 2108 Deus
546 2062 686 2107 certe
710 2054 911 2105 initium
941 2052 1129 2104 babere

144 2131 319 2199 nequit
358 2130 475 2198 quia
517 2135 595 2180 est
622 2144 763 2181 ensa
803 2142 877 2187 se,
911 2141 1002 2177 eus
1032 2127 1129 2193 pri-

142 2220 303 2256 mum:
335 2219 434 2255 non
466 2209 630 2269 potest
657 2217 779 2267 ergo
805 2201 1008 2251 initium
1047 2215 1129 2251 su-

142 2293 284 2330 mere
323 2277 386 2329 ab
426 2276 546 2336 alio,
589 2276 705 2344 quia
748 2273 872 2325 nibil
923 2272 1130 2340 cstipso

143 2351 307 2420 prius3
354 2365 518 2417 neque
568 2348 868 2415 sibimetipsi
928 2347 1132 2397 initium

143 2426 266 2477 dare
307 2425 489 2493 potuit,
541 2424 658 2492 quia
698 2422 956 2473 debuisset
997 2436 1128 2479 esse,

146 2505 202 2550 ut
256 2497 577 2566 produceret,
642 2502 691 2547 ct
743 2511 844 2546 non
884 2509 1015 2551 esse,
1080 2500 1134 2544 ut

148 2572 533 2640 produceretur.
554 2567 607 2639 b)
625 2569 759 2620 Deus
789 2568 943 2619 etiam
979 2567 1131 2618 finem

146 2644 337 2697 habere
365 2644 563 2711 nequit,
619 2643 737 2710 quia
779 2647 857 2692 cst
909 2655 1002 2692 ens
1033 2655 1133 2691 ne-

149 2718 449 2777 cessarium,
498 2716 631 2784 quod
673 2731 703 2767 a
757 2713 898 2766 nulla
963 2713 1134 2764 condi-

151 2791 289 2842 tione
328 2790 601 2856 dependet,
646 2795 696 2839 et
722 2788 869 2839 cuius
900 2802 997 2837 non
1029 2788 1136 2838 exi-

150 2863 338 2916 stentia
388 2862 528 2913 nullo
590 2862 736 2912 modo
802 2860 1013 2928 cogitari
1053 2876 1138 2927 po-

152 2945 272 3002 test3
303 2951 420 2987 nam
461 2936 500 2986 si
558 2934 696 2986 Deus
737 2947 847 2984 esse
888 2939 1133 2993 cessaret,

156 3011 235 3062 vel
265 3011 329 3063 ab
356 3009 475 3069 alio,
520 3007 603 3058 vel
656 3023 684 3058 a
736 3006 1012 3072 semetipso
1053 3005 1138 3057 de-

141 3085 279 3136 strui
322 3083 552 3145 deberet3
584 3079 671 3132 sed
700 3080 763 3132 ab
803 3079 903 3131 alio
945 3078 1139 3130 destrui

157 3157 334 3226 nequit
365 3171 456 3208 ens
495 3154 865 3222 independenS,
896 3158 947 3204 et
975 3158 1142 3204 caete-

66 3248 82 3300 ζ
157 3245 331 3283 rorum
351 3230 548 3281 entium
578 3243 733 3280 causa
761 3241 1021 3295 suprema:
1057 3241 1142 3277 ne-

157 3319 256 3372 que
295 3304 522 3371 seipsum
562 3301 827 3353 destruere
858 3305 1023 3367 potest
1051 3314 1144 3351 ens

157 3376 356 3429 infinite
371 3374 795 3446 perfectumquod
813 3389 911 3425 non
926 3373 1024 3425 alio
1042 3388 1144 3425 mo·

31 3464 35 3465 ⁷
79 3504 87 3507 μ
161 3449 1146 3517 doconcipipotest,quamse‚suamque

35 3526 62 3600 ξε

13 3605 132 3860 Ξ

205 3548 257 3587 ίῙ)
282 3549 386 3585 Euar.
412 3549 445 3585 2.
472 3549 510 3583 in
535 3550 589 3585 Ps.
616 3547 693 3584 101.

2013 200 2074 253 9!

1175 291 1503 343 existentiam
1524 304 1704 342 amans
1730 297 1782 343 et
1821 306 2152 349 conservans

1174 362 1242 434 c.)
1282 364 1515 432 Denique
1547 365 1700 426 etiam
1742 366 1995 417 successio
2032 374 2156 422 tem-

1177 439 1311 511 poris
1352 438 1400 488 in
1443 436 1548 488 Deo
1576 437 1787 503 cogitari
1819 439 2013 506 nequit,
2043 443 2159 508 quia

1176 511 1455 563 aeternitas
1479 510 1771 562 successiva
1800 511 2159 566 contradictio·

1179 601 1295 636 nem
1336 584 1574 655 involvit,
1618 589 1669 634 et
1698 583 2050 653 metaphysice
2071 586 2161 637 im·

1179 657 1432 725 possibilis
1472 664 1568 708 est.
1596 655 1736 708 Haec
1763 657 1899 708 enim
1935 658 1990 708 'in
2033 659 2162 710 serie

1182 737 1556 783 momentorum
1595 730 1688 782 sibi
1718 730 1962 782 continuo
1990 746 2163 783 succe·

1180 805 1441 864 dentium,
1486 818 1546 855 ac
1600 803 1811 870 proinde
1852 805 1902 855 in
1952 819 2164 856 numero

1179 879 1503 929 consisteret:
1555 891 1804 928 numerus
1849 883 2022 929 autem
2062 877 2166 929 infl-

1183 952 1318 1003 nitus
1346 956 1619 1018 repugnat,
1636 951 1754 1018 quia
1778 950 2046 1003 divisibilis
2068 957 2164 1010 est,

1182 1032 1231 1076 et
1271 1026 1310 1077 si
1343 1025 1391 1074 in
1436 1030 1606 1091 partes
1645 1023 1926 1085 dividatur,
1959 1024 2055 1075 bae
2085 1024 2164 1075 vel

1182 1098 1414 1150 infinitae
1453 1103 1593 1157 sunt,
1645 1097 1726 1148 vel
1769 1113 1891 1148 non:
1936 1098 1976 1148 si
2018 1111 2168 1166 quae-

1185 1173 1306 1224 libet
1347 1186 1464 1239 pars
1491 1170 1689 1221 infinita
1719 1169 1927 1231 dicitur,
1960 1186 2059 1222 una
2090 1170 2165 1221 01·

1186 1252 1347 1297 teram
1414 1243 1662 1307 excludit3
1733 1245 1772 1295 si
1816 1259 1939 1295 vero
2001 1249 2170 1312 partes

1183 1318 1398 1370 seorsim
1461 1323 1724 1384 acceptae,
1782 1316 2013 1369 infinitae
2066 1332 2166 1369 non

1184 1399 1323 1452 sunt,
1356 1392 1514 1442 etiam
1537 1397 1721 1450 totum,
1747 1390 1880 1458 quod
1910 1406 2030 1444 suas
2052 1405 2167 1458 par-

1189 1474 1263 1518 tes
1302 1466 1554 1533 sequitur,
1602 1463 1859 1515 infinitum
1902 1479 2004 1515 non
2048 1465 2166 1523 erit,

1186 1539 1274 1591 sed
1342 1540 1547 1589 initium
1589 1537 1758 1589 babet.
1813 1537 2088 1590 Praeterea
2130 1538 2169 1589 si

1191 1614 1324 1664 Deus
1363 1612 1507 1663 initio
1553 1626 1736 1663 carens
1778 1612 2021 1678 temporis
2062 1625 2174 1662 suc-

1187 1686 1404 1738 cessioni
1458 1685 1732 1743 subesset,
1804 1684 1851 1735 in
1915 1684 2170 1751 praesenti

1192 1766 1447 1810 momento
1494 1757 1792 1816 aeternitas,
1836 1773 1926 1808 seu
1974 1764 2175 1825 tempus

1189 1831 1951 1897 infinitumiampraecessisset3
1979 1837 2029 1882 et
2050 1846 2174 1898 quo-

1192 1905 1339 1956 modo
1381 1919 1518 1955 nunc
1567 1919 1698 1954 nova
1741 1910 1998 1955 momenta
2030 1918 2174 1955 acce-

1190 1979 1310 2029 dere
1354 1983 1578 2045 possent,
1635 1991 1752 2027 cum
1790 1975 1987 2028 infinito
2051 1975 2175 2027 nilul

1191 2052 1306 2104 addi
1347 2050 1526 2120 queat?
1564 2079 1637 2088 —
1664 2049 1746 2100 Sic
1800 2048 2179 2101 inextricabiles

1193 2123 1517 2176 difficultates
1546 2129 1852 2191 sequuntur,
1896 2124 1934 2174 si
1982 2124 2031 2174 in
2077 2122 2178 2174 Deo

1195 2200 1439 2266 temporis
1460 2198 1713 2249 successio
1736 2196 2044 2260 admittitur3
2064 2211 2181 2264 qua-

1198 2279 1400 2340 propter
1429 2287 1552 2322 sana
1599 2272 1724 2322 ratio
1767 2271 2055 2322 necessario
2076 2275 2180 2320 sta·

1196 2348 1311 2407 tuit,
1358 2346 1521 2396 Deum
1551 2344 1683 2395 sicut
1711 2344 1773 2395 ab
1808 2344 1952 2395 initio
1980 2349 2030 2395 et
2058 2342 2178 2401 fine,

1195 2421 1261 2471 ita
1303 2425 1354 2470 et
1380 2435 1405 2469 a
1438 2425 1665 2483 tempore
1703 2418 1908 2468 omnino
1958 2417 2180 2467 alienum

1196 2509 1324 2544 csse.
1370 2491 1476 2541 Hoc
1536 2492 1691 2541 etiam
1738 2488 2179 2555 Pta10,P10tinus,

1201 2564 1508 2616 Parmenides
1549 2569 1599 2614 et
1658 2563 1742 2614 alii
1787 2562 2075 2630 Philosophi
2128 2577 2181 2613 a·

1197 2645 1508 2706 gnoverunt.

1272 2711 1399 2762 Nota
1439 2711 1488 2762 l.
1538 2708 1590 2759 ln
1632 2708 1727 2759 hoc
1766 2708 2004 2774 dogmate
2041 2708 2183 2759 aber-

1200 2791 1379 2836 rarunt
1417 2781 1599 2834 ethnici
1627 2822 1638 2842 ,
1698 2783 1781 2849 qui
1823 2782 1928 2833 suis
1985 2781 2092 2832 Diis
2139 2787 2186 2831 ct

1200 2859 1403 2910 Deabus
1443 2857 1713 2925 originem,
1748 2855 2058 2923 vdiversaque
2087 2854 2188 2906 fata

1201 2930 1531 2984 affinxerunt.
1595 2958 1667 2966 -
1723 2927 1877 2980 Porro
1951 2929 2190 2980 aberrant

1205 3005 1505 3056 Pantheistae
1545 3003 1629 3070 qui
1686 3001 1850 3053 Deum
1891 3015 1990 3052 non
2043 3016 2190 3052 secus

1203 3094 1264 3131 ac
1305 3085 1467 3130 totum
1522 3077 1853 3127 universum‘
1879 3075 2188 3128 successioni

1206 3153 1446 3220 temporis
1476 3149 1773 3210 subiiciunt,
1815 3155 1865 3200 et
1905 3149 1978 3200 sic
2019 3163 2188 3199 veram

1204 3225 1563 3277 aeternitatem
1604 3238 1632 3274 e
1663 3223 1828 3274 medio
1866 3221 2104 3274 tollentes
2145 3221 2191 3272 in

1206 3296 1582 3351 inextricabiles
1644 3294 1968 3348 difficultates
2031 3293 2192 3362 impli-

1207 3378 1411 3435 cantur3
1431 3371 1471 3422 si
1495 3370 1630 3423 enim
1652 3369 1846 3430 dicunt,
1885 3375 2045 3421 totum
2088 3367 2193 3418 uui-

1210 3460 1414 3496 versum
1458 3442 1655 3496 nullum
1695 3443 1896 3496 initium
1934 3440 2189 3500 habuisse,

1253 3545 1303 3590 (2)
1329 3546 1368 3581 L.
1394 3545 1457 3581 cit.
