2332 3860
217 147 318 198 556

214 241 323 294 obi.
373 241 456 294 1.·
502 241 699 310 Dogma
759 242 821 296 de
887 243 1139 295 descensu

141 314 327 367 Christi
370 316 434 367 ad
477 317 663 369 inferos
703 324 876 369 ortum
932 324 1080 369 estex

142 388 276 442 male
319 389 594 442 intellectis
635 391 804 444 verbis
852 390 983 443 Psal.
1023 388 1137 449 XV,

142 463 232 514 10:
262 462 376 515 Non
403 464 706 533 derelinques
733 465 950 517 animam
983 479 1139 515 meam

141 538 191 588 in
221 536 416 604 inferno
425 556 449 600 ;
479 555 610 608 quae
633 540 696 591 de
720 537 920 591 Christo
953 539 1138 605 accipit

142 610 325 662 Petrus
372 610 471 681 (l),
518 628 636 665 cum
681 621 849 665 tamen
897 613 1136 664 hebraica

143 700 247 736 vox
285 683 450 738 Schedl
490 702 588 739 non
631 687 885 755 significet
927 687 1023 738 nisi
1063 702 1140 745 se-

141 758 401 826 pulcrum.
463 759 591 813 Item
657 777 842 829 graeca
902 777 1002 813 vox
1072 761 1136 816 εἰς

140 829 253 880 &Bw
301 833 491 900 pariter
538 835 703 886 locum
749 835 1019 887 dumtaxat
1064 835 1137 886 in-

108 962 110 965 ,
142 905 396 959 visibilem
436 908 626 970 innuit,
670 925 735 960 ex
774 925 873 977 quo
903 909 1035 960 male
1066 910 1136 959 in-

142 979 304 1032 fertur
346 980 506 1043 locus,
552 989 642 1035 aut
662 989 826 1035 status
847 984 1134 1035 animarum

143 1061 256 1121 post
299 1062 536 1108 mortem.
592 1056 668 1108 Ex
733 1064 951 1126 utroque
1016 1073 1136 1125 ergo

143 1128 254 1180 loco
296 1129 593 1182 nullatenus
622 1131 821 1199 probari
864 1138 1027 1199 potest
1056 1132 1138 1182 de-

143 1218 356 1255 scensus
404 1202 589 1256 Christi
636 1204 700 1256 ad
745 1205 1137 1273 inferOS‚q11em

143 1275 213 1327 illi
257 1283 455 1329 tantum
497 1279 874 1346 excogitarunt,
915 1286 966 1331 et
1006 1281 1138 1331 inter

143 1349 382 1418 dogmata
438 1351 715 1405 christiana
781 1361 1132 1414 recenserunt,

144 1425 228 1492 qui
271 1424 618 1494 philosophiae
648 1426 932 1495 platonicae
954 1429 1136 1481 errori-

144 1498 240 1550 bus
280 1499 458 1552 imbuti
501 1507 666 1552 erant.

217 1570 360 1640 Resp.
445 1573 764 1627 Vocabulum
838 1575 1134 1628 hebraicum

145 1645 335 1708 Schedh
379 1649 615 1715 quamvis
654 1649 914 1701 interdum
944 1667 1032 1718 pro
1060 1667 1137 1702 se-

147 1719 321 1791 pulcro
361 1723 663 1789 accipiatur,
716 1724 1011 1792 frequenter
1063 1732 1136 1776 ta-

148 1809 263 1845 men
304 1795 560 1862 significat
600 1797 877 1860 infernum,
922 1815 1012 1851 seu
1067 1799 1137 1849 lo-

147 1883 285 1928 cum,
348 1870 433 1921 ubi
498 1870 701 1922 animae
768 1880 878 1940 post
943 1873 1134 1923 obitum

148 1941 539 2010 colligebantur.
583 1945 656 1996 lta
697 1944 758 1996 de
800 1962 918 2013 rege
977 1946 1139 2014 Baby-

148 2014 278 2068 lonis
317 2017 449 2083 apud
490 2016 607 2070 lsai.
653 2019 874 2071 dicitur:
908 2020 1138 2087 Infernas

148 2088 314 2141 subter
352 2098 395 2141 te
433 2091 743 2144 conturbatus
782 2100 848 2144 est
888 2094 941 2144 in
978 2109 1140 2144 occur-

150 2178 259 2214 sum
298 2163 524 2216 adventus
566 2166 658 2225 tui,
710 2174 810 2219 etc.
846 2165 942 2236 (ἓ).
976 2166 1039 2219 Et
1067 2167 1140 2218 la-

151 2237 243 2289 cob
283 2237 461 2290 dolens
500 2239 562 2290 de
601 2239 704 2291 silio
731 2240 962 2307 losepho,
987 2257 1140 2309 quem

151 2326 177 2361 a
218 2310 378 2364 bestia
418 2312 719 2367 devoratum
745 2316 962 2383 putavit,
987 2315 1135 2366 dixit:

151 2383 443 2438 Descendam
482 2387 545 2439 ad
594 2387 752 2456 filium
797 2389 1141 2456 meumluyens

153 2459 206 2509 in
257 2460 506 2527 infernum
557 2459 674 2532 (5);
724 2463 909 2531 quibus
974 2463 1141 2515 verbis

154 2547 210 2584 se
249 2540 361 2601 post
400 2535 593 2587 obitum
633 2551 750 2588 cum
792 2537 893 2588 filio
921 2553 1012 2589 suo
1041 2553 1141 2588 non

155 2606 206 2658 in
247 2614 426 2661 ventre
465 2609 680 2672 bestiae,
722 2610 810 2663 sed
852 2612 902 2662 in
926 2611 1141 2676 interm,

156 2680 205 2731 in
247 2682 362 2733 sinu
402 2682 660 2744 Abrahae,
727 2700 816 2737 seu
875 2685 925 2735 in
989 2684 1143 2736 limbo

157 2755 571 2822 coniungendum
610 2758 716 2810 fore
768 2766 958 2826 sperat.
1005 2758 1142 2810 idem

157 2827 428 2883 dicendum
478 2838 556 2884 est
618 2831 681 2884 de
746 2848 871 2884 voce
936 2847 1139 2900 graeca,

159 2917 288 2971 quae
326 2920 477 2973 saepe
517 2921 606 2973 pro
647 2906 863 2967 interm,
907 2923 997 2958 seu
1053 2922 1144 2974 pro

161 2975 291 3038 1000,
335 2978 419 3030 ubi
458 2980 661 3033 animae
702 2988 813 3048 post
838 2981 1031 3032 obitum
1061 2979 1145 3030 de-

161 3051 429 3110 tinentur,
495 3054 548 3104 in
587 3053 865 3121 Scripturis
928 3054 1148 3105 sumitur

566 163 628 199 na
668 163 759 199 neo
798 162 929 199 tirsi
969 160 1152 198 nummi
1190 158 1770 213 Gemenisfneoemerons.
2287 218 2289 221 V

1202 255 1416 292 numera
1453 240 1589 308 apud
1630 240 1865 309 profanos
1914 237 2209 307 scriptores,
2234 260 2249 265 -·
2276 222 2332 318 3⁴

1202 316 1432 366 invenies
1470 314 1612 377 loca,
1675 313 1761 366 ubi
1826 313 1934 376 boc,
1983 314 2188 366 nomine

1200 389 1500 456 designatur
1556 387 1940 456 receptaculum
1995 387 2189 440 anima-

1202 478 1335 516 rum.
1372 482 1398 512 »
1431 492 1499 501 —-
1527 461 1712 526 Quodsi
1753 462 1908 514 etiam
1949 462 2187 514 admitte-

1201 543 1373 599 retur,

1198 612 1494 677 ambiguam
1553 626 1696 672 esse,
1758 610 1809 662 in
1850 611 1959 663 loco
2011 615 2185 662 tamen

1199 685 1286 738 cit.
1331 685 1520 738 Psalmi
1558 683 1680 747 XV,
1721 683 1815 745 10,
1859 700 1958 736 non
2001 684 2063 735 de
2112 699 2183 735 se-

1201 759 1398 826 pulcro,
1443 759 1533 812 sed
1573 758 1636 811 de
1677 757 1873 811 inferno
1913 765 2053 811 certe
2109 763 2183 811 est

1199 833 1554 901 intelligenda,
1598 832 1839 902 quoniam
1896 831 1959 884 de
2018 832 2186 883 anima

1198 923 1366 960 sermo
1423 914 1538 968 est,
1599 914 1650 959 et
1713 906 1952 975 quoniam
2013 906 2186 973 sepul-

1198 997 1345 1034 crum
1408 980 1698 1049 significant
1770 980 1954 1048 partim
2028 980 2184 1031 verba

1201 1056 1577 1124 praecedentia:
1624 1055 1751 1108 Caro
1788 1070 1894 1106 mea
1925 1054 2187 1122 requiescet

1200 1133 1251 1181 in
1306 1147 1427 1199 spe;
1481 1130 1663 1198 partim
1711 1129 2015 1197 sequentia:
2081 1127 2184 1180 Nec

1198 1204 1332 1256 dabis
1380 1202 1618 1258 Sanctum
1665 1212 1802 1255 caum
1867 1202 2022 1257 videre
2086 1217 2188 1254 cor·

1198 1279 1490 1346 ruptionem.
1537 1278 1694 1330 Sicuti
1736 1293 1857 1344 ergo
1917 1279 1966 1328 in
2033 1276 2186 1327 citato

1201 1359 1343 1403 textu
1384 1353 1647 1420 speciatim
1687 1351 1748 1403 de
1776 1352 1968 1412 anima,
2001 1356 2053 1402 et
2078 1366 2187 1417 spe·

1199 1427 1370 1478 ciatim
1413 1429 1475 1477 de
1521 1442 1730 1494 corpore
1770 1441 1937 1477 sermo
1977 1431 2072 1484 est,
2118 1425 2187 1475 ita

1199 1506 1249 1551 et
1290 1502 1575 1553 necessario
1630 1500 1857 1551 infernus
1913 1506 1964 1551 et
2019 1497 2190 1566 sepul—

1199 1591 1343 1627 crum
1397 1574 1800 1643 distinguuntur.
1874 1573 1947 1625 Ex
2009 1572 2189 1624 eadem

1201 1650 1394 1701 ratione
1435 1651 1587 1701 etiam
1630 1650 1679 1700 in
1723 1647 1892 1700 verbis
1931 1646 2065 1699 Petri
2101 1662 2190 1714 per

1200 1723 1454 1774 infernum
1498 1723 1639 1774 locus
1679 1730 1757 1774 est
1797 1720 2182 1788 intelligenduS,

1201 1798 1247 1848 in
1291 1814 1442 1865 quem
1482 1798 1654 1849 anima
1696 1796 1879 1848 Christi
1922 1801 2034 1863 post
2062 1811 2192 1847 mor·

1201 1878 1300 1924 tem
1343 1872 1624 1923 descendit.
1669 1870 1911 1922 Doctrina
1951 1885 2072 1937 ergo
2129 1869 2191 1920 de

1200 1946 1447 1997 descensu
1487 1944 1671 1997 Christi
1711 1946 1776 1997 ad
1810 1944 1998 1996 inferos
2025 1959 2087 1995 ex
2115 1959 2190 1994 re-

1203 2019 1456 2071 velatione
1496 2026 1606 2071 orta
1646 2024 1742 2079 est,
1787 2025 1837 2070 et
1866 2033 2190 2087 nequaquam

1200 2110 1264 2145 ex
1307 2093 1651 2161 philosophiae
1705 2092 1989 2160 platonicae
2055 2107 2192 2143 erro·

1202 2168 1359 2227 ribus
1403 2183 1528 2235 quos
1568 2166 1795 2219 Ecclesia
1842 2181 2044 2234 semper
2106 2165 2197 2218 de·

1202 2248 1387 2293 testata
1426 2248 1522 2293 est.

1274 2313 1380 2366 obi.
1450 2316 1534 2366 2²
1594 2313 1851 2374 ChristuS,
1918 2320 2194 2382 antequam

1202 2389 1388 2450 obiret,
1433 2387 1615 2439 latroni
1686 2389 1961 2455 poenitenti
2024 2388 2190 2440 dixitz

1202 2462 1356 2513 Hodie
1411 2478 1593 2514 mecum
1639 2462 1735 2513 eris
1763 2462 1813 2513 in
1833 2460 2066 2530 paradiso
2094 2462 2190 2532 (6).

1205 2537 1385 2587 Anima
1427 2552 1548 2602 ergo
1590 2535 1775 2587 Christi
1818 2536 1911 2588 fuit
1951 2536 1999 2587 in
2051 2551 2196 2603 para·

1205 2610 1311 2661 diso
1350 2625 1409 2661 ea
1451 2611 1557 2678 ipsa
1598 2610 1698 2665 die,
1753 2626 1852 2678 qua
1891 2626 1919 2661 a
1985 2624 2196 2678 corpore

1204 2690 1438 2751 separata
1480 2689 1574 2734 est.
1650 2683 1780 2748 Ergo
1845 2683 2030 2735 salsum
2094 2691 2192 2744 est¹

1205 2773 1320 2808 eam
1361 2757 1421 2807 ad
1471 2757 1659 2808 inferos
1716 2757 2079 2824 descendisse,
2146 2764 2197 2810 et

1210 2847 1296 2899 per
1338 2831 1459 2882 illud
1504 2831 1728 2883 triduum
1752 2831 1936 2899 ibidem
1966 2847 2197 2900 perman-

1207 2921 1352 2956 sisse..

1281 2978 1418 3047 Resp.
1487 2977 1700 3030 Nomine
1773 2977 1989 3046 paradisi
2055 2977 2196 3031 locus

1209 3053 1511 3117 gaudiorum
1535 3051 1856 3119 intelligitur,
1886 3052 2020 3104 unde
2041 3053 2195 3103 etiam

163 3121 259 3194 (ἂ).
330 3123 434 3177 lmo
496 3125 599 3189 Cl„
642 3127 781 3180 Berti
844 3125 919 3198 (ὅ)
973 3127 1143 3178 dicit:
1214 3117 1393 3183 locus,
1457 3127 1506 3177 in
1578 3141 1731 3193 quem
1816 3131 2197 3194 protoparentes

167 3217 193 3247 κ
229 3196 419 3250 Nullibi
459 3199 718 3262 invenies,
781 3202 912 3254 hanc
971 3216 1147 3253 vocem
1214 3199 1261 3250 in
1343 3206 1478 3250 statu

168 3268 300 3328 ἔιιδκς
338 3272 497 3342 accipi
544 3289 633 3341 pro
672 3275 937 3346 sepulcr0,
980 3281 1030 3328 et
1075 3276 1150 3327 in·
1213 3273 1437 3333 fuerunt,
1507 3273 1601 3326 hoc
1660 3274 1863 3326 nomine
1926 3272 2197 3341 insignitus

226 3433 262 3478 l)
285 3433 327 3469 In
346 3434 426 3485 ῥεῖ.
455 3434 516 3511 Αὖ).
543 3430 576 3474 2,
601 3430 654 3468 31.

207 3431 263 3567 {³:¹3}
286 3476 575 3563 ffiaffime.

1260 3431 1309 3475 (4)
1333 3433 1418 3467 Luc.
1433 3431 1487 3469 16.
1508 3432 1564 3471 22.
1591 3434 1638 3470 H.
1662 3433 1758 3469 Petr.
1782 3432 1817 3475 Ω,
1839 3431 1875 3470 4.

1258 3476 1293 3519 (5
1332 3475 1476 3515 hilam,
1499 3479 1640 3513 dissert.
1652 3476 1763 3513 theol.
1785 3484 1864 3519 cup.
1889 3475 1924 3518 7,
1950 3484 1987 3511 n.
2012 3475 2068 3514 n.

1263 3518 1296 3563 ιδ
1336 3518 1490 3562 knew,
1514 3518 1568 3556 43.

1444 552 1620 589 vocem
1678 535 1972 589 hebraicam
2023 534 2189 588 Scheel
2265 511 2332 569 ‘T'

1563 3199 1883 3252 innocentiae
1965 3197 2197 3251 collocat-i
2265 3189 2283 3198 *⁴
