2332 3860
683 138 805 180 rans
837 140 875 179 ι.
918 137 1085 178 storto
1121 138 1176 178 n.
1219 107 1382 176 caror-
1405 135 1463 174 n.

0 235 52 286 -1‘.·‘.
70 222 630 290 ῆῡῑυψέβιιυηίοηθω
670 223 742 275 ita
765 221 900 291 loqui
940 226 1050 289 pot·-

23 299 166 360 -kest.
231 300 441 366 Insuper
499 295 571 349 lo.
627 295 716 356 17,
765 297 854 357 Η,
911 293 1052 346 Cbri-

10 379 21 445 }
68 370 604 445 stm*pro.·discipulis
642 370 748 421 suis
789 385 905 422 eam
941 369 1050 421 ani-

68 460 284 508 morum,
326 452 377 499 et
441 445 766 497 voluntatum
806 445 1049 495 unionem

73 525 343 596 patin-qua
383 525 506 571 sunt
543 534 760 585 capaces
801 534 860 569 eo
902 516 1052 568 modo

69 599 337 655 assensn,
379 609 479 662 quo
520 593 701 645 Mattli.
745 592 798 651 5,
844 591 933 651 1⁸8,
979 590 1052 641 di-

68 670 272 739 scipulis
311 667 624 736 praescribit,
671 671 726 717 ut
765 666 894 724 sint,
942 679 1052 732 per·

67 747 175 816 secti
211 745 337 795 sicut
379 742 519 793 Pater
564 739 778 792 coelestis
813 739 1053 806 perfectus

55 828 160 874 cst:
199 819 312 887 quis
336 832 457 867 vero
496 815 650 872 dicet,
683 812 959 880 discipulos
1000 813 1049 862 in

66 892 318 947 mandatis
340 890 598 948 habuisse,
628 895 683 939 ut.
711 903 823 939 eam
848 901 1050 938 omnem

69 972 464 1036 assequerentur
494 963 877 1030 perfectionem,
922 976 1053 1028 quae

21 1042 170 1097 >Deo
211 1039 411 1108 propria
452 1038 551 1089 est?
574 1037 673 1106 lpsi
701 1036 981 1088 adversarii
1005 1035 1051 1084 id

27 1111 33 1153 J
65 1131 166 1169 nou
226 1113 576 1171 contendunt,
645 1111 733 1162 sed
797 1111 1047 1168 fatentur,

41 1204 176 1254 *eam
221 1188 486 1239 dumtaxat
544 1186 702 1251 exigi,
769 1184 831 1235 ad
898 1199 1053 1250 quam

1 1291 4 1295 ·
69 1263 218 1316 homo
261 1260 490 1312 mortalis
553 1260 814 1326 adspirare
866 1263 1048 1324 potest.

23 1364 26 1365 ⁷
66 1335 177 1391 Pari
218 1335 367 1387 modo
407 1333 639 1385 Christus
678 1348 790 1384 eam
854 1338 1053 1383 tantum

0 1427 35 1482 ’j
67 1427 156 1481 pro
177 1408 437 1476 discipulis
457 1409 706 1459 unitatem
734 1407 877 1474 petit,
909 1407 1057 1457 cuius

4 1548 9 1549 γ
67 1486 138 1538 illi
173 1499 388 1551 capaces
425 1488 564 1534 sunt.
610 1482 747 1533 Deus
775 1497 896 1547 ergo
939 1496 1054 1548 pro-

24 1560 271 1628 >,ponitur
324 1556 396 1608 lo,
442 1556 545 1615 47,
590 1556 653 1607 ll
709 1562 955 1622 tanquam
1006 1570 1057 1605 e-

20 1639 42 1642 '⁴
66 1632 302 1699 xemplar
354 1630 582 1688 unitatis,
619 1630 751 1680 sicut
782 1628 963 1681 Mattli.
994 1628 1054 1686 5,

70 1707 138 1758 1⁸8
179 1714 425 1773 tanquam
466 1703 734 1770 exemplar
797 1703 1058 1770 perfectio-

69 1781 168 1842 niS‚
212 1787 264 1831 et
299 1779 336 1829 si
368 1794 430 1828 ex
459 1777 555 1828 isto
606 1778 714 1828 loco
757 1793 854 1827 non
896 1776 1057 1843 sequi-

60 1861 174 1914 tur,
201 1852 559 1918 perfectionem
583 1840 672 1901 Dei
696 1850 893 1902 finitam
923 1865 1054 1910 esse,

71 1929 221 1980 etiam
263 1943 329 1978 ex
367 1925 454 1977 illo
495 1926 672 1993 nequit
714 1925 908 1983 inferri,
953 1924 1062 1975 uni-

71 2007 226 2054 tatem
268 2000 431 2052 Patris
471 2014 588 2051 cum
630 1998 757 2051 Filio
798 1997 933 2050 baud
985 2014 1061 2049 cs-

76 2074 344 2129 sentialem
385 2089 517 2125 esse.

146 2148 254 2201 obi.
281 2149 350 2200 [ι’.
375 2146 424 2199 Si
450 2146 665 2199 inlibris
685 2145 746 2198 N.
774 2145 831 2198 T.
859 2144 1060 2198 Christo

31 2274 34 2276 .
78 2223 282 2274 nomina
322 2221 517 2284 divina,
576 2221 822 2273 attributa
864 2221 1056 2282 divina,

80 2312 232 2364 opera
296 2295 468 2347 divina
523 2300 578 2357 et
630 2295 801 2347 cultus
858 2295 1063 2346 divinus

84 2370 466 2429 adscribuntur,
510 2369 638 2421 haec
678 2385 776 2421 non
817 2370 865 2420 in
907 2385 1060 2421 sensu

83 2446 281 2513 proprio
303 2443 656 2511 intelligenda,
682 2444 771 2495 sed
800 2459 890 2511 per
911 2459 1066 2510 exag-

12 2528 17 2532 “
83 2519 415 2586 gerationem‚
450 2533 539 2585 per
575 2518 841 2585 emphasin
882 2524 934 2570 et
971 2518 1066 2585 hy-

13 2641 16 2643 .
50 2636 55 2640 .
82 2591 318 2660 perbolen
339 2592 474 2643 dicta
490 2592 746 2644 censenda
766 2592 1065 2644 sunt.Disci-

81 2665 188 2734 puli
204 2667 340 2717 enim
357 2664 542 2717 Christi
565 2667 793 2733 magistri
813 2667 893 2719 sui
910 2666 1068 2718 admi-

21 2778 28 2785 .
54 2739 60 2742 ’
83 2740 280 2792 ratione
308 2745 360 2791 et
381 2754 553 2791 amore
574 2740 789 2807 abrepti,
815 2748 873 2792 ut
900 2741 1064 2808 ipsum

31 2869 34 2874 .
86 2828 256 2866 coram
278 2812 567 2865 hominibus
584 2813 1067 2882 glorificarent,ma-

78 2886 284 2955 ‘gnificis
311 2887 555 2939 encomiis
584 2902 683 2938 non
707 2895 1065 2955 pepercerunt,

1111 235 1166 272 se
1191 217 1486 278 conamina,
1518 212 1704 284 quibus
1735 213 1953 268 Socinus
1988 229 2116 269 cum,

1111 294 1218 346 suis
1255 290 1467 346 asseclis
1521 289 1814 345 testimonia
1865 288 1927 339 de
1985 289 2113 342 divi.

1112 370 1274 420 nitate
1311 364 1502 424 Clu-isti
1531 360 1622 432 per
1660 368 1927 415 contortas
1945 363 2107 415 inter·

1118 442 1429 509 pretationes
1481 454 1550 490 ex
1588 437 1670 489 Ss.
1734 435 1800 488 N.
1842 435 1901 487 Τ.
1971 435 2111 487 libris

1114 517 1384 570 eliminare
1403 512 1754 565 studuerunt.
1785 509 1918 562 Hinc
1958 509 2111 561 aliam

1114 592 1249 641 viam
1291 587 1508 655 ingressi
1552 590 1692 645 sunt,
1723 583 1891 652 ipsam
1928 582 2010 635 Ss.
2058 583 2113 634 li·

1113 664 1323 717 brorum
1375 660 1739 713 auctoritatem
1804 658 2114 724 impugnan-

1119 749 1211 796 tes,
1245 751 1526 803 eorumque
1554 734 1832 799 scriptores
1854 732 1918 784 de
1958 746 2114 797 exag-

1114 811 1466 879 gerationibus
1505 815 1557 860 et
1597 807 1906 859 falsitatibus
1963 821 2112 857 accu-

1115 893 1307 938 santes.
1354 913 1426 923 —
1467 883 1627 949 Impia
1667 888 1841 933 autem
1874 880 2113 932 Rationa-

1120 961 1352 1012 listarum
1394 957 1650 1010 sententia
1692 956 1817 1008 satis
1859 954 2114 1005 refutatur

1120 1051 1205 1101 per
1246 1050 1305 1085 ea
1346 1034 1545 1092 omnia,
1591 1046 1722 1098 quae
1763 1031 1814 1080 in
1838 1027 2116 1094 Tlieologia

1116 1107 1343 1173 generali
1386 1108 1447 1157 (le
1488 1107 1650 1157 sacris
1677 1103 1740 1155 N.
1765 1102 1822 1154 T.
1850 1101 2118 1169 Scriptori·

1119 1184 1210 1234 bus
1242 1180 1338 1252 (1),
1371 1181 1434 1232 de
1475 1180 1809 1247 inspiratione
1851 1175 1932 1230 Ss.
1962 1175 2116 1228 libro-

1120 1272 1230 1307 rum
1256 1254 1332 1325 (⁰2)
1357 1262 1407 1306 et
1427 1261 1604 1306 contra
1635 1252 1846 1319 impium
1871 1251 2116 1303 Straussii

1118 1327 1583 1399 systema(5)dicta
1605 1334 1747 1378 sunt.
1771 1326 1833 1377 Et
1862 1341 1984 1377 sane
2011 1330 2119 1377 tota

1118 1405 1397 1473 antiquitas
1456 1403 1733 1454 christiana
1786 1400 2015 1451 divinam
2057 1397 2113 1451 S.

1119 1479 1416 1546 Scripturae
1467 1479 1827 1528 auctoritatem
1871 1478 2118 1526 venerata

1120 1561 1216 1612 est,
1261 1560 1312 1603 et
1366 1566 1629 1619 nunquam
1682 1550 1765 1603 Ss.
1833 1548 2121 1615 Scriptores

1122 1628 1184 1678 de
1244 1626 1543 1685 mendaciis,
1607 1632 1698 1676 aut
1756 1623 2119 1690 exaggeratio-

1125 1702 1272 1752 nibus
1311 1716 1379 1752 ex
1420 1700 1575 1752 nimio
1622 1714 1746 1765 erga
1814 1699 2119 1764 magistrum

1122 1790 1275 1826 suum
1352 1789 1527 1825 amore
1607 1772 1818 1840 prolatis
1891 1771 2121 1823 accusati

1122 1857 1262 1901 sunt.
1306 1847 1405 1914 Ipsi
1438 1847 1637 1907 Ariani,
1673 1846 1911 1914 quamvis
1939 1845 2124 1896 divini-

1125 1930 1281 1974 tatem
1322 1921 1508 1973 Christi
1551 1921 1937 1988 impugnarent,
1980 1919 2123 1971 atali

1124 2005 1292 2048 tamen
1355 1996 1610 2047 sententia
1672 2010 1837 2063 neque
1886 1994 2120 2055 interne,

1125 2087 1288 2140 neque
1332 2077 1547 2122 externo
1598 2075 1906 2135 argumento
1946 2069 2125 2120 innixa

1123 2146 1523 2198 abhorruerunt.
1563 2143 1826 2206 Quomodo
1876 2158 1999 2209 ergo
2027 2142 2125 2194 Ra-

1126 2220 1413 2272 tionalistae
1453 2217 1646 2270 saeculi
1697 2217 2005 2269 deciminoni
2058 2216 2129 2267 di-

1124 2310 1240 2346 cere
1270 2310 1367 2346 non
1412 2299 1688 2353 verentur,
1731 2291 2019 2358 Scriptores
2048 2306 2128 2341 sa-

1126 2385 1238 2420 cros
1291 2368 1590 2435 phantasiae
1637 2372 1689 2417 et
1748 2365 2129 2432 imaginationis

1128 2450 1305 2512 partus
1370 2457 1430 2493 ac
1501 2441 1734 2492 idearum
1803 2439 2130 2491 confusiones

1130 2533 1216 2586 pro
1278 2518 1495 2569 veritate
1567 2513 1905 2566 venditasse?
1968 2511 2131 2565 Multo

1128 2592 1320 2644 certius
1365 2591 1436 2642 ita
1478 2589 1842 2641 ratiocinantes
1911 2586 2131 2654 phanta-

1129 2667 1254 2727 siae,
1299 2664 1680 2731 imaginationis
1717 2678 1778 2714 ac
1816 2661 2132 2713 confusionis

1134 2740 1267 2793 malo
1336 2740 1571 2792 laborant
1608 2778 1619 2800 ‚
1697 2752 1851 2804 quam
1917 2734 2132 2803 apostoli

1131 2814 1407 2867 sanctitate
1487 2811 1780 2878 conspicui,
1835 2809 2133 2878 magisterio

1130 2889 1351 2957 Spiritus
1377 2886 1552 2940 Sancti
1583 2886 1764 2936 direct-i
1793 2883 2133 2955 Evangelium

35 2986 40 2988 -
90 2961 324 3012 et-iuxta
372 2975 567 3012 morem
618 2960 754 3012 illius
792 2963 906 3014 aevi
948 2963 1072 3015 divi·
1134 2962 1508 3031 praedicanteS‚
1552 2960 1762 3012 Domino
1806 2964 2088 3023 cooperante
2115 2998 2128 3018 ‚

10 3040 30 3049 ⁵
88 3034 300 3087 nitatem
346 3034 440 3102 ipsi
487 3034 888 3103 adscripserunt.

1133 3045 1176 3089 et
1199 3052 1471 3088 sermonem
1488 3035 1802 3105 confirmante
1816 3033 2040 3101 sequenti
2046 3031 2134 3084 bus

47 3162 54 3170 ,
98 3151 100 3153 .
158 3107 654 3176 Resp.Recenti01-es
681 3109 1068 3172 Rationalistae,
1136 3112 1299 3177 siquis
1329 3110 1425 3181 (li).

90 3181 175 3249 qui
213 3181 340 3235 haec
384 3182 662 3245 obiiciunt,
707 3184 860 3250 probe
906 3185 1075 3238 obser·

2 3295 9 3299 .
93 3262 297 3317 varum,

371 3255 594 3310 admissa
677 3257 930 3311 infallibili
1016 3259 1068 3312 S.
1139 3259 1287 3311 Pater
1347 3257 1488 3309 Deus
1540 3255 1748 3309 dicitur.

1210 3184 1315 3238 obi.
1367 3185 1435 3234 5·.
1483 3182 1537 3234 ln
1591 3180 1644 3234 S.
1687 3155 1954 3308 Scriissura
1994 3179 2135 3264 solus

1864 3270 1947 3309 am
2027 3269 2135 3320 ipsc

93 3324 383 3396 Scripturas
406 3332 730 3394 auctoritate,
755 3332 927 3385 inania
952 3332 1073 3385 tuis·
1138 3332 1373 3385 Christus
1414 3330 1486 3383 10.
1532 3331 1624 3393 17,
1669 3330 1723 3393 5,
1768 3330 1859 3383 ait:
1904 3328 2038 3380 Haec
2065 3332 2136 3378 est

140 3498 193 3546 (1)
216 3499 242 3546 S
261 3499 306 3537 88
326 3500 382 3539 ⁹0.
690 3505 736 3551 (2)
762 3504 788 3552 S
810 3506 887 3552 174,
911 3512 982 3544 etc.

1184 3505 1235 3551 (3)
1261 3504 1285 3550 S
1310 3504 1384 3542 166.
1743 3503 1792 3549 Α)
1816 3504 1933 3542 Marc.
1956 3500 2012 3544 10,
2035 3497 2090 3536 20.
