2332 3860
810 177 929 215 PARS
965 178 1002 215 1.
1045 177 1239 225 sacrm
1249 178 1304 216 11.
1347 196 1354 204 ·

0 0 365 319 {sanctitatem
391 255 631 318 inficiari,
660 273 723 310 ac
747 257 811 311 ad
842 274 1027 328 purum
1090 265 1194 322 tur,
1227 258 1472 313 nimirum
1513 248 1570 309 '1⁰
1611 263 1798 310 natura
1826 259 2090 312 rationalis

1091 333 1253 401 idest,
1279 331 1550 392 intellectu
1577 338 1629 384 et
1648 331 1918 384 voluntate
1945 349 2092 416 prae-

1091 406 1218 472 dita3
1254 413 1307 460 et
1332 407 1392 458 2⁰
1421 411 1478 458 ut
1515 404 1644 458 haec
1678 420 1770 474 per
1808 421 1886 466 se,
1916 420 2008 457 seu
2038 407 2089 458 in

1094 480 1357 532 individuo
1420 479 1687 532 subsistat.

1095 554 1245 606 homo
1273 569 1494 623 persona
1522 553 1732 615 dicitur,
1775 553 1896 621 quia
1937 551 2094 605 habet

1098 635 1348 681 naturam>
1377 626 1683 679 rationalem
1706 665 1724 685 ,

1095 701 1360 753 individuo
1394 700 1654 762 subsistit,
1697 716 1790 752 seu
1830 698 2096 766 singulare

1096 775 1420 827 individuum
1435 774 1722 826 constituit:
1749 773 1946 842 reliqua
1975 788 2098 824 vero

1097 850 1235 902 entia
1258 849 1458 901 ratione
1487 849 1738 910 carentia,
1770 864 1855 900 ex.
1888 862 1968 915 gr.
1988 848 2100 898 ani-

1100 923 1273 984 malia,
1301 939 1400 975 non
1427 938 1695 990 personae,
1721 921 1810 974 sed
1838 921 2100 989 supposita

1101 1003 1373 1049 vocantur.
1399 996 1494 1049 Ast
1514 996 1653 1049 Deus
1675 997 1831 1048 habet
1859 1002 2102 1047 naturam

1100 1071 1424 1139 spiritualem
1474 1070 1939 1138 perfectissimam,
1983 1067 2103 1119 infi-

1104 1146 1208 1197 nito
1249 1145 1518 1196 intellectu
1571 1151 1623 1197 et
1669 1143 1871 1196 infinita
1918 1142 2105 1194 volun-

1104 1226 1209 1271 tate
1259 1219 1583 1287 praeditam3
1627 1218 1767 1271 Deus
1809 1233 1840 1269 a
1890 1232 1966 1277 se,
2013 1231 2104 1284 per

1103 1309 1195 1353 se,
1242 1293 1535 1344 necessario
1591 1300 1643 1345 et
1695 1289 2107 1359 independenter

1104 1367 1374 1428 subsistit,
1420 1367 1490 1418 ita
1532 1372 1588 1418 ut
1628 1367 1693 1418 sit
1735 1367 1899 1434 prima
1929 1379 2103 1416 rerum

1107 1441 1336 1492 omnium
1375 1456 1551 1492 causa:
1597 1456 1720 1506 ergo
1760 1440 1891 1491 ratio
1932 1453 2108 1506 perso-

0 327 375 406 putidumque
394 330 706 384 atheismum
727 332 1028 401 perducere,

7 414 10 416 ’
44 407 368 466 manifestum
407 412 505 459 est.

16 533 22 535 Δ
113 480 246 535 Nota
285 480 338 534 l.
381 480 524 532 Inter
550 478 876 534 adversarios
908 479 1032 548 dog-

28 555 192 610 matis
216 553 280 608 de
306 553 503 606 unitate
529 552 622 606 Dei
645 555 826 606 merito
857 570 1033 607 recen-

16 625 221 683 sentur
259 629 414 680 etiam
441 669 453 689 ,
505 629 590 696 qui
633 634 737 680 tres
772 627 907 680 Deos
945 626 1034 679 ad-

6 751 20 766 ,y
39 701 271 769 mittunt,
305 700 592 754 Tritheistae
626 701 769 762 dicti,
812 716 1032 769 quorum

43 791 241 829 errores
265 791 332 828 ex
355 775 488 827 male
515 775 778 828 intellecto
805 774 897 827 SS.
929 773 1036 826 Tri·

44 851 216 915 nitatis
241 850 490 919 mysterio
529 850 623 900 orti
665 855 809 902 sunt:
854 848 916 900 de
957 848 1036 899 his

43 929 215 978 autem
253 924 306 977 in
334 923 568 993 sequenti
601 922 838 976 Sectione
866 938 1035 975 sermo

7 998 14 1027 ²
46 997 160 1052 erit.

47 1079 50 1082 ’
114 1069 246 1124 Nota
303 1071 366 1123 2..
435 1068 793 1138 Agnoscamus
863 1069 1036 1122 animo

45 1151 191 1214 grato
230 1144 464 1197 divinum
517 1145 858 1206 beneficium,
902 1142 1037 1212 quod

28 1219 178 1273 -eruti
218 1235 285 1271 ex
323 1218 650 1287 polytheismi
691 1219 942 1279 vanitate,
988 1219 1037 1268 iu

46 1308 155 1362 qua·
186 1293 369 1345 misere
397 1292 679 1344 haerebant
704 1294 925 1344 maiores
955 1307 1041 1343 no-

46 1366 169 1428 stri,
212 1366 447 1419 translati
486 1367 648 1422 simus
688 1367 737 1418 in
781 1366 950 1418 lucem
992 1381 1042 1416 e-

46 1439 347 1509 vangelicae
389 1440 622 1492 veritatis
650 1482 661 1502 ‚
712 1440 849 1491 unde
893 1439 1044 1491 unius

48 1511 139 1565 Dei
167 1514 409 1582 cognitio,
427 1515 640 1582 propitio
656 1513 879 1574 Christo,
901 1514 1046 1565 nobis

49 1585 243 1640 illuxit.
289 1587 577 1639 Caveamus
626 1605 655 1640 a
703 1588 1046 1656 polytheismo

52 1662 312 1728 practico,
357 1661 420 1713 de
459 1678 558 1730 quo
599 1663 780 1713 merito
821 1676 1047 1728 arguun-

52 1740 138 1786 tur
177 1736 260 1803 qui
303 1735 456 1786 rebus
521 1737 710 1787 creatis
750 1736 895 1787 velut
936 1734 1049 1785 toti-

53 1807 171 1860 dem
198 1808 346 1860 idoh's
374 1810 594 1876 turpiter
620 1809 876 1868 serviunt,
907 1823 1049 1875 prae-

53 1882 202 1950 cipue
231 1882 502 1944 luxuriosi,
535 1899 746 1951 quoram
786 1882 917 1933 Deus
945 1898 1051 1933 ven-

57 1962 127 2007 ter
164 1963 230 2008 est
270 1954 376 2028 (l),
440 1964 491 2009 et
553 1957 801 2009 avaritiae
860 1955 1048 2014 dediti,

57 2044 178 2099 quae
203 2038 270 2083 est
294 2031 674 2084 simulacrorum
694 2030 899 2083 servitus
924 2027 1016 2100 (⁹2).

358 2206 646 2258 SEC'I'IO
679 2207 756 2256 11.

231 2323 289 2391 ns
313 2322 401 2358 nno
423 2323 562 2358 'ramo
586 2324 630 2358 m
662 2322 888 2359 passoms.

476 2441 515 2499 ς
547 2442 646 2487 sz.

437 2530 680 2565 Introductio.

143 2618 195 2672 l.
227 2619 306 2672 Ex
334 2619 431 2681 his,
461 2636 591 2690 quae
621 2619 683 2672 de
718 2620 810 2672 Dei
838 2622 1060 2673 essentia

8 2701 22 2705 ”
72 2698 122 2744 et
149 2692 209 2746 de
236 2694 496 2746 attributis
535 2694 720 2747 divinis
750 2701 1061 2762 pertractata

73 2772 335 2827 sunt‚,sat
375 2767 667 2820 luculenter
705 2775 939 2837 apparet,
985 2785 1065 2820 ra-

61 2838 266 2895 tionem
315 2841 692 2907 personalitatis
739 2841 1066 2894 excellentis-

42 2912 201 2965 simo
241 2913 389 2965 modo
427 2914 479 2965 in
519 2913 627 2966 Deo
665 2915 906 2967 inveniri.
946 2916 1066 2968 Per-

54 2999 201 3059 }sona
228 2987 366 3039 enim
406 2986 554 3039 iuxta
596 2987 872 3049 Boethium,
915 3005 1065 3056 quein

77 3061 417 3117 communiter
454 3059 698 3129 Theologi
750 3069 802 3114 et
841 3062 1070 3115 Philoso-

52 3132 165 3206 §Phi
201 3139 506 3203 sequuntur,
538 3134 800 3187 definitur:
837 3155 862 3184 «
893 3135 1067 3189 Ratio-

80 3205 213 3260 nalis
249 3215 468 3261 naturae
521 3208 786 3261 individua
832 3210 1070 3262 substan-

58 3278 172 3342 tia,
217 3299 244 3329 n
286 3297 410 3335 seu:
454 3288 640 3335 natura
680 3282 975 3346 rationaliS,
1019 3285 1071 3335 in

53 3333 342 3429 31individuo
369 3355 676 3409 subsistens
719 3355 831 3409 Duo
859 3373 980 3425 ergo
1008 3357 1071 3410 ad

25 3399 330 3498 {rationem
372 3430 751 3497 personalitatis
798 3433 1070 3500 requirun-

0 3513 81 3586 ,ᾗς
128 3523 291 3571 (nrm
314 3527 349 3572 s,
369 3527 424 3566 ιο.
764 3530 815 3576 (a)
840 3531 914 3567 coi.
937 3531 971 3576 3,
995 3531 1029 3568 ι

51 3612 54 3615 ’
200 3609 354 3665 ΚηοΙΙ,
383 3611 528 3659 Theol-
554 3615 712 3666 Doam.
738 3637 795 3649 ι-
825 3613 917 3660 Vot.
944 3614 970 3659 I
976 3644 986 3657 .

1910 162 2018 216 ms
2084 120 2088 125 ¹

1761 477 1922 531 Recte
1980 479 2092 531 ideo

1774 631 1826 678 et
1873 625 2003 677 haec
2043 626 2092 676 ni

1111 1515 1336 1566 nalitatis
1364 1514 1803 1566 excellentissimo
1845 1519 1895 1564 et
1931 1511 2112 1563 ineffa-

1112 1588 1196 1639 bili
1241 1589 1388 1641 modo
1430 1589 1478 1639 in
1522 1590 1630 1655 ipso
1671 1588 1957 1639 invenitur.
2011 1585 2111 1653 lpsi

1111 1661 1341 1713 Gentiles
1368 1703 1379 1722 ‚
1423 1662 1660 1729 quamvis
1699 1662 1765 1729 'in
1816 1659 2112 1712 Divinitatis

1116 1737 1320 1787 notione
1348 1737 1643 1802 turpissime
1682 1735 2008 1794 aberrarint‚
2052 1748 2112 1784 eo

1115 1811 1419 1863 temeritatis
1467 1817 1639 1861 tamen
1703 1825 1803 1861 non
1864 1821 2114 1876 pervene-

1116 1890 1256 1943 runt,
1302 1888 1357 1934 ut
1384 1899 1626 1949 supremo
1655 1899 1747 1934 suo
1777 1882 1975 1933 numini
2006 1880 2114 1932 lovi

1117 1958 1367 2008 rationem
1435 1956 1820 2024 personalitatis
1884 1955 2113 2022 denega-

1119 2037 1251 2083 ient.
1295 2029 1524 2082 Tolerari
1582 2046 1705 2098 ergo
1765 2028 1907 2082 nullo
1966 2027 2116 2081 modo

1120 2111 1285 2188 potest
1326 2121 1425 2156 non
1469 2106 1641 2156 minus
1682 2120 1915 2164 vesana,
1959 2117 2116 2172 quam

1119 2180 1273 2246 impia
1314 2180 1574 2231 sententia
1614 2194 1825 2238 eorum,
1869 2177 1955 2246 qui
1997 2192 2116 2228 cum

1120 2252 1266 2319 Heqel
1306 2250 1411 2304 Deo
1440 2253 1694 2304 rationem
1738 2250 2120 2320 personalitatis

1121 2327 1400 2392 denegant,
1433 2333 1523 2378 aut
1550 2326 1874 2380 divinitatem
1898 2325 1962 2377 ad
1985 2324 2119 2376 hanc

1121 2415 1365 2451 successu
1404 2407 1608 2452 tantum
1649 2399 1894 2467 temporis
1935 2413 2118 2466 perve-

1127 2474 1231 2525 nire
1260 2473 1459 2537 dicunt3
1490 2475 1540 2524 in
1572 2474 1668 2525 hac
1695 2474 1835 2525 enim
1862 2471 2122 2524 sententia

1124 2547 1280 2608 Deus,
1317 2547 1401 2615 qui
1433 2547 1723 2599 necessario
1751 2553 1830 2598 est
1855 2551 2118 2604 aeternuS,

1124 2621 1459 2673 immutabilis
1486 2628 1539 2673 et
1565 2621 1779 2688 tempori
1811 2619 1953 2671 nullo
1974 2618 2123 2671 modo

1124 2695 1408 2755 subiectuS‚
1439 2711 1467 2746 e
1494 2695 1663 2746 medio
1691 2693 1911 2755 tollitur,
1942 2699 1995 2744 et
2021 2707 2124 2744 non

1128 2776 1232 2821 tam
1276 2768 1675 2829 PantheismuS,
1720 2782 1875 2836 quam
1917 2766 2125 2834 putidus

1127 2843 1426 2895 Atbeisrnus
1467 2842 1747 2895 stabilitur.
1792 2839 1870 2892 Cf.
1912 2839 1965 2893 S.
2001 2839 2126 2892 Tko-

1128 2932 1232 2968 mas
1274 2915 1371 2986 (3).

1202 2992 1255 3042 2.
1288 2990 1534 3052 Quamvis
1562 2994 1737 3040 autem
1766 3002 1912 3040 mens
1953 2992 2127 3039 nostra

1133 3062 1282 3131 plena
1310 3064 1620 3116 certitudine
1647 3066 1943 3128 cognoscat,
1975 3059 2125 3112 ratio·

1134 3153 1251 3189 nem
1287 3137 1668 3205 personalitatis
1707 3135 1813 3188 Deo
1842 3135 2128 3188 attribuen-

1133 3211 1249 3262 dam
1279 3227 1412 3275 esse3
1444 3216 1698 3272 attamen,
1742 3210 1859 3278 quia
1888 3208 2027 3260 Deus
2056 3209 2131 3259 in-

1134 3284 1310 3337 finitus
1349 3291 1402 3336 et
1440 3282 1979 3353 incomprehensibilis
2017 3287 2128 3340 est,

1135 3359 1242 3426 ipsa
1282 3358 1439 3410 etiam
1485 3357 1617 3410 rat10
1657 3355 2042 3426 personalitatis
2079 3355 2133 3405 in

1135 3431 1240 3484 Deo
1267 3431 1331 3483 ab
1359 3430 1630 3485 intellectu
1657 3430 1884 3484 humano
1911 3428 2132 3499 perfecte

1179 3532 1232 3577 (3)
1256 3533 1284 3575 1,
1310 3541 1346 3574 ‹1-
1372 3531 1431 3576 29,
1454 3537 1523 3570 art.
1552 3530 1585 3569 ὃ.

1963 3605 2020 3653 10
