2332 3860
309 162 413 215 396

634 177 695 214 DE
733 177 827 214 DEO
863 176 914 214 IN
951 174 1219 213 RELATIONE
1258 175 1322 212 Ao
1359 173 1560 212 MUNnniu
1597 173 1852 212 SPECTATO.

228 258 291 312 de
338 259 442 313 Deo
476 257 612 312 haec
657 258 837 312 habet:
896 277 922 306 «ι
969 256 1216 312 Mundum
1278 255 1415 309 Deus
1453 255 1623 308 omnia
1661 255 1939 325 cognoscit,
1981 256 2054 310 ita
2100 256 2258 323 etiam·

195 348 318 402 per
353 347 410 387 se
446 333 614 402 ipsum
641 333 792 401 regit,
823 347 918 384 nec
953 339 1070 400 eget
1096 331 1218 383 alie·
1278 330 1448 383 omnia
1479 327 1658 391 efficit,
1700 346 1792 382 seu
1831 325 2087 392 omnibuS‚
2143 347 2258 400 pro-
2310 381 2316 387 .

227 409 306 461 nis
343 407 606 461 adiutoriis
656 407 719 461 ad
778 405 1087 474 regendum,
1130 405 1215 474 qui
1278 404 1435 465 videt,
1479 403 1658 456 eadem
1695 405 2044 458 conservando
2083 411 2134 458 et
2165 419 2258 474 gub
2307 410 2321 461 ,’ἶ

1277 475 1633 548 bernando.b)
1667 477 1809 532 Sicut
1865 479 1928 531 de
1985 478 2258 534 existentia
2317 503 2322 511 ·>

1275 552 1385 614 Dei,
1430 553 1499 604 ita
1539 552 1694 604 etiam
1732 552 1795 605 de
1840 553 2158 621 providentia
2185 555 2261 608 di«
2308 559 2316 589 r

227 498 327 535 non
378 483 520 549 eguit
575 480 638 534 ad
702 481 991 534 faciendum
1032 478 1128 550 (1).
1185 499 1211 528 n

230 585 298 597 —
350 555 581 610 Ecclesia
632 571 780 624 porro
820 554 1081 623 providam
1123 553 1211 605 Dei

230 631 292 685 de
319 631 556 685 omnibus
583 646 760 683 curam
787 631 837 681 in
866 645 957 681 sua
988 628 1211 694 Liturgia

227 706 523 775 frequenter
571 705 783 758 laudat:
845 704 918 756 sic
964 703 1014 754 in
1066 702 1205 754 Orat

227 797 318 849 pro
356 779 504 832 Dom.
538 778 604 840 11,
649 796 698 848 p.
744 777 925 846 Epiph
959 778 1056 829 ait:
1093 796 1117 824 «
1149 775 1210 829 Ο-

225 855 514 939 mnipotens
577 859 627 905 et
690 854 1000 921 sempiterne
1057 851 1210 918 DeuS‚

225 930 310 999 qui
349 927 590 981 coelestia
616 927 765 980 simul
796 934 848 978 et
874 933 1077 979 terrena
1105 941 1210 978 mo-

226 1003 421 1056 deraris
460 1008 557 1054 etc.
606 1021 633 1051 »
666 1002 714 1053 in
756 1000 894 1054 Orat.
929 1017 1017 1068 pro
1057 999 1204 1052 Dom.

223 1077 335 1129 Vll.
371 1093 423 1145 p.
455 1075 638 1129 Pent.:
674 1095 700 1124 «
731 1075 888 1137 DeuS‚
921 1076 1065 1127 cuius
1093 1090 1206 1142 pro-

223 1151 449 1203 videntia
490 1151 540 1203 in
593 1151 671 1202 sui
729 1149 1055 1219 dispositione
1109 1165 1207 1200 non

225 1225 437 1279 fallitur.
473 1244 499 1274 »
531 1224 758 1277 Ecclesia
799 1225 952 1275 etiam
993 1223 1210 1276 eandem

223 1299 377 1355 fidem
421 1300 639 1367 practice
674 1298 957 1367 profitetur,
1003 1298 1124 1350 dum
1158 1298 1207 1348 in

223 1373 460 1427 omnibus
499 1374 892 1426 necessitatibus
931 1372 995 1424 ad
1046 1372 1211 1424 Deum

223 1447 463 1509 recurrit,
505 1447 570 1500 ab
610 1448 717 1516 ipso
758 1454 953 1514 petenS,
1012 1453 1066 1498 ut
1123 1463 1211 1497 no-

222 1523 336 1575 xias
360 1528 707 1589 tempestateS,
727 1521 878 1587 bella,
898 1521 1211 1589 pestilentias

223 1604 321 1650 etc.
367 1603 648 1658 removeat,
693 1602 744 1647 et
784 1596 864 1649 vel
906 1596 1037 1648 aeris
1077 1610 1214 1647 sere·

222 1673 455 1731 nitatem,
500 1671 581 1723 vel
639 1669 863 1739 pluviam
927 1685 1213 1737 congruen-

224 1753 349 1809 tem,
395 1760 593 1815 pacem,
638 1745 939 1804 sanitatem,
1004 1745 1211 1797 rectitu-

226 1820 396 1872 dinem
439 1820 642 1880 mentiS‚
687 1825 739 1871 et
791 1819 890 1871 alia
951 1819 1211 1886 profutura

226 1894 492 1954 concedat,
538 1900 588 1945 et
627 1893 747 1945 dum
798 1894 984 1961 pariter
1043 1894 1212 1944 omnim

226 1968 361 2021 bona
402 1966 683 2036 corporalia
722 1973 773 2019 et
811 1965 1099 2034 spiritualia
1125 1967 1213 2019 ob-

223 2048 367 2095 tenta
407 2041 498 2094 Dei
559 2042 822 2109 largientis
877 2041 1087 2093 bonitati
1120 2041 1210 2092 ad-

224 2117 419 2175 scribit,
463 2115 659 2184 ipsique
698 2116 889 2182 gratias
928 2116 1051 2183 agit.

299 2191 353 2243 5.
387 2189 549 2242 Deum
577 2189 640 2242 de
666 2190 901 2244 omnibus
923 2204 1053 2258 quae
1075 2204 1214 2241 crea-

224 2265 339 2327 vit,
395 2280 570 2316 curam
613 2280 827 2332 gerere,
874 2264 1051 2316 eadem
1093 2278 1212 2315 con-

224 2338 480 2392 servando
502 2346 552 2392 et
572 2338 923 2407 gubernando,
956 2339 1109 2390 etiam
1133 2354 1212 2389 ra-

227 2415 296 2466 tio
318 2413 530 2482 probare
554 2420 733 2481 potest.
755 2411 809 2482 a)
838 2412 1209 2465 Solidissimum

225 2493 589 2555 argumentum
659 2489 849 2555 petitur
907 2503 973 2538 ex
1045 2485 1212 2538 Omni-

223 2563 426 2616 scientia
462 2562 646 2614 divina.
684 2555 819 2613 Deus
859 2561 998 2613 enim
1042 2563 1211 2612 omnia

225 2638 361 2690 entia
384 2643 555 2689 creata
582 2637 690 2688 sive
711 2651 896 2702 magna
918 2636 1027 2686 sive
1057 2651 1212 2703 parva

224 2717 276 2763 et
316 2711 524 2764 minima
589 2709 677 2762 illa
741 2710 863 2770 sint,
932 2710 1211 2761 eorundem

226 2785 585 2852 substantiam,
626 2785 782 2844 vireS‚
826 2790 1015 2843 motuS‚
1066 2791 1212 2835 actus

226 2865 276 2910 et
315 2858 555 2927 quidquid
597 2858 731 2912 circa
791 2857 877 2910 illa
936 2857 1205 2922 contingit,

227 2932 590 3000 perfectissime
628 2934 907 2999 cognoscit.
954 2931 1047 2984 Ast
1076 2931 1211 2984 Deus

226 3021 326 3058 non
367 3007 628 3073 cognoscit
668 3023 749 3059 res
787 3007 904 3075 quia
943 3011 1083 3064 sunt,
1120 3006 1207 3058 sed

225 3095 309 3132 res
347 3087 467 3132 sunt
506 3082 622 3148 quia
649 3080 763 3133 illas
790 3081 1087 3148 cognoscit3
1120 3096 1207 3133 seu

225 3154 436 3207 scientia
475 3146 564 3206 Dei
607 3170 707 3206 non
749 3162 825 3208 est
866 3154 1210 3222 dependensa

225 3228 379 3281 rebus
417 3229 852 3293 contingentibuS,
895 3228 983 3280 sed
1025 3236 1102 3280 est
1122 3228 1211 3281 ha

225 3317 341 3356 rum
380 3298 563 3354 efficax
602 3317 755 3356 causa
783 3300 880 3375 (Ξ).
907 3302 1067 3356 Sicuti
1090 3319 1210 3372 ergo

1041 3415 1060 3439 .

267 3501 322 3593 123

344 3503 382 3538 L.
415 3501 459 3538 24
472 3501 571 3544 Mor.
596 3511 628 3537 c.
650 3501 704 3539 ¹6.

345 3547 396 3584 Cf.
421 3546 447 3593 s
469 3546 526 3590 57,
551 3556 590 3583 n.
613 3546 647 3582 2.

1277 628 1392 680 vina
1433 626 1729 678 universalis
1766 642 1967 694 semper
2025 627 2138 687 fuit,
2207 635 2259 682 et

1274 708 1350 754 est
1389 700 1639 753 hominu-m
1671 702 1942 771 persuasio.
1976 700 2119 755 Hanc
2148 702 2260 756 Ter·
2313 707 2316 710 “

1274 775 1507 828 tullianus
1561 772 1636 845 (5)
1693 776 1870 842 probat
1932 792 1997 829 ex
2038 778 2258 830 naturali

1275 851 1453 902 timore
1481 889 1498 908 ‚
1566 864 1719 918 quem
1782 865 1960 901 omnes
1989 882 1991 886 f
2027 850 2260 905 homines

1275 925 1721 992 postcommissum
1747 923 1989 976 delictum
2010 927 2254 989 sentiunt,

1272 999 1507 1067 quoniam
1548 997 1732 1059 Deum,
1777 1014 1928 1066 quem
1989 1001 2258 1068 propitium

1273 1072 1483 1134 vellent,
1527 1073 1619 1125 sibi
1650 1073 1836 1124 iratum
1864 1071 2099 1127 credunt.
2126 1074 2258 1127 Ean-

1273 1146 1387 1199 dem
1429 1153 1796 1200 commonstrat
1834 1145 2051 1199 Clemens
2108 1146 2251 1203 Alex.

1272 1238 1337 1273 ex
1377 1238 1456 1280 eo,
1500 1221 1634 1290 quod
1678 1221 1910 1274 homines
1968 1222 2148 1274 subitis
2198 1224 2259 1275 >in

1272 1296 1491 1357 casibus,
1537 1302 1587 1348 et
1640 1295 1896 1362 periculiS,
1964 1296 2136 1348 oculos
2199 1313 2260 1350 ao

1276 1387 1455 1423 manus
1493 1370 1543 1422 in
1569 1370 1769 1421 coelum
1797 1371 2017 1438 erigant,
2042 1371 2259 1439 indeque

1272 1460 1419 1512 opem
1476 1460 1538 1497 ac
1602 1445 1908 1512 praesidium
1973 1452 2256 1508 arcessant,

1272 1534 1332 1571 ac
1371 1534 1524 1586 saepe
1564 1519 1613 1571 in
1657 1520 1811 1570 variis
1852 1521 1986 1571 vitae
2009 1520 2255 1573 discrimi-

1239 1593 1423 1646 -nibus
1464 1595 1513 1646 in
1572 1593 1666 1645 has
1730 1608 1881 1645 voces
1946 1602 2257 1663 erumpant-2

1279 1688 1301 1716 α
1335 1667 1472 1720 Deus
1511 1668 1649 1720 videt
1691 1668 1879 1726 omnia,
1924 1674 1971 1719 et
1996 1668 2100 1720 Deo
2128 1686 2261 1722 eom-

1276 1743 1476 1802 mend0‚
1523 1741 1659 1794 Deus
1701 1741 1899 1801 reddet,
1939 1740 2073 1795 Deus
2132 1745 2262 1797 iudi-

1275 1815 1453 1884 cabit(
1437 1815 1531 1886 (li).
1571 1837 1595 1865 »
1627 1813 1676 1886 c)
1718 1814 2095 1883 Argumentum
2159 1819 2262 1886 phi-

1276 1891 1550 1957 losophico·
1533 1890 1895 1958 —theologicum
1919 1890 2069 1944 etiam
2089 1893 2261 1947 inferri

1277 1972 1439 2048 potest
1502 1981 1562 2017 eoe
1616 1966 1710 2034 fine
1725 1928 1935 2018 emundi
1972 1966 2130 2027 totali,
2175 1969 2259 2043 qui

1277 2041 1323 2090 in
1366 2055 1424 2091 eo
1464 2040 1714 2100 consistit,
1762 2047 1815 2092 ut
1856 2041 2028 2093 omnia
2058 2038 2260 2096 divinas

1278 2114 1609 2196 perfectiones
1652 2114 1999 2176 manifestent,
2043 2122 2094 2168 et
2150 2115 2258 2184 glo-

1274 2189 1400 2239 riam
1442 2182 1530 2239 Dei
1574 2195 1926 2255 promoveant3
1965 2205 2104 2250 nam,
2148 2192 2260 2243 uni-

1274 2277 1405 2314 versa
1437 2270 1637 2331 propter
1675 2263 1979 2331 semetipsum
2037 2273 2260 2332 operatus
2318 2279 2319 2282 ’

1273 2344 1338 2387 est
1382 2336 1506 2389 Deus
1534 2335 1630 2406 (5).
1669 2335 1760 2388 Ast
1803 2338 1912 2390 ideo
1955 2345 2152 2390 tantum
2203 2347 2258 2391 o·

1274 2411 1429 2472 mnia,
1473 2427 1605 2479 quac
1630 2412 1822 2462 suntin
1845 2412 2034 2463 mundo
2060 2418 2111 2464 et
2130 2428 2259 2481 quae

1274 2484 1403 2536 fiunt
1467 2485 1516 2536 in
1561 2492 1716 2544 terra,
1760 2485 1973 2548 gloriam
2015 2485 2104 2537 Dei
2147 2503 2259 2554 pro-

1276 2565 1502 2618 movent,
1548 2559 1666 2627 quia
1708 2558 1842 2610 Deus
1863 2559 2032 2610 omnia
2062 2575 2263 2612 conser-

1275 2633 1441 2684 vando
1463 2638 1515 2684 et
1541 2633 1874 2699 gubernando
1898 2633 2122 2685 infinitas
2140 2648 2260 2688 suas

1276 2707 1610 2773 perfectiones
1642 2706 1951 2774 manifestat,
1993 2708 2120 2776 quod
2180 2725 2259 2760 se-

1273 2780 1414 2831 clusa
1458 2781 1776 2847 providentia
1819 2782 2129 2851 propug=ari
2160 2798 2255 2836 non

1274 2865 1459 2922 posset.
1483 2854 1647 2922 Magni
1679 2855 1866 2907 idcirco
1889 2868 2128 2908 momenti
2160 2864 2254 2922 est,

1275 2936 1328 2981 ut
1369 2929 1430 2981 de
1473 2930 1861 2982 conservatione
1901 2937 1950 2982 et
2004 2931 2258 2998 guberna-

1273 3005 1406 3055 tione
1450 3019 1622 3056 rerum
1663 3005 1711 3054 in
1754 3004 1920 3070 speeie
1959 3012 2161 3071 agatur,
2204 3011 2255 3058 et

1272 3079 1523 3146 quomodo
1587 3078 1721 3129 Deus
1768 3078 1818 3128 in
1883 3079 2081 3129 actibus
2145 3079 2252 3130 istis

1275 3152 1608 3219 perfectiones
1628 3167 1747 3204 suas
1767 3152 2075 3218 manifestet,
2096 3167 2255 3221 quan-

1277 3233 1382 3278 tum
1423 3225 1499 3278 fas
1537 3232 1616 3278 est
1653 3225 1971 3280 ostendatur.

1331 3453 1367 3500 3)
1390 3455 1429 3490 L.
1455 3456 1499 3491 de
1522 3456 1656 3492 testim.
1681 3457 1822 3492 animae
1843 3464 1875 3491 c.
1901 3455 1923 3492 ²

1331 3499 1367 3543 4)
1393 3500 1432 3535 V.
1453 3500 1478 3535 1.
1504 3500 1536 3540 δ,
1559 3501 1690 3536 Strom.

1319 3544 1365 3588 (B)
1390 3544 1494 3580 Prov.
1520 3525 1575 3582 1'6
1600 3545 1631 3579 4.
