2332 3860
350 170 460 223 270
680 189 741 224 na
778 189 871 225 nuo
910 187 958 224 ιΝ

277 340 569 403 ordinavit,
629 347 686 394 ut
726 357 859 394 unus
897 343 962 394 ab
1002 341 1102 394 alio
1143 356 1266 409 pen-

2257 0 2332 100 3

2268 100 2332 137 ³5³?

2287 143 2332 176 {¹⁴

1000 186 1269 224 RELATtoNE
1304 188 1368 226 AD
1407 187 1611 225 MUNDUM
1683 187 1942 226 SPECTATO.

1325 340 1569 409 graphice
1619 344 1854 410 proponit
1902 343 2197 397 Bernardus
2235 342 2254 416 (

279 266 455 338 possit,
497 267 668 321 omnia
696 275 866 320 tamen
896 268 946 320 in
976 266 1167 321 mundo
1195 267 1266 320 ita
1328 267 1468 322 ribus
1506 273 1744 323 tenemur
1798 267 2133 332 muneribuS,
2181 245 2332 480 qua&

1831 404 2042 470 Davidis
2118 418 2309 486 verbaf

277 414 415 478 dea-t,
439 422 491 469 et
512 415 644 468 alter
664 415 878 469 alterius
906 415 1131 482 indigeat
1151 431 1261 483 ope.

275 487 470 542 idcirco
491 505 519 543 a
541 490 859 557 genitoribus
879 490 967 542 filii
993 505 1263 557 procrean-

275 569 360 615 tur
397 571 449 616 et
487 563 795 625 educantur,
826 564 1042 616 divitum
1082 564 1262 631 opibus

273 644 632 690 sustentantur
660 654 931 706 paupereS,
977 639 1260 705 potentium

274 711 467 764 viribus
512 712 795 764 fulciuntur
846 713 1108 773 inermes,
1173 728 1261 780 per

271 787 541 852 magistros
569 786 875 839 erudiuntur
903 787 1076 846 rudeS,
1108 794 1159 837 et
1189 792 1261 838 ta-

270 874 388 911 men
427 859 570 912 Deus
619 861 790 913 omnia
849 861 1140 927 gubernare
1181 876 1260 911 rc-

268 934 492 986 ctissime
533 933 737 986 dicitur.
783 933 977 986 Eodem
1020 934 1185 994 mod0‚
1217 934 1259 986 si

269 1023 359 1076 per
398 1006 624 1075 Angelos
662 1008 727 1060 ab
768 1009 875 1076 ipso
905 1008 1008 1060 Deo
1049 1009 1256 1076 deputa-

267 1090 345 1134 tos
373 1081 606 1136 homines
639 1083 1022 1143 custodiuntur,
1058 1089 1255 1134 tantum

266 1156 432 1217 abest,
476 1162 533 1207 ut
572 1172 662 1224 per
701 1156 797 1208 hoc
826 1156 947 1224 quid
988 1156 1091 1208 Deo
1131 1156 1259 1208 indi-

264 1245 427 1297 gnum
456 1237 737 1290 asseratur,
771 1238 827 1283 ut
853 1231 1021 1298 potius
1045 1237 1255 1298 paterna

264 1305 422 1371 ipsius
475 1304 796 1371 providentia
860 1306 909 1356 in
971 1305 1254 1356 clarissima

263 1377 379 1429 luce
421 1377 722 1439 collocetur,
766 1386 817 1431 et
857 1378 1164 1431 confidentia
1204 1380 1254 1430 in

263 1452 431 1521 ipsum
469 1458 742 1520 augeatur.

657 1575 695 1634 ς
737 1575 869 1621 ¹53.

477 1666 570 1702 Usus
592 1665 779 1701 doctrinae
804 1668 847 1700 (le
874 1665 1031 1709 Angelis.

332 1748 460 1803 Cum
483 1752 531 1802 in
572 1751 731 1802 nostri
765 1751 1050 1802 custodiam
1083 1747 1254 1817 Ange·

259 1825 335 1877 los
355 1841 474 1878 suos
495 1824 822 1892 deputaverit
855 1825 1253 1891 benignissimus

257 1898 413 1966 DeuS‚
427 1906 535 1950 tum
552 1914 672 1965 erga
690 1901 855 1966 ipsum
872 1912 990 1949 cum
1007 1914 1127 1964 erga
1150 1896 1252 1950 An-

256 1975 399 2040 gelos
425 1971 588 2025 officia
630 1973 773 2024 nobis
811 1973 1137 2024 incumbunt.
1176 1972 1251 2024 Ac

259 2049 318 2099 4⁰
341 2063 463 2117 erga
491 2046 675 2099 Deum:
708 2047 821 2115 quis
848 2047 985 2098 enim
1016 2062 1114 2098 non
1158 2048 1250 2098 mi·

259 2128 403 2174 retur
441 2136 697 2173 summam
732 2124 783 2171 in
825 2136 917 2172 nos
944 2121 1245 2180 bonitatem,

255 2211 319 2248 ac
367 2195 683 2262 singularem
736 2192 1023 2246 Conditoris
1082 2197 1247 2262 provi-

256 2269 503 2329 dentiam,
528 2269 614 2338 qui
638 2276 744 2321 tam
765 2269 1010 2322 sublimes
1030 2267 1247 2337 Spiritus

257 2350 550 2397 nostrorum
580 2358 736 2396 curae
786 2346 1105 2411 praeposuit,
1138 2345 1247 2411 qui-

256 2418 451 2487 busque
487 2417 770 2478 mandavit,
810 2424 867 2469 ut
898 2434 985 2484 per
1012 2420 1245 2470 semitam

255 2493 436 2545 salutis
475 2498 615 2544 recte
638 2507 727 2543 nos
766 2492 1015 2558 dirigant!
1059 2492 1246 2560 quique

256 2566 468 2635 proinde
506 2566 644 2618 omni
678 2566 941 2633 vigilantia
981 2581 1041 2617 ac
1079 2567 1247 2618 studio

255 2642 307 2692 in
349 2641 502 2694 rebus
541 2640 708 2692 dubiis
733 2680 746 2700 ,
790 2641 840 2691 in
891 2640 1048 2692 animi
1088 2656 1244 2707 angu-

257 2716 366 2766 stiis
391 2756 404 2776 ,
449 2715 499 2766 in
541 2714 778 2767 omnibus
829 2714 966 2767 vitae
1006 2714 1246 2781 periculis

255 2804 348 2840 nos
380 2795 432 2840 et
470 2787 788 2849 illuminant,
820 2795 871 2840 et
911 2787 1165 2846 solantur,
1196 2793 1247 2839 et

256 2867 561 2930 protegunt,
604 2869 656 2916 et
695 2861 1011 2914 defenduntl
1063 2860 1247 2914 Grates

256 2951 378 3002 ergo
417 2936 642 3003 quotidie
687 2935 1031 3004 rependamus
1086 2936 1247 2988 omni-

258 3010 453 3077 potenti
493 3009 636 3062 Deo:
670 3010 766 3063 boe
792 3011 928 3063 enim
968 3010 1242 3072 monitum,

257 3082 391 3152 quod
431 3083 634 3151 utrique
672 3084 859 3138 Tobiae
902 3083 1111 3136 tradidit
1147 3084 1246 3137 Ra-

257 3156 409 3225 phael
450 3156 712 3222 Angelus:
765 3158 1039 3211 Benedicite
1091 3157 1246 3210 Deum

255 3229 395 3290 coeli,
425 3236 470 3280 et
518 3245 682 3282 coram
718 3232 937 3284 omnibus
978 3233 1245 3287 viventibus
1307 3291 1309 3293 ¹

258 3302 555 3374 confitemini
584 3305 658 3365 ei,
708 3306 826 3372 quia
859 3307 974 3372 fecit
1011 3305 1247 3360 vobiscum

258 3376 650 3431 misericordiam
675 3393 814 3430 suam
855 3377 952 3449 (l).

329 3451 386 3505 a.
428 3450 485 3504 In
525 3449 752 3519 Angelos
789 3467 991 3522 quoque
1029 3451 1250 3522 peculia-

309 3551 361 3596 11)
386 3552 474 3588 Tot».
499 3549 554 3588 12.
580 3561 615 3588 v.
637 3549 671 3590 ὃ,

1325 415 1413 467 illa
1464 416 1761 483 expendens
2308 480 2311 486 ,

1324 488 1524 557 A-nqelis
1550 490 1656 541 suis
1671 488 1797 542 Deus
1822 492 2068 544 mandavit
2094 492 2150 544 de
2177 499 2238 555 te,
2257 487 2332 556 im*

1323 563 1592 615 custodiant
1632 571 1673 615 te
1712 564 1767 616 in
1799 565 2019 618 omnibus
2058 566 2149 618 viis
2189 567 2332 620 cuim

1326 655 1352 684 «
1397 636 1671 699 Quantam,
1704 639 1887 707 inquit,
1914 639 2000 692 tibi
2028 639 2178 692 debet
2216 638 2332 695 hocs

1324 712 1535 767 verbum
1578 711 1767 764 inferre
1814 715 2156 766 reverentiam
2189 755 2200 775 ,
2243 715 2332 769 atn-

1323 785 1454 837 l'erre
1494 785 1855 847 devotionem,
1909 787 2142 840 conferre
2181 782 2332 840 fidusst

1321 860 1472 911 ciam:
1505 860 1849 912 reverentiam
1891 876 1979 928 pro
2003 863 2308 928 praesentia,

1321 933 1647 986 devotionem
1688 950 1778 1002 pro
1818 935 2211 997 benevolentia,
2254 936 2332 988 fi.·

1321 1007 1521 1060 duciam
1565 1024 1653 1076 pro
1694 1008 1944 1061 custodia!
1982 1029 2005 1058 »
2051 1010 2125 1061 De
2166 1025 2312 1064 reve-

1322 1083 1485 1134 rentia
1527 1081 1722 1150 Angelo
1763 1083 1962 1135 custodi
2020 1084 2312 1138 exhibenda

1320 1155 1415 1207 hoc
1440 1158 1689 1208 monitum
1711 1157 1895 1225 cuique
1919 1157 2192 1210 acclamat.
2213 1178 2237 1206 «
2256 1157 2310 1210 ln

1319 1232 1499 1298 quovis
1539 1230 1852 1290 diversori0‚
1897 1231 1948 1282 in
2002 1233 2182 1299 quovis
2221 1248 2313 1284 an-

1318 1304 1438 1371 gulo
1465 1301 1663 1370 Ange-lo
1688 1311 1774 1356 tuo
1796 1306 2138 1357 reverentiam
2160 1306 2310 1359 habe:

1319 1384 1374 1429 tu
1415 1394 1479 1429 ne
1518 1379 1710 1430 audeas
1740 1377 1827 1430 illo
1859 1387 2149 1446 praesente,
2176 1379 2312 1448 quod

1320 1452 1524 1504 vidente
1544 1468 1626 1503 me
1652 1468 1752 1504 non
1781 1453 2020 1504 audereS.
2052 1472 2074 1502 ι)
2099 1452 2179 1505 De
2220 1454 2312 1507 de-

1320 1528 1521 1578 votione
1563 1542 1651 1594 pro
1680 1526 2039 1579 benevolentia
2067 1528 2192 1579 baec
2222 1528 2310 1581 ha-

1320 1600 1439 1652 bet:
1489 1620 1513 1648 «
1558 1598 1761 1652 Adsunt
1819 1601 1975 1666 igitur
2029 1608 2080 1653 et
2119 1602 2308 1655 adsunt

1318 1674 1434 1736 tibi,
1480 1690 1578 1730 non
1621 1674 1770 1727 modo
1812 1681 1981 1727 tecum
2022 1675 2109 1727 sed
2153 1677 2309 1729 etiam

1316 1764 1405 1815 pro
1447 1756 1515 1801 te.
1560 1747 1764 1801 Adsunt
1804 1756 1859 1801 ut
1900 1755 2191 1817 protegant,
2224 1751 2307 1803 ad·

1314 1828 1435 1874 sunt
1463 1830 1518 1874 ut
1540 1824 1754 1890 prosint.
1775 1821 1945 1874 Simus
1967 1838 2089 1890 ergo
2111 1823 2302 1887 devoti,

1313 1897 1473 1948 simus
1495 1898 1626 1963 grati
1651 1898 1807 1948 tantis
1824 1897 2142 1950 custodibus:
2165 1898 2305 1951 reda-

1315 1986 1513 2023 memus
1539 1978 1590 2023 et
1617 1970 1927 2023 honoremus
1942 1987 2029 2024 eos
2055 1979 2319 2040 quantum.

1313 2060 1609 2111 possumuS,
1659 2052 1910 2113 quantum
1963 2045 2227 2100 debemus,
2272 2066 2298 2096 »

1309 2148 1383 2158 -—
1419 2119 1648 2187 Denique
1689 2125 1745 2170 ut
1783 2118 2024 2172 fiduciam
2069 2121 2295 2182 excitet,

1312 2192 1588 2245 mellifluus
1666 2192 1854 2246 Doctor
1922 2194 2298 2247 invocationem

1311 2267 1492 2334 Angeli
1554 2266 1785 2320 tutelaris
1843 2268 2026 2320 suadet
2080 2267 2291 2320 dicens:

1313 2362 1339 2389 «
1382 2340 1588 2404 Quoties
1637 2357 1758 2408 ergo
1815 2342 2044 2400 cernitur
2100 2342 2295 2408 gravis·

1309 2417 1437 2467 sima
1479 2430 1661 2482 urgere
1690 2417 1926 2478 tentatio,
1956 2421 2008 2468 et
2036 2415 2295 2468 tribulatio

1311 2490 1589 2542 vehemens
1628 2490 1893 2541 imminere
1919 2530 1932 2551 ,
1977 2491 2160 2540 invoca
2199 2489 2295 2541 Cu·

1308 2564 1505 2616 stodem
1533 2562 1794 2629 Angelum
1839 2569 2002 2624 tuum,
2035 2562 2293 2616 doctorem

1310 2643 1475 2697 tuum,
1513 2636 1799 2688 adiutorem
1839 2643 1985 2688 tuum
2025 2636 2073 2687 in
2114 2653 2295 2705 oppor-

1307 2710 1632 2770 tunitatibuS,
1675 2716 1726 2762 et
1754 2709 2191 2772 tribulationibus,
2221 2711 2295 2763 in-

1307 2785 1474 2837 clama
1513 2799 1653 2844 eum,
1686 2789 1737 2836 et
1764 2784 1864 2836 dic:
1909 2783 2126 2838 Domine
2151 2783 2296 2838 salva

1309 2875 1399 2915 nos
1422 2900 1435 2921 ,
1480 2859 1723 2927 perimus.
1759 2877 1785 2906 »

1620 3009 1903 3047 ARTIGULUS
1926 3010 1983 3045 11.

1444 3103 1495 3136 De
1519 3101 1664 3144 Angelis
1687 3100 1794 3136 matis
1814 3109 1881 3136 seu
1903 3099 2155 3136 daemonibus.

1697 3209 1736 3268 ς
1765 3209 1892 3256 ιω.

1380 3298 1703 3368 Quamquam
1740 3298 1925 3367 Angeli
1956 3314 2135 3353 omnes
2162 3300 2302 3368 honi,
2328 3331 2332 3368 3

1308 3373 1361 3427 in
1391 3373 1630 3435 veritate,
1662 3374 1805 3438 recti,
1823 3373 2008 3442 integri
2031 3374 2096 3427 ad
2119 3376 2322 3444 imagi-³.-¹

1308 3462 1428 3500 nem
1456 3445 1548 3499 Dei
1570 3447 1751 3509 creati,
1778 3453 1830 3499 et
1853 3448 2020 3516 gratia
2045 3455 2297 3519 superna&-
2315 3458 2332 3523 j

1354 3548 1405 3594 (2)
1429 3549 1541 3585 serm.
1578 3544 1632 3585 12.
1658 3548 1695 3584 in
1718 3549 1775 3586 1³³.
1799 3547 1845 3585 so
2266 3531 2282 3566 ·,
2316 3527 2323 3549 ³
