<?xml version="1.0" encoding="UTF-8"?>
<!DOCTYPE html PUBLIC "-//W3C//DTD XHTML 1.0 Transitional//EN"
    "http://www.w3.org/TR/xhtml1/DTD/xhtml1-transitional.dtd">
<html xmlns="http://www.w3.org/1999/xhtml" xml:lang="en" lang="en">
 <head>
  <title>
</title>
<meta http-equiv="Content-Type" content="text/html;charset=utf-8" />
  <meta name='ocr-system' content='tesseract 3.04.00' />
  <meta name='ocr-capabilities' content='ocr_page ocr_carea ocr_par ocr_line ocrx_word'/>
</head>
<body>
  <div class='ocr_page' id='page_1' title='image "./theologiae00knoluoft_0545.png"; bbox 0 0 2332 3860; ppageno 0'>
   <div class='ocr_carea' id='block_1_1' title="bbox 10 96 133 158">
    <p class='ocr_par' dir='ltr' id='par_1_1' title="bbox 10 96 133 158">
     <span class='ocr_line' id='line_1_1' title="bbox 10 96 133 158; baseline 0 -6"><span class='ocrx_word' id='word_1_1' title='bbox 10 138 14 152; x_wconf 89' lang='lat'><strong>.</strong></span> <span class='ocrx_word' id='word_1_2' title='bbox 77 96 133 158; x_wconf 64' lang='grc' dir='ltr'><strong>,ιιι</strong></span> 
     </span>
    </p>
   </div>
   <div class='ocr_carea' id='block_1_2' title="bbox 0 0 55 1984">
    <p class='ocr_par' dir='ltr' id='par_1_2' title="bbox 0 0 55 1984">
     <span class='ocr_line' id='line_1_2' title="bbox 0 0 55 1984; baseline 0 -1379"><span class='ocrx_word' id='word_1_3' title='bbox 0 0 55 1984; x_wconf 95' lang='lat' dir='ltr'><strong>  </strong></span> 
     </span>
    </p>
   </div>
   <div class='ocr_carea' id='block_1_3' title="bbox 0 3475 42 3860">
    <p class='ocr_par' dir='ltr' id='par_1_3' title="bbox 0 3475 42 3860">
     <span class='ocr_line' id='line_1_3' title="bbox 0 3475 42 3860; baseline 0 0"><span class='ocrx_word' id='word_1_4' title='bbox 0 3475 42 3860; x_wconf 95' lang='lat' dir='ltr'><strong> </strong></span> 
     </span>
    </p>
   </div>
   <div class='ocr_carea' id='block_1_4' title="bbox 90 204 1168 279">
    <p class='ocr_par' dir='ltr' id='par_1_4' title="bbox 90 204 1168 279">
     <span class='ocr_line' id='line_1_4' title="bbox 90 204 1168 279; baseline -0.005 -16"><span class='ocrx_word' id='word_1_5' title='bbox 90 233 139 279; x_wconf 54' lang='lat' dir='ltr'><strong>g-</strong></span> <span class='ocrx_word' id='word_1_6' title='bbox 185 223 434 264; x_wconf 82' lang='lat' dir='ltr'><strong>eonsensu</strong></span> <span class='ocrx_word' id='word_1_7' title='bbox 491 213 840 260; x_wconf 88' lang='lat' dir='ltr'><strong>asseruerunt.</strong></span> <span class='ocrx_word' id='word_1_8' title='bbox 903 205 961 259; x_wconf 89' lang='lat' dir='ltr'><strong>S.</strong></span> <span class='ocrx_word' id='word_1_9' title='bbox 1009 204 1168 274; x_wconf 79' lang='lat' dir='ltr'><strong>Chry-</strong></span> 
     </span>
    </p>
   </div>
   <div class='ocr_carea' id='block_1_5' title="bbox 9 0 237 95">
    <p class='ocr_par' dir='ltr' id='par_1_5' title="bbox 9 0 237 95">
     <span class='ocr_line' id='line_1_5' title="bbox 9 0 237 95; baseline 0 -20"><span class='ocrx_word' id='word_1_10' title='bbox 9 0 237 95; x_wconf 37' lang='lat' dir='ltr'><strong>ew</strong></span> 
     </span>
    </p>
   </div>
   <div class='ocr_carea' id='block_1_6' title="bbox 760 121 1570 164">
    <p class='ocr_par' dir='ltr' id='par_1_6' title="bbox 760 121 1570 164">
     <span class='ocr_line' id='line_1_6' title="bbox 760 121 1570 164; baseline -0.006 0"><span class='ocrx_word' id='word_1_11' title='bbox 760 125 989 164; x_wconf 69' lang='lat' dir='ltr'><strong>PARS-111.</strong></span> <span class='ocrx_word' id='word_1_12' title='bbox 1030 125 1195 164; x_wconf 67' lang='lat' dir='ltr'><strong>semo</strong></span> <span class='ocrx_word' id='word_1_13' title='bbox 1229 124 1284 162; x_wconf 82' lang='lat' dir='ltr'><strong>n.</strong></span> <span class='ocrx_word' id='word_1_14' title='bbox 1326 122 1482 161; x_wconf 68' lang='lat' dir='ltr'>CAPUT</span> <span class='ocrx_word' id='word_1_15' title='bbox 1513 121 1570 160; x_wconf 84' lang='lat' dir='ltr'><strong>u.</strong></span> 
     </span>
    </p>
   </div>
   <div class='ocr_carea' id='block_1_7' title="bbox 1302 101 2211 270">
    <p class='ocr_par' dir='ltr' id='par_1_7' title="bbox 1302 101 2211 270">
     <span class='ocr_line' id='line_1_7' title="bbox 2023 101 2131 158; baseline 0.009 -1"><span class='ocrx_word' id='word_1_16' title='bbox 2023 101 2131 158; x_wconf 72' lang='lat'><strong>357</strong></span> 
     </span>
     <span class='ocr_line' id='line_1_8' title="bbox 1302 199 2211 270; baseline -0.001 -13"><span class='ocrx_word' id='word_1_17' title='bbox 1302 201 1408 257; x_wconf 67' lang='grc' dir='ltr'><strong>ΟΜ.</strong></span> <span class='ocrx_word' id='word_1_18' title='bbox 1458 202 1541 255; x_wconf 55' lang='lat' dir='ltr'><strong>L·</strong></span> <span class='ocrx_word' id='word_1_19' title='bbox 1605 199 1862 254; x_wconf 83' lang='lat' dir='ltr'><strong>Christum</strong></span> <span class='ocrx_word' id='word_1_20' title='bbox 1926 203 2211 270; x_wconf 81' lang='lat' dir='ltr'>passionem</span> 
     </span>
    </p>
   </div>
   <div class='ocr_carea' id='block_1_8' title="bbox 186 275 2214 352">
    <p class='ocr_par' dir='ltr' id='par_1_8' title="bbox 186 275 2214 352">
     <span class='ocr_line' id='line_1_9' title="bbox 186 275 2214 352; baseline -0.003 -16"><span class='ocrx_word' id='word_1_21' title='bbox 186 279 512 352; x_wconf 62' lang='lat' dir='ltr'><strong>sostomuffl)</strong></span> <span class='ocrx_word' id='word_1_22' title='bbox 534 296 795 350; x_wconf 85' lang='lat' dir='ltr'><strong>exponens</strong></span> <span class='ocrx_word' id='word_1_23' title='bbox 825 280 980 332; x_wconf 88' lang='lat' dir='ltr'><strong>verba</strong></span> <span class='ocrx_word' id='word_1_24' title='bbox 1007 280 1167 333; x_wconf 90' lang='lat' dir='ltr'><strong>Pauli:</strong></span> <span class='ocrx_word' id='word_1_25' title='bbox 1230 285 1282 331; x_wconf 89' lang='lat' dir='ltr'><strong>et</strong></span> <span class='ocrx_word' id='word_1_26' title='bbox 1319 281 1535 330; x_wconf 88' lang='lat' dir='ltr'><strong>mortem</strong></span> <span class='ocrx_word' id='word_1_27' title='bbox 1574 275 1842 344; x_wconf 85' lang='lat' dir='ltr'>refugisse,</span> <span class='ocrx_word' id='word_1_28' title='bbox 1884 282 2026 344; x_wconf 89' lang='lat' dir='ltr'><strong>patet</strong></span> <span class='ocrx_word' id='word_1_29' title='bbox 2063 293 2129 329; x_wconf 85' lang='lat' dir='ltr'><strong>ex</strong></span> <span class='ocrx_word' id='word_1_30' title='bbox 2173 277 2214 330; x_wconf 90' lang='lat' dir='ltr'><strong>i-</strong></span> 
     </span>
    </p>
   </div>
   <div class='ocr_carea' id='block_1_9' title="bbox 186 430 1171 574">
    <p class='ocr_par' dir='ltr' id='par_1_9' title="bbox 186 430 1171 574">
     <span class='ocr_line' id='line_1_10' title="bbox 186 430 1171 497; baseline -0.003 -15"><span class='ocrx_word' id='word_1_31' title='bbox 186 430 417 482; x_wconf 78' lang='lat' dir='ltr'><strong>sustinuit</strong></span> <span class='ocrx_word' id='word_1_32' title='bbox 466 444 672 487; x_wconf 80' lang='lat' dir='ltr'><strong>crucem,</strong></span> <span class='ocrx_word' id='word_1_33' title='bbox 724 430 998 497; x_wconf 79' lang='lat' dir='ltr'><strong>confusione</strong></span> <span class='ocrx_word' id='word_1_34' title='bbox 1061 444 1171 480; x_wconf 82' lang='lat' dir='ltr'><strong>con-</strong></span> 
     </span>
     <span class='ocr_line' id='line_1_11' title="bbox 187 502 1167 574; baseline -0.002 -18"><span class='ocrx_word' id='word_1_35' title='bbox 187 511 359 573; x_wconf 77' lang='lat' dir='ltr'><strong>tempta</strong></span> <span class='ocrx_word' id='word_1_36' title='bbox 406 502 503 574; x_wconf 76' lang='lat'>(2);</span> <span class='ocrx_word' id='word_1_37' title='bbox 550 523 574 553; x_wconf 89' lang='lat'>«</span> <span class='ocrx_word' id='word_1_38' title='bbox 617 502 725 555; x_wconf 93' lang='lat' dir='ltr'><strong>Hoc</strong></span> <span class='ocrx_word' id='word_1_39' title='bbox 764 510 860 565; x_wconf 88' lang='lat' dir='ltr'><strong>est,</strong></span> <span class='ocrx_word' id='word_1_40' title='bbox 914 503 1004 563; x_wconf 89' lang='lat' dir='ltr'><strong>ait,</strong></span> <span class='ocrx_word' id='word_1_41' title='bbox 1049 502 1167 554; x_wconf 89' lang='lat' dir='ltr'><strong>lice·</strong></span> 
     </span>
    </p>
   </div>
   <div class='ocr_carea' id='block_1_10' title="bbox 79 576 1172 720">
    <p class='ocr_par' dir='ltr' id='par_1_10' title="bbox 79 576 1172 720">
     <span class='ocr_line' id='line_1_12' title="bbox 188 576 1164 644; baseline -0.004 -13.372"><span class='ocrx_word' id='word_1_42' title='bbox 188 577 277 629; x_wconf 86' lang='lat' dir='ltr'><strong>bat</strong></span> <span class='ocrx_word' id='word_1_43' title='bbox 315 578 360 630; x_wconf 88' lang='lat' dir='ltr'><strong>ei</strong></span> <span class='ocrx_word' id='word_1_44' title='bbox 425 576 549 628; x_wconf 90' lang='lat' dir='ltr'><strong>nihil</strong></span> <span class='ocrx_word' id='word_1_45' title='bbox 612 578 736 644; x_wconf 87' lang='lat' dir='ltr'><strong>pati,</strong></span> <span class='ocrx_word' id='word_1_46' title='bbox 799 577 840 628; x_wconf 93' lang='lat' dir='ltr'><strong>si</strong></span> <span class='ocrx_word' id='word_1_47' title='bbox 903 576 1164 629; x_wconf 88' lang='lat' dir='ltr'><strong>voluisset.</strong></span> 
     </span>
     <span class='ocr_line' id='line_1_13' title="bbox 79 643 1172 720; baseline -0.003 -16"><span class='ocrx_word' id='word_1_48' title='bbox 79 643 102 670; x_wconf 82' lang='grc'><strong>’·</strong></span> <span class='ocrx_word' id='word_1_49' title='bbox 186 649 360 720; x_wconf 87' lang='lat' dir='ltr'><strong>Neque</strong></span> <span class='ocrx_word' id='word_1_50' title='bbox 398 651 532 702; x_wconf 89' lang='lat' dir='ltr'><strong>enim</strong></span> <span class='ocrx_word' id='word_1_51' title='bbox 575 657 841 719; x_wconf 90' lang='lat' dir='ltr'><strong>peccatum</strong></span> <span class='ocrx_word' id='word_1_52' title='bbox 888 650 1027 711; x_wconf 81' lang='lat' dir='ltr'><strong>fecit,</strong></span> <span class='ocrx_word' id='word_1_53' title='bbox 1083 666 1172 702; x_wconf 92' lang='lat' dir='ltr'><strong>ne-</strong></span> 
     </span>
    </p>
   </div>
   <div class='ocr_carea' id='block_1_11' title="bbox 187 724 1177 3163">
    <p class='ocr_par' dir='ltr' id='par_1_11' title="bbox 187 724 1177 2872">
     <span class='ocr_line' id='line_1_14' title="bbox 187 724 1171 793; baseline 0 -17"><span class='ocrx_word' id='word_1_54' title='bbox 187 741 286 793; x_wconf 89' lang='lat' dir='ltr'><strong>que</strong></span> <span class='ocrx_word' id='word_1_55' title='bbox 342 727 582 777; x_wconf 92' lang='lat' dir='ltr'><strong>inventus</strong></span> <span class='ocrx_word' id='word_1_56' title='bbox 641 731 718 777; x_wconf 87' lang='lat' dir='ltr'><strong>est</strong></span> <span class='ocrx_word' id='word_1_57' title='bbox 775 724 920 778; x_wconf 92' lang='lat' dir='ltr'><strong>dolus</strong></span> <span class='ocrx_word' id='word_1_58' title='bbox 975 724 1026 776; x_wconf 94' lang='lat' dir='ltr'><strong>in</strong></span> <span class='ocrx_word' id='word_1_59' title='bbox 1085 740 1171 777; x_wconf 87' lang='lat' dir='ltr'><strong>ore</strong></span> 
     </span>
     <span class='ocr_line' id='line_1_15' title="bbox 189 798 1169 869; baseline -0.003 -17"><span class='ocrx_word' id='word_1_60' title='bbox 189 800 318 860; x_wconf 83' lang='lat' dir='ltr'><strong>eiuS,</strong></span> <span class='ocrx_word' id='word_1_61' title='bbox 360 799 492 851; x_wconf 89' lang='lat' dir='ltr'><strong>sicut</strong></span> <span class='ocrx_word' id='word_1_62' title='bbox 530 801 634 868; x_wconf 88' lang='lat' dir='ltr'><strong>ipse</strong></span> <span class='ocrx_word' id='word_1_63' title='bbox 681 815 879 869; x_wconf 90' lang='lat' dir='ltr'><strong>quoque</strong></span> <span class='ocrx_word' id='word_1_64' title='bbox 936 798 1063 851; x_wconf 83' lang='lat' dir='ltr'><strong>dixit</strong></span> <span class='ocrx_word' id='word_1_65' title='bbox 1119 800 1169 849; x_wconf 90' lang='lat' dir='ltr'><strong>in</strong></span> 
     </span>
     <span class='ocr_line' id='line_1_16' title="bbox 187 871 1171 942; baseline -0.001 -16"><span class='ocrx_word' id='word_1_66' title='bbox 187 871 512 940; x_wconf 83' lang='lat' dir='ltr'><strong>Evangeliis:</strong></span> <span class='ocrx_word' id='word_1_67' title='bbox 564 873 700 927; x_wconf 68' lang='lat' dir='ltr'><strong>Venit</strong></span> <span class='ocrx_word' id='word_1_68' title='bbox 738 874 910 926; x_wconf 82' lang='lat' dir='ltr'><strong>mundi</strong></span> <span class='ocrx_word' id='word_1_69' title='bbox 927 873 1171 942; x_wconf 74' lang='lat' dir='ltr'><strong>princepS,</strong></span> 
     </span>
     <span class='ocr_line' id='line_1_17' title="bbox 187 947 1165 1015; baseline 0 -17"><span class='ocrx_word' id='word_1_70' title='bbox 187 954 231 998; x_wconf 80' lang='lat' dir='ltr'><strong>et</strong></span> <span class='ocrx_word' id='word_1_71' title='bbox 296 947 349 998; x_wconf 79' lang='lat' dir='ltr'><strong>in</strong></span> <span class='ocrx_word' id='word_1_72' title='bbox 410 963 485 1000; x_wconf 83' lang='lat' dir='ltr'><strong>me</strong></span> <span class='ocrx_word' id='word_1_73' title='bbox 542 964 637 999; x_wconf 81' lang='lat' dir='ltr'><strong>non</strong></span> <span class='ocrx_word' id='word_1_74' title='bbox 697 947 832 999; x_wconf 79' lang='lat' dir='ltr'><strong>habet</strong></span> <span class='ocrx_word' id='word_1_75' title='bbox 883 948 1165 1015; x_wconf 78' lang='lat' dir='ltr'><strong><em>quidquam.</em></strong></span> 
     </span>
     <span class='ocr_line' id='line_1_18' title="bbox 189 1019 1174 1090; baseline 0 -18"><span class='ocrx_word' id='word_1_76' title='bbox 189 1019 314 1073; x_wconf 88' lang='lat' dir='ltr'><strong>Erat</strong></span> <span class='ocrx_word' id='word_1_77' title='bbox 351 1037 473 1089; x_wconf 83' lang='lat' dir='ltr'><strong>ergo</strong></span> <span class='ocrx_word' id='word_1_78' title='bbox 512 1022 557 1074; x_wconf 91' lang='lat' dir='ltr'><strong>ei</strong></span> <span class='ocrx_word' id='word_1_79' title='bbox 616 1029 927 1090; x_wconf 85' lang='lat' dir='ltr'><strong>promptum,</strong></span> <span class='ocrx_word' id='word_1_80' title='bbox 986 1022 1028 1074; x_wconf 90' lang='lat' dir='ltr'><strong>si</strong></span> <span class='ocrx_word' id='word_1_81' title='bbox 1087 1038 1174 1072; x_wconf 89' lang='lat' dir='ltr'><strong>vo-</strong></span> 
     </span>
     <span class='ocr_line' id='line_1_19' title="bbox 189 1094 1168 1155; baseline 0.001 -9"><span class='ocrx_word' id='word_1_82' title='bbox 189 1094 387 1155; x_wconf 85' lang='lat' dir='ltr'><strong>luisset,</strong></span> <span class='ocrx_word' id='word_1_83' title='bbox 430 1112 528 1147; x_wconf 93' lang='lat' dir='ltr'><strong>non</strong></span> <span class='ocrx_word' id='word_1_84' title='bbox 588 1097 764 1148; x_wconf 88' lang='lat' dir='ltr'><strong>venire</strong></span> <span class='ocrx_word' id='word_1_85' title='bbox 827 1096 889 1148; x_wconf 91' lang='lat' dir='ltr'><strong>ad</strong></span> <span class='ocrx_word' id='word_1_86' title='bbox 944 1111 1168 1148; x_wconf 89' lang='lat' dir='ltr'><strong>crucem.</strong></span> 
     </span>
     <span class='ocr_line' id='line_1_20' title="bbox 189 1164 1174 1239; baseline 0.001 -19"><span class='ocrx_word' id='word_1_87' title='bbox 189 1164 470 1221; x_wconf 79' lang='lat' dir='ltr'><strong>Potestatem</strong></span> <span class='ocrx_word' id='word_1_88' title='bbox 497 1169 658 1231; x_wconf 87' lang='lat' dir='ltr'><strong>enim,</strong></span> <span class='ocrx_word' id='word_1_89' title='bbox 701 1170 882 1239; x_wconf 86' lang='lat' dir='ltr'><strong>inquit,</strong></span> <span class='ocrx_word' id='word_1_90' title='bbox 926 1169 1069 1222; x_wconf 80' lang='lat' dir='ltr'><strong>habeo</strong></span> <span class='ocrx_word' id='word_1_91' title='bbox 1092 1186 1174 1238; x_wconf 89' lang='lat' dir='ltr'><strong>po-</strong></span> 
     </span>
     <span class='ocr_line' id='line_1_21' title="bbox 189 1243 1174 1304; baseline 0.002 -10"><span class='ocrx_word' id='word_1_92' title='bbox 189 1243 335 1294; x_wconf 79' lang='lat' dir='ltr'><strong>nendi</strong></span> <span class='ocrx_word' id='word_1_93' title='bbox 363 1246 578 1295; x_wconf 71' lang='lat' dir='ltr'><strong>animam</strong></span> <span class='ocrx_word' id='word_1_94' title='bbox 598 1260 772 1304; x_wconf 84' lang='lat' dir='ltr'><strong>meam,</strong></span> <span class='ocrx_word' id='word_1_95' title='bbox 799 1252 899 1297; x_wconf 89' lang='lat' dir='ltr'><strong>etc.</strong></span> <span class='ocrx_word' id='word_1_96' title='bbox 918 1264 942 1293; x_wconf 85' lang='lat'>»</span> <span class='ocrx_word' id='word_1_97' title='bbox 973 1243 1025 1297; x_wconf 91' lang='lat' dir='ltr'><strong>S.</strong></span> <span class='ocrx_word' id='word_1_98' title='bbox 1058 1244 1174 1297; x_wconf 72' lang='lat' dir='ltr'><strong>Hie-</strong></span> 
     </span>
     <span class='ocr_line' id='line_1_22' title="bbox 190 1318 1176 1386; baseline 0.003 -19"><span class='ocrx_word' id='word_1_99' title='bbox 190 1333 427 1384; x_wconf 77' lang='lat' dir='ltr'><strong>ronymus</strong></span> <span class='ocrx_word' id='word_1_100' title='bbox 467 1319 516 1369; x_wconf 90' lang='lat' dir='ltr'><strong>in</strong></span> <span class='ocrx_word' id='word_1_101' title='bbox 557 1333 667 1386; x_wconf 84' lang='lat' dir='ltr'><strong>cap.</strong></span> <span class='ocrx_word' id='word_1_102' title='bbox 718 1318 893 1378; x_wconf 84' lang='lat' dir='ltr'><strong>lsaiae,</strong></span> <span class='ocrx_word' id='word_1_103' title='bbox 956 1319 1063 1370; x_wconf 78' lang='lat'><strong>55:</strong></span> <span class='ocrx_word' id='word_1_104' title='bbox 1126 1335 1176 1371; x_wconf 91' lang='lat' dir='ltr'><strong>o-</strong></span> 
     </span>
     <span class='ocr_line' id='line_1_23' title="bbox 191 1390 1171 1460; baseline 0.001 -17"><span class='ocrx_word' id='word_1_105' title='bbox 191 1390 343 1443; x_wconf 81' lang='lat' dir='ltr'><strong>blatus</strong></span> <span class='ocrx_word' id='word_1_106' title='bbox 381 1399 451 1443; x_wconf 81' lang='lat' dir='ltr'><strong>est</strong></span> <span class='ocrx_word' id='word_1_107' title='bbox 490 1391 609 1460; x_wconf 86' lang='lat' dir='ltr'><strong>quia</strong></span> <span class='ocrx_word' id='word_1_108' title='bbox 660 1392 758 1460; x_wconf 82' lang='lat' dir='ltr'><strong>ipse</strong></span> <span class='ocrx_word' id='word_1_109' title='bbox 803 1393 985 1455; x_wconf 75' lang='lat' dir='ltr'><strong>volui13</strong></span> <span class='ocrx_word' id='word_1_110' title='bbox 1013 1393 1171 1445; x_wconf 86' lang='lat' dir='ltr'><strong>dicit:</strong></span> 
     </span>
     <span class='ocr_line' id='line_1_24' title="bbox 195 1466 1170 1528; baseline 0.007 -15"><span class='ocrx_word' id='word_1_111' title='bbox 195 1485 220 1513; x_wconf 72' lang='lat' dir='ltr'><strong>u</strong></span> <span class='ocrx_word' id='word_1_112' title='bbox 252 1481 351 1516; x_wconf 88' lang='lat' dir='ltr'><strong>non</strong></span> <span class='ocrx_word' id='word_1_113' title='bbox 393 1466 527 1517; x_wconf 86' lang='lat' dir='ltr'><strong>enim</strong></span> <span class='ocrx_word' id='word_1_114' title='bbox 574 1468 874 1519; x_wconf 79' lang='lat' dir='ltr'><strong>necessitate</strong></span> <span class='ocrx_word' id='word_1_115' title='bbox 921 1483 1124 1519; x_wconf 85' lang='lat' dir='ltr'><strong>crucem</strong></span> <span class='ocrx_word' id='word_1_116' title='bbox 1158 1510 1170 1528; x_wconf 90' lang='lat'><strong>‚</strong></span> 
     </span>
     <span class='ocr_line' id='line_1_25' title="bbox 191 1539 1169 1594; baseline 0.004 -4"><span class='ocrx_word' id='word_1_117' title='bbox 191 1539 277 1590; x_wconf 88' lang='lat' dir='ltr'><strong>sed</strong></span> <span class='ocrx_word' id='word_1_118' title='bbox 321 1539 583 1591; x_wconf 88' lang='lat' dir='ltr'><strong>voluntate</strong></span> <span class='ocrx_word' id='word_1_119' title='bbox 625 1542 886 1593; x_wconf 81' lang='lat' dir='ltr'><strong>sustinuit.</strong></span> <span class='ocrx_word' id='word_1_120' title='bbox 924 1562 947 1590; x_wconf 91' lang='lat'>»</span> <span class='ocrx_word' id='word_1_121' title='bbox 996 1572 1067 1580; x_wconf 90' lang='lat'>—</span> <span class='ocrx_word' id='word_1_122' title='bbox 1117 1541 1169 1594; x_wconf 91' lang='lat' dir='ltr'><strong>S.</strong></span> 
     </span>
     <span class='ocr_line' id='line_1_26' title="bbox 190 1611 1176 1683; baseline 0.005 -20"><span class='ocrx_word' id='word_1_123' title='bbox 190 1611 495 1680; x_wconf 72' lang='lat' dir='ltr'><strong>Auyustinus</strong></span> <span class='ocrx_word' id='word_1_124' title='bbox 544 1614 618 1683; x_wconf 77' lang='lat'><strong>(5)</strong></span> <span class='ocrx_word' id='word_1_125' title='bbox 683 1616 783 1667; x_wconf 89' lang='lat' dir='ltr'><strong>ait:</strong></span> <span class='ocrx_word' id='word_1_126' title='bbox 855 1636 877 1664; x_wconf 93' lang='lat'>«</span> <span class='ocrx_word' id='word_1_127' title='bbox 947 1615 1176 1668; x_wconf 89' lang='lat' dir='ltr'><strong>Christus</strong></span> 
     </span>
     <span class='ocr_line' id='line_1_27' title="bbox 192 1688 1172 1750; baseline 0.004 -13"><span class='ocrx_word' id='word_1_128' title='bbox 192 1703 399 1738; x_wconf 88' lang='lat' dir='ltr'><strong>carnem</strong></span> <span class='ocrx_word' id='word_1_129' title='bbox 437 1704 533 1739; x_wconf 90' lang='lat' dir='ltr'><strong>non</strong></span> <span class='ocrx_word' id='word_1_130' title='bbox 575 1688 797 1741; x_wconf 89' lang='lat' dir='ltr'><strong>deseruit</strong></span> <span class='ocrx_word' id='word_1_131' title='bbox 834 1690 1043 1750; x_wconf 83' lang='lat' dir='ltr'><strong>invituS‚</strong></span> <span class='ocrx_word' id='word_1_132' title='bbox 1087 1691 1172 1742; x_wconf 90' lang='lat' dir='ltr'><strong>sed</strong></span> 
     </span>
     <span class='ocr_line' id='line_1_28' title="bbox 191 1761 1177 1833; baseline 0.005 -22"><span class='ocrx_word' id='word_1_133' title='bbox 191 1762 307 1828; x_wconf 87' lang='lat' dir='ltr'><strong>quia</strong></span> <span class='ocrx_word' id='word_1_134' title='bbox 348 1761 529 1822; x_wconf 86' lang='lat' dir='ltr'><strong>voluit,</strong></span> <span class='ocrx_word' id='word_1_135' title='bbox 571 1764 772 1831; x_wconf 88' lang='lat' dir='ltr'><strong>quando</strong></span> <span class='ocrx_word' id='word_1_136' title='bbox 812 1764 992 1824; x_wconf 78' lang='lat' dir='ltr'><strong>voluit,</strong></span> <span class='ocrx_word' id='word_1_137' title='bbox 1055 1781 1177 1833; x_wconf 92' lang='lat' dir='ltr'><strong>quo-</strong></span> 
     </span>
     <span class='ocr_line' id='line_1_29' title="bbox 190 1835 1173 1909; baseline 0.002 -22"><span class='ocrx_word' id='word_1_138' title='bbox 190 1835 338 1887; x_wconf 90' lang='lat' dir='ltr'><strong>modo</strong></span> <span class='ocrx_word' id='word_1_139' title='bbox 378 1836 556 1889; x_wconf 91' lang='lat' dir='ltr'><strong>voluit.</strong></span> <span class='ocrx_word' id='word_1_140' title='bbox 593 1856 618 1884; x_wconf 89' lang='lat'>»</span> <span class='ocrx_word' id='word_1_141' title='bbox 650 1838 798 1891; x_wconf 86' lang='lat' dir='ltr'><strong>-S.</strong></span> <span class='ocrx_word' id='word_1_142' title='bbox 843 1837 938 1890; x_wconf 83' lang='lat' dir='ltr'><strong>Leo</strong></span> <span class='ocrx_word' id='word_1_143' title='bbox 978 1838 1049 1890; x_wconf 82' lang='lat' dir='ltr'><strong>M.</strong></span> <span class='ocrx_word' id='word_1_144' title='bbox 1098 1838 1173 1909; x_wconf 75' lang='lat' dir='ltr'><strong>(li)</strong></span> 
     </span>
     <span class='ocr_line' id='line_1_30' title="bbox 192 1909 1175 1979; baseline 0.004 -19"><span class='ocrx_word' id='word_1_145' title='bbox 192 1910 259 1960; x_wconf 87' lang='lat' dir='ltr'><strong>ita</strong></span> <span class='ocrx_word' id='word_1_146' title='bbox 302 1909 558 1977; x_wconf 89' lang='lat' dir='ltr'><strong>loquitur:</strong></span> <span class='ocrx_word' id='word_1_147' title='bbox 607 1930 632 1958; x_wconf 89' lang='lat'>«</span> <span class='ocrx_word' id='word_1_148' title='bbox 676 1911 925 1979; x_wconf 84' lang='lat' dir='ltr'><strong>Quidquid</strong></span> <span class='ocrx_word' id='word_1_149' title='bbox 963 1912 1175 1964; x_wconf 89' lang='lat' dir='ltr'><strong>Domino</strong></span> 
     </span>
     <span class='ocr_line' id='line_1_31' title="bbox 198 1981 1171 2055; baseline 0.005 -22"><span class='ocrx_word' id='word_1_150' title='bbox 198 1981 447 2035; x_wconf 84' lang='lat' dir='ltr'><strong>illusionis</strong></span> <span class='ocrx_word' id='word_1_151' title='bbox 485 1992 535 2037; x_wconf 89' lang='lat' dir='ltr'><strong>et</strong></span> <span class='ocrx_word' id='word_1_152' title='bbox 574 1986 934 2045; x_wconf 68' lang='lat' dir='ltr'><strong>contumeliae,</strong></span> <span class='ocrx_word' id='word_1_153' title='bbox 966 1988 1171 2055; x_wconf 83' lang='lat' dir='ltr'><strong>quiquid</strong></span> 
     </span>
     <span class='ocr_line' id='line_1_32' title="bbox 198 2059 1174 2127; baseline 0.006 -20"><span class='ocrx_word' id='word_1_154' title='bbox 198 2059 480 2110; x_wconf 81' lang='lat' dir='ltr'><strong>vexationis</strong></span> <span class='ocrx_word' id='word_1_155' title='bbox 519 2066 570 2111; x_wconf 87' lang='lat' dir='ltr'><strong>et</strong></span> <span class='ocrx_word' id='word_1_156' title='bbox 610 2076 801 2127; x_wconf 88' lang='lat' dir='ltr'><strong>poenae</strong></span> <span class='ocrx_word' id='word_1_157' title='bbox 842 2062 980 2112; x_wconf 81' lang='lat' dir='ltr'><strong>furor</strong></span> <span class='ocrx_word' id='word_1_158' title='bbox 1007 2062 1174 2113; x_wconf 89' lang='lat' dir='ltr'><strong>intulit</strong></span> 
     </span>
     <span class='ocr_line' id='line_1_33' title="bbox 194 2131 1177 2199; baseline 0.005 -17"><span class='ocrx_word' id='word_1_159' title='bbox 194 2131 483 2199; x_wconf 85' lang='lat' dir='ltr'><strong>impiorum,</strong></span> <span class='ocrx_word' id='word_1_160' title='bbox 527 2150 625 2185; x_wconf 89' lang='lat' dir='ltr'><strong>non</strong></span> <span class='ocrx_word' id='word_1_161' title='bbox 668 2135 729 2186; x_wconf 89' lang='lat' dir='ltr'><strong>de</strong></span> <span class='ocrx_word' id='word_1_162' title='bbox 772 2137 1073 2187; x_wconf 81' lang='lat' dir='ltr'><strong>necessitate</strong></span> <span class='ocrx_word' id='word_1_163' title='bbox 1107 2144 1177 2187; x_wconf 89' lang='lat' dir='ltr'><strong>to·</strong></span> 
     </span>
     <span class='ocr_line' id='line_1_34' title="bbox 191 2205 1176 2267; baseline 0.007 -11"><span class='ocrx_word' id='word_1_164' title='bbox 191 2205 431 2267; x_wconf 85' lang='lat' dir='ltr'><strong>leratum‚</strong></span> <span class='ocrx_word' id='word_1_165' title='bbox 475 2208 561 2259; x_wconf 87' lang='lat' dir='ltr'><strong>sed</strong></span> <span class='ocrx_word' id='word_1_166' title='bbox 603 2209 663 2259; x_wconf 93' lang='lat' dir='ltr'><strong>de</strong></span> <span class='ocrx_word' id='word_1_167' title='bbox 707 2210 968 2262; x_wconf 87' lang='lat' dir='ltr'><strong>voluntate</strong></span> <span class='ocrx_word' id='word_1_168' title='bbox 1009 2227 1176 2262; x_wconf 91' lang='lat' dir='ltr'><strong>susce-</strong></span> 
     </span>
     <span class='ocr_line' id='line_1_35' title="bbox 190 2282 1175 2355; baseline 0.007 -26"><span class='ocrx_word' id='word_1_169' title='bbox 190 2287 333 2347; x_wconf 90' lang='lat' dir='ltr'><strong>ptum</strong></span> <span class='ocrx_word' id='word_1_170' title='bbox 375 2287 470 2334; x_wconf 86' lang='lat' dir='ltr'><strong>est.</strong></span> <span class='ocrx_word' id='word_1_171' title='bbox 502 2301 524 2329; x_wconf 75' lang='grc' dir='ltr'><strong>ι)</strong></span> <span class='ocrx_word' id='word_1_172' title='bbox 555 2311 625 2321; x_wconf 90' lang='lat'><strong>—-</strong></span> <span class='ocrx_word' id='word_1_173' title='bbox 652 2282 703 2335; x_wconf 91' lang='lat' dir='ltr'><strong>S.</strong></span> <span class='ocrx_word' id='word_1_174' title='bbox 752 2283 953 2335; x_wconf 80' lang='lat' dir='ltr'><strong>Thomas</strong></span> <span class='ocrx_word' id='word_1_175' title='bbox 993 2283 1066 2355; x_wconf 74' lang='grc' dir='ltr'><strong>(ὃ)</strong></span> <span class='ocrx_word' id='word_1_176' title='bbox 1102 2285 1175 2336; x_wconf 87' lang='lat' dir='ltr'><strong>di-</strong></span> 
     </span>
     <span class='ocr_line' id='line_1_36' title="bbox 195 2353 1174 2426; baseline 0.006 -22"><span class='ocrx_word' id='word_1_177' title='bbox 195 2353 294 2407; x_wconf 89' lang='lat' dir='ltr'><strong>cit:</strong></span> <span class='ocrx_word' id='word_1_178' title='bbox 326 2374 352 2402; x_wconf 78' lang='lat' dir='ltr'><strong>t&lt;</strong></span> <span class='ocrx_word' id='word_1_179' title='bbox 386 2354 554 2407; x_wconf 85' lang='lat' dir='ltr'><strong>Passio</strong></span> <span class='ocrx_word' id='word_1_180' title='bbox 593 2355 776 2408; x_wconf 80' lang='lat' dir='ltr'><strong>Christi</strong></span> <span class='ocrx_word' id='word_1_181' title='bbox 817 2374 881 2409; x_wconf 87' lang='lat' dir='ltr'><strong>ex</strong></span> <span class='ocrx_word' id='word_1_182' title='bbox 924 2367 1065 2426; x_wconf 89' lang='lat' dir='ltr'><strong>parte</strong></span> <span class='ocrx_word' id='word_1_183' title='bbox 1093 2376 1174 2410; x_wconf 90' lang='lat' dir='ltr'><strong>oc-</strong></span> 
     </span>
     <span class='ocr_line' id='line_1_37' title="bbox 190 2427 1168 2497; baseline 0.008 -19"><span class='ocrx_word' id='word_1_184' title='bbox 190 2427 464 2480; x_wconf 88' lang='lat' dir='ltr'><strong>cidentium</strong></span> <span class='ocrx_word' id='word_1_185' title='bbox 507 2431 671 2497; x_wconf 89' lang='lat' dir='ltr'><strong>ipsum</strong></span> <span class='ocrx_word' id='word_1_186' title='bbox 711 2432 804 2483; x_wconf 82' lang='lat' dir='ltr'><strong>fuit</strong></span> <span class='ocrx_word' id='word_1_187' title='bbox 844 2432 1168 2493; x_wconf 85' lang='lat' dir='ltr'><strong>maleficium,</strong></span> 
     </span>
     <span class='ocr_line' id='line_1_38' title="bbox 191 2502 1173 2573; baseline 0.007 -21"><span class='ocrx_word' id='word_1_188' title='bbox 191 2502 277 2553; x_wconf 91' lang='lat' dir='ltr'><strong>sed</strong></span> <span class='ocrx_word' id='word_1_189' title='bbox 319 2518 383 2554; x_wconf 90' lang='lat' dir='ltr'><strong>ex</strong></span> <span class='ocrx_word' id='word_1_190' title='bbox 425 2511 566 2571; x_wconf 89' lang='lat' dir='ltr'><strong>parte</strong></span> <span class='ocrx_word' id='word_1_191' title='bbox 609 2506 764 2573; x_wconf 91' lang='lat' dir='ltr'><strong>ipsius</strong></span> <span class='ocrx_word' id='word_1_192' title='bbox 804 2523 866 2557; x_wconf 86' lang='lat' dir='ltr'><strong>ex</strong></span> <span class='ocrx_word' id='word_1_193' title='bbox 925 2506 1173 2559; x_wconf 80' lang='lat' dir='ltr'><strong>charitate</strong></span> 
     </span>
     <span class='ocr_line' id='line_1_39' title="bbox 192 2578 1173 2642; baseline 0.008 -16"><span class='ocrx_word' id='word_1_194' title='bbox 192 2578 429 2642; x_wconf 85' lang='lat' dir='ltr'><strong>patientis</strong></span> <span class='ocrx_word' id='word_1_195' title='bbox 477 2578 569 2629; x_wconf 84' lang='lat' dir='ltr'><strong>suit</strong></span> <span class='ocrx_word' id='word_1_196' title='bbox 635 2579 958 2631; x_wconf 87' lang='lat' dir='ltr'><strong>sacrificium.</strong></span> <span class='ocrx_word' id='word_1_197' title='bbox 1028 2582 1173 2635; x_wconf 87' lang='lat' dir='ltr'><strong>Unde</strong></span> 
     </span>
     <span class='ocr_line' id='line_1_40' title="bbox 191 2648 1174 2722; baseline 0.009 -22"><span class='ocrx_word' id='word_1_198' title='bbox 191 2648 288 2701; x_wconf 89' lang='lat' dir='ltr'><strong>hoc</strong></span> <span class='ocrx_word' id='word_1_199' title='bbox 325 2652 631 2704; x_wconf 86' lang='lat' dir='ltr'><strong>sacrificium</strong></span> <span class='ocrx_word' id='word_1_200' title='bbox 671 2656 776 2722; x_wconf 91' lang='lat' dir='ltr'><strong>ipse</strong></span> <span class='ocrx_word' id='word_1_201' title='bbox 815 2655 1047 2707; x_wconf 85' lang='lat' dir='ltr'><strong>Christus</strong></span> <span class='ocrx_word' id='word_1_202' title='bbox 1087 2657 1174 2708; x_wconf 94' lang='lat' dir='ltr'><strong>ob-</strong></span> 
     </span>
     <span class='ocr_line' id='line_1_41' title="bbox 191 2723 1167 2795; baseline 0.01 -22"><span class='ocrx_word' id='word_1_203' title='bbox 191 2723 365 2775; x_wconf 88' lang='lat' dir='ltr'><strong>tulisse</strong></span> <span class='ocrx_word' id='word_1_204' title='bbox 418 2725 619 2787; x_wconf 86' lang='lat' dir='ltr'><strong>dicitur‚</strong></span> <span class='ocrx_word' id='word_1_205' title='bbox 688 2744 787 2780; x_wconf 92' lang='lat' dir='ltr'><strong>non</strong></span> <span class='ocrx_word' id='word_1_206' title='bbox 845 2737 1015 2782; x_wconf 90' lang='lat' dir='ltr'><strong>autem</strong></span> <span class='ocrx_word' id='word_1_207' title='bbox 1074 2730 1167 2795; x_wconf 89' lang='lat' dir='ltr'><strong>illi,</strong></span> 
     </span>
     <span class='ocr_line' id='line_1_42' title="bbox 191 2798 950 2872; baseline 0.007 -25"><span class='ocrx_word' id='word_1_208' title='bbox 191 2798 272 2865; x_wconf 90' lang='lat' dir='ltr'><strong>qui</strong></span> <span class='ocrx_word' id='word_1_209' title='bbox 315 2814 432 2850; x_wconf 90' lang='lat' dir='ltr'><strong>eum</strong></span> <span class='ocrx_word' id='word_1_210' title='bbox 470 2801 764 2854; x_wconf 86' lang='lat' dir='ltr'><strong>occiderunt</strong></span> <span class='ocrx_word' id='word_1_211' title='bbox 791 2801 887 2872; x_wconf 85' lang='lat'><strong>(6).</strong></span> <span class='ocrx_word' id='word_1_212' title='bbox 924 2823 950 2852; x_wconf 87' lang='lat'>»</span> 
     </span>
    </p>

    <p class='ocr_par' dir='ltr' id='par_1_12' title="bbox 189 2870 1173 3163">
     <span class='ocr_line' id='line_1_43' title="bbox 262 2870 1166 2930; baseline 0.009 -8"><span class='ocrx_word' id='word_1_213' title='bbox 262 2870 414 2924; x_wconf 84' lang='lat' dir='ltr'><strong>Nota.</strong></span> <span class='ocrx_word' id='word_1_214' title='bbox 469 2873 719 2927; x_wconf 89' lang='lat' dir='ltr'><strong>Sociniani</strong></span> <span class='ocrx_word' id='word_1_215' title='bbox 792 2876 1050 2929; x_wconf 91' lang='lat' dir='ltr'><strong>nonnullis</strong></span> <span class='ocrx_word' id='word_1_216' title='bbox 1113 2877 1166 2930; x_wconf 90' lang='lat' dir='ltr'><strong>S.</strong></span> 
     </span>
     <span class='ocr_line' id='line_1_44' title="bbox 189 2941 1172 3013; baseline 0.009 -18"><span class='ocrx_word' id='word_1_217' title='bbox 189 2941 481 3013; x_wconf 85' lang='lat' dir='ltr'><strong>Scripturae</strong></span> <span class='ocrx_word' id='word_1_218' title='bbox 523 2947 642 3000; x_wconf 90' lang='lat' dir='ltr'><strong>locis</strong></span> <span class='ocrx_word' id='word_1_219' title='bbox 681 2950 965 3003; x_wconf 88' lang='lat' dir='ltr'><strong>abutuntur</strong></span> <span class='ocrx_word' id='word_1_220' title='bbox 1002 2952 1065 3004; x_wconf 91' lang='lat' dir='ltr'><strong>ad</strong></span> <span class='ocrx_word' id='word_1_221' title='bbox 1115 2952 1172 3004; x_wconf 90' lang='lat' dir='ltr'><strong>li-</strong></span> 
     </span>
     <span class='ocr_line' id='line_1_45' title="bbox 190 3017 1166 3094; baseline 0.009 -25"><span class='ocrx_word' id='word_1_222' title='bbox 190 3017 436 3072; x_wconf 86' lang='lat' dir='ltr'><strong>bertatem</strong></span> <span class='ocrx_word' id='word_1_223' title='bbox 501 3020 684 3075; x_wconf 84' lang='lat' dir='ltr'><strong>Christi</strong></span> <span class='ocrx_word' id='word_1_224' title='bbox 750 3025 1166 3094; x_wconf 86' lang='lat' dir='ltr'><strong>impugnandam,</strong></span> 
     </span>
     <span class='ocr_line' id='line_1_46' title="bbox 189 3100 1173 3163; baseline 0.01 -20"><span class='ocrx_word' id='word_1_225' title='bbox 189 3107 435 3162; x_wconf 90' lang='lat' dir='ltr'><strong>suamque</strong></span> <span class='ocrx_word' id='word_1_226' title='bbox 475 3111 767 3163; x_wconf 80' lang='lat' dir='ltr'><strong>perversam</strong></span> <span class='ocrx_word' id='word_1_227' title='bbox 789 3100 1067 3152; x_wconf 81' lang='lat' dir='ltr'><strong>doctrinam</strong></span> <span class='ocrx_word' id='word_1_228' title='bbox 1091 3101 1173 3154; x_wconf 91' lang='lat' dir='ltr'><strong>de-</strong></span> 
     </span>
    </p>
   </div>
   <div class='ocr_carea' id='block_1_12' title="bbox 189 3164 1170 3298">
    <p class='ocr_par' dir='ltr' id='par_1_13' title="bbox 189 3164 1170 3298">
     <span class='ocr_line' id='line_1_47' title="bbox 190 3164 1170 3244; baseline 0.012 -26"><span class='ocrx_word' id='word_1_229' title='bbox 190 3164 513 3230; x_wconf 75' lang='lat' dir='ltr'><strong>fendendam,</strong></span> <span class='ocrx_word' id='word_1_230' title='bbox 556 3187 617 3224; x_wconf 91' lang='lat' dir='ltr'><strong>ac</strong></span> <span class='ocrx_word' id='word_1_231' title='bbox 653 3172 766 3225; x_wconf 93' lang='lat' dir='ltr'><strong>ideo</strong></span> <span class='ocrx_word' id='word_1_232' title='bbox 791 3176 1052 3244; x_wconf 88' lang='lat' dir='ltr'><strong>sequentia</strong></span> <span class='ocrx_word' id='word_1_233' title='bbox 1081 3192 1170 3229; x_wconf 90' lang='lat' dir='ltr'><strong>au-</strong></span> 
     </span>
     <span class='ocr_line' id='line_1_48' title="bbox 189 3238 582 3298; baseline 0.018 -7"><span class='ocrx_word' id='word_1_234' title='bbox 189 3238 312 3294; x_wconf 89' lang='lat' dir='ltr'><strong>dent</strong></span> <span class='ocrx_word' id='word_1_235' title='bbox 347 3243 582 3298; x_wconf 87' lang='lat' dir='ltr'><strong>obiicere.</strong></span> 
     </span>
    </p>
   </div>
   <div class='ocr_carea' id='block_1_13' title="bbox 250 3354 968 3442">
    <p class='ocr_par' dir='ltr' id='par_1_14' title="bbox 250 3354 968 3442">
     <span class='ocr_line' id='line_1_49' title="bbox 252 3354 968 3404; baseline 0.014 -14"><span class='ocrx_word' id='word_1_236' title='bbox 252 3354 288 3398; x_wconf 82' lang='lat'><strong>¹)</strong></span> <span class='ocrx_word' id='word_1_237' title='bbox 311 3356 471 3393; x_wconf 72' lang='lat' dir='ltr'><strong>Hom.28</strong></span> <span class='ocrx_word' id='word_1_238' title='bbox 493 3360 527 3393; x_wconf 87' lang='lat' dir='ltr'><strong>in</strong></span> <span class='ocrx_word' id='word_1_239' title='bbox 555 3361 661 3404; x_wconf 79' lang='lat' dir='ltr'><strong>Epist.</strong></span> <span class='ocrx_word' id='word_1_240' title='bbox 674 3362 718 3396; x_wconf 82' lang='lat' dir='ltr'><strong>ad</strong></span> <span class='ocrx_word' id='word_1_241' title='bbox 740 3362 850 3398; x_wconf 80' lang='lat' dir='ltr'><strong>Hebr.</strong></span> <span class='ocrx_word' id='word_1_242' title='bbox 875 3374 910 3400; x_wconf 91' lang='lat' dir='ltr'><strong>n.</strong></span> <span class='ocrx_word' id='word_1_243' title='bbox 936 3364 968 3400; x_wconf 73' lang='lat'><strong>2.</strong></span> 
     </span>
     <span class='ocr_line' id='line_1_50' title="bbox 250 3399 554 3442; baseline 0.023 -10"><span class='ocrx_word' id='word_1_244' title='bbox 250 3399 286 3442; x_wconf 76' lang='lat'><strong>2)</strong></span> <span class='ocrx_word' id='word_1_245' title='bbox 310 3401 416 3436; x_wconf 83' lang='lat' dir='ltr'><strong>Rebr.</strong></span> <span class='ocrx_word' id='word_1_246' title='bbox 442 3403 496 3438; x_wconf 78' lang='lat'><strong>12.</strong></span> <span class='ocrx_word' id='word_1_247' title='bbox 521 3403 554 3439; x_wconf 74' lang='lat'><strong>2.</strong></span> 
     </span>
    </p>
   </div>
   <div class='ocr_carea' id='block_1_14' title="bbox 234 3443 885 3539">
    <p class='ocr_par' dir='ltr' id='par_1_15' title="bbox 234 3443 885 3539">
     <span class='ocr_line' id='line_1_51' title="bbox 235 3443 797 3492; baseline 0.014 -15"><span class='ocrx_word' id='word_1_248' title='bbox 235 3443 287 3487; x_wconf 78' lang='grc'><strong>(3)</strong></span> <span class='ocrx_word' id='word_1_249' title='bbox 312 3445 388 3479; x_wconf 84' lang='lat' dir='ltr'><strong>Lib.</strong></span> <span class='ocrx_word' id='word_1_250' title='bbox 411 3446 430 3480; x_wconf 73' lang='lat'><strong><em>4</em></strong></span> <span class='ocrx_word' id='word_1_251' title='bbox 449 3448 492 3481; x_wconf 87' lang='lat' dir='ltr'><strong>(te</strong></span> <span class='ocrx_word' id='word_1_252' title='bbox 515 3448 613 3483; x_wconf 88' lang='lat' dir='ltr'><strong>Trin.</strong></span> <span class='ocrx_word' id='word_1_253' title='bbox 639 3458 718 3492; x_wconf 85' lang='lat' dir='ltr'><strong>cap.</strong></span> <span class='ocrx_word' id='word_1_254' title='bbox 743 3449 797 3485; x_wconf 78' lang='lat'><strong>13.</strong></span> 
     </span>
     <span class='ocr_line' id='line_1_52' title="bbox 234 3487 885 3539; baseline 0.015 -17"><span class='ocrx_word' id='word_1_255' title='bbox 234 3487 285 3531; x_wconf 69' lang='lat' dir='ltr'><strong>m</strong></span> <span class='ocrx_word' id='word_1_256' title='bbox 307 3489 454 3525; x_wconf 77' lang='lat' dir='ltr'><strong>Seim.3</strong></span> <span class='ocrx_word' id='word_1_257' title='bbox 475 3494 520 3527; x_wconf 83' lang='lat' dir='ltr'><strong>‹le</strong></span> <span class='ocrx_word' id='word_1_258' title='bbox 543 3493 625 3528; x_wconf 80' lang='lat' dir='ltr'><strong>Pass</strong></span> <span class='ocrx_word' id='word_1_259' title='bbox 650 3495 837 3539; x_wconf 65' lang='lat' dir='ltr'><strong>Domcap.</strong></span> <span class='ocrx_word' id='word_1_260' title='bbox 862 3494 885 3532; x_wconf 73' lang='lat'><em>8</em></span> 
     </span>
    </p>
   </div>
   <div class='ocr_carea' id='block_1_15' title="bbox 94 349 2209 441">
    <p class='ocr_par' dir='ltr' id='par_1_16' title="bbox 94 349 2209 441">
     <span class='ocr_line' id='line_1_53' title="bbox 94 349 2209 441; baseline -0.003 -32"><span class='ocrx_word' id='word_1_261' title='bbox 94 430 99 441; x_wconf 39' lang='grc' dir='ltr'><strong><em>Ι</em></strong></span> <span class='ocrx_word' id='word_1_262' title='bbox 185 357 272 426; x_wconf 78' lang='lat' dir='ltr'><strong>qui</strong></span> <span class='ocrx_word' id='word_1_263' title='bbox 298 354 570 426; x_wconf 85' lang='lat' dir='ltr'><strong>(Christus)</strong></span> <span class='ocrx_word' id='word_1_264' title='bbox 603 357 846 425; x_wconf 76' lang='lat' dir='ltr'><strong>proposito</strong></span> <span class='ocrx_word' id='word_1_265' title='bbox 877 354 971 406; x_wconf 79' lang='lat' dir='ltr'><strong>sibi</strong></span> <span class='ocrx_word' id='word_1_266' title='bbox 994 354 1170 424; x_wconf 74' lang='lat' dir='ltr'><strong>qaudio</strong></span> <span class='ocrx_word' id='word_1_267' title='bbox 1232 356 1371 419; x_wconf 89' lang='lat' dir='ltr'><strong>psius</strong></span> <span class='ocrx_word' id='word_1_268' title='bbox 1407 349 1634 404; x_wconf 89' lang='lat' dir='ltr'><strong>oratione</strong></span> <span class='ocrx_word' id='word_1_269' title='bbox 1672 350 1734 401; x_wconf 90' lang='lat' dir='ltr'><strong>ad</strong></span> <span class='ocrx_word' id='word_1_270' title='bbox 1773 349 1942 403; x_wconf 90' lang='lat' dir='ltr'><strong>Deum</strong></span> <span class='ocrx_word' id='word_1_271' title='bbox 1997 350 2209 404; x_wconf 87' lang='lat' dir='ltr'><strong>directa:</strong></span> 
     </span>
    </p>
   </div>
   <div class='ocr_carea' id='block_1_16' title="bbox 1229 423 2225 3316">
    <p class='ocr_par' dir='ltr' id='par_1_17' title="bbox 1229 423 2218 849">
     <span class='ocr_line' id='line_1_54' title="bbox 1229 423 2216 492; baseline 0 -15"><span class='ocrx_word' id='word_1_272' title='bbox 1229 423 1381 478; x_wconf 79' lang='lat' dir='ltr'><strong>Pater</strong></span> <span class='ocrx_word' id='word_1_273' title='bbox 1419 425 1509 485; x_wconf 85' lang='lat' dir='ltr'><strong>mi,</strong></span> <span class='ocrx_word' id='word_1_274' title='bbox 1538 424 1579 476; x_wconf 83' lang='lat' dir='ltr'><strong>si</strong></span> <span class='ocrx_word' id='word_1_275' title='bbox 1615 423 1835 492; x_wconf 80' lang='lat' dir='ltr'><strong>possibile</strong></span> <span class='ocrx_word' id='word_1_276' title='bbox 1879 430 1966 484; x_wconf 78' lang='lat' dir='ltr'><strong>est,</strong></span> <span class='ocrx_word' id='word_1_277' title='bbox 2005 431 2216 477; x_wconf 77' lang='lat' dir='ltr'><strong>transeat</strong></span> 
     </span>
     <span class='ocr_line' id='line_1_55' title="bbox 1230 495 2217 567; baseline -0.001 -15"><span class='ocrx_word' id='word_1_278' title='bbox 1230 517 1260 551; x_wconf 87' lang='lat' dir='ltr'><strong>a</strong></span> <span class='ocrx_word' id='word_1_279' title='bbox 1297 516 1372 551; x_wconf 80' lang='lat' dir='ltr'><strong>me</strong></span> <span class='ocrx_word' id='word_1_280' title='bbox 1413 498 1545 552; x_wconf 75' lang='lat' dir='ltr'><strong>calix</strong></span> <span class='ocrx_word' id='word_1_281' title='bbox 1581 499 1668 550; x_wconf 76' lang='lat' dir='ltr'><strong>iste</strong></span> <span class='ocrx_word' id='word_1_282' title='bbox 1711 495 1806 567; x_wconf 92' lang='lat'><strong>(7).</strong></span> <span class='ocrx_word' id='word_1_283' title='bbox 1864 495 2033 551; x_wconf 86' lang='lat' dir='ltr'><strong>Noluit</strong></span> <span class='ocrx_word' id='word_1_284' title='bbox 2095 513 2217 567; x_wconf 88' lang='lat' dir='ltr'><strong>ergo</strong></span> 
     </span>
     <span class='ocr_line' id='line_1_56' title="bbox 1233 571 2218 640; baseline -0.001 -15"><span class='ocrx_word' id='word_1_285' title='bbox 1233 573 1441 626; x_wconf 87' lang='lat' dir='ltr'><strong>calicem</strong></span> <span class='ocrx_word' id='word_1_286' title='bbox 1482 572 1674 633; x_wconf 86' lang='lat' dir='ltr'><strong>bibere,</strong></span> <span class='ocrx_word' id='word_1_287' title='bbox 1715 571 1754 626; x_wconf 90' lang='lat' dir='ltr'><strong>i.</strong></span> <span class='ocrx_word' id='word_1_288' title='bbox 1815 588 1864 625; x_wconf 89' lang='lat' dir='ltr'><strong>e.</strong></span> <span class='ocrx_word' id='word_1_289' title='bbox 1931 572 2218 640; x_wconf 87' lang='lat' dir='ltr'><strong>passionem</strong></span> 
     </span>
     <span class='ocr_line' id='line_1_57' title="bbox 1234 645 2217 706; baseline -0.001 -6"><span class='ocrx_word' id='word_1_290' title='bbox 1234 654 1284 700; x_wconf 86' lang='lat' dir='ltr'><strong>et</strong></span> <span class='ocrx_word' id='word_1_291' title='bbox 1323 654 1540 700; x_wconf 89' lang='lat' dir='ltr'><strong>mortem</strong></span> <span class='ocrx_word' id='word_1_292' title='bbox 1568 645 1843 706; x_wconf 88' lang='lat' dir='ltr'><strong>sustinere,</strong></span> <span class='ocrx_word' id='word_1_293' title='bbox 1873 660 1935 698; x_wconf 91' lang='lat' dir='ltr'><strong>ac</strong></span> <span class='ocrx_word' id='word_1_294' title='bbox 1963 646 2073 699; x_wconf 90' lang='lat' dir='ltr'><strong>ideo</strong></span> <span class='ocrx_word' id='word_1_295' title='bbox 2098 646 2217 699; x_wconf 88' lang='lat' dir='ltr'><strong>huic</strong></span> 
     </span>
     <span class='ocr_line' id='line_1_58' title="bbox 1234 720 2217 774; baseline -0.001 0"><span class='ocrx_word' id='word_1_296' title='bbox 1234 728 1409 774; x_wconf 85' lang='lat' dir='ltr'><strong>eontra</strong></span> <span class='ocrx_word' id='word_1_297' title='bbox 1475 720 1796 774; x_wconf 86' lang='lat' dir='ltr'><strong>voluntatem</strong></span> <span class='ocrx_word' id='word_1_298' title='bbox 1845 721 2061 773; x_wconf 85' lang='lat' dir='ltr'><strong>coactim</strong></span> <span class='ocrx_word' id='word_1_299' title='bbox 2099 720 2217 773; x_wconf 91' lang='lat' dir='ltr'><strong>sub-</strong></span> 
     </span>
     <span class='ocr_line' id='line_1_59' title="bbox 1233 796 1528 849; baseline -0.007 0"><span class='ocrx_word' id='word_1_300' title='bbox 1233 796 1394 849; x_wconf 89' lang='lat' dir='ltr'><strong>iectus</strong></span> <span class='ocrx_word' id='word_1_301' title='bbox 1432 802 1528 848; x_wconf 90' lang='lat' dir='ltr'><strong>est.</strong></span> 
     </span>
    </p>

    <p class='ocr_par' dir='ltr' id='par_1_18' title="bbox 1234 867 2225 3316">
     <span class='ocr_line' id='line_1_60' title="bbox 1306 867 2218 938; baseline 0 -17"><span class='ocrx_word' id='word_1_302' title='bbox 1306 869 1446 938; x_wconf 84' lang='lat' dir='ltr'><strong>Resp.</strong></span> <span class='ocrx_word' id='word_1_303' title='bbox 1490 868 1783 923; x_wconf 86' lang='lat' dir='ltr'><strong>Adversarii</strong></span> <span class='ocrx_word' id='word_1_304' title='bbox 1832 867 1954 922; x_wconf 91' lang='lat' dir='ltr'><strong>satis</strong></span> <span class='ocrx_word' id='word_1_305' title='bbox 1993 868 2218 922; x_wconf 87' lang='lat' dir='ltr'><strong>refutan-</strong></span> 
     </span>
     <span class='ocr_line' id='line_1_61' title="bbox 1236 943 2218 1012; baseline 0.001 -17"><span class='ocrx_word' id='word_1_306' title='bbox 1236 950 1320 996; x_wconf 90' lang='lat' dir='ltr'><strong>tur</strong></span> <span class='ocrx_word' id='word_1_307' title='bbox 1347 960 1437 1012; x_wconf 88' lang='lat' dir='ltr'><strong>per</strong></span> <span class='ocrx_word' id='word_1_308' title='bbox 1476 944 1653 1004; x_wconf 84' lang='lat' dir='ltr'><strong>verba,</strong></span> <span class='ocrx_word' id='word_1_309' title='bbox 1685 959 1815 1012; x_wconf 90' lang='lat' dir='ltr'><strong>quae</strong></span> <span class='ocrx_word' id='word_1_310' title='bbox 1854 945 2068 997; x_wconf 88' lang='lat' dir='ltr'><strong>orationi</strong></span> <span class='ocrx_word' id='word_1_311' title='bbox 2095 943 2218 996; x_wconf 86' lang='lat' dir='ltr'><strong>cita-</strong></span> 
     </span>
     <span class='ocr_line' id='line_1_62' title="bbox 1236 1017 2220 1087; baseline 0.003 -17"><span class='ocrx_word' id='word_1_312' title='bbox 1236 1024 1317 1070; x_wconf 85' lang='lat' dir='ltr'><strong>tae</strong></span> <span class='ocrx_word' id='word_1_313' title='bbox 1354 1018 1643 1071; x_wconf 89' lang='lat' dir='ltr'><strong>immediate</strong></span> <span class='ocrx_word' id='word_1_314' title='bbox 1677 1017 2090 1087; x_wconf 81' lang='lat' dir='ltr'><strong>subiunguntur:</strong></span> <span class='ocrx_word' id='word_1_315' title='bbox 2135 1018 2220 1073; x_wconf 80' lang='lat' dir='ltr'><strong>Ve-</strong></span> 
     </span>
     <span class='ocr_line' id='line_1_63' title="bbox 1234 1093 2221 1162; baseline 0.002 -17"><span class='ocrx_word' id='word_1_316' title='bbox 1234 1101 1498 1145; x_wconf 81' lang='lat' dir='ltr'><strong>runtamen</strong></span> <span class='ocrx_word' id='word_1_317' title='bbox 1538 1109 1633 1145; x_wconf 81' lang='lat' dir='ltr'><strong>non</strong></span> <span class='ocrx_word' id='word_1_318' title='bbox 1674 1093 1798 1143; x_wconf 79' lang='lat' dir='ltr'><strong>sicut</strong></span> <span class='ocrx_word' id='word_1_319' title='bbox 1851 1108 1934 1162; x_wconf 73' lang='lat' dir='ltr'><strong>eqo</strong></span> <span class='ocrx_word' id='word_1_320' title='bbox 1981 1093 2099 1156; x_wconf 67' lang='lat' dir='ltr'><strong>colo,</strong></span> <span class='ocrx_word' id='word_1_321' title='bbox 2141 1093 2221 1147; x_wconf 78' lang='lat' dir='ltr'><strong>sed</strong></span> 
     </span>
     <span class='ocr_line' id='line_1_64' title="bbox 1235 1164 2223 1231; baseline 0.002 -12"><span class='ocrx_word' id='word_1_322' title='bbox 1235 1168 1357 1219; x_wconf 83' lang='lat' dir='ltr'><strong>sicut</strong></span> <span class='ocrx_word' id='word_1_323' title='bbox 1415 1176 1504 1231; x_wconf 74' lang='grc' dir='ltr'><strong>τας</strong></span> <span class='ocrx_word' id='word_1_324' title='bbox 1575 1173 1652 1219; x_wconf 88' lang='lat' dir='ltr'><strong>et:</strong></span> <span class='ocrx_word' id='word_1_325' title='bbox 1696 1164 1850 1220; x_wconf 83' lang='lat' dir='ltr'><strong>Pater</strong></span> <span class='ocrx_word' id='word_1_326' title='bbox 1884 1168 1991 1230; x_wconf 81' lang='lat' dir='ltr'><strong>mi,</strong></span> <span class='ocrx_word' id='word_1_327' title='bbox 2037 1168 2083 1220; x_wconf 80' lang='lat' dir='ltr'><strong>si</strong></span> <span class='ocrx_word' id='word_1_328' title='bbox 2124 1184 2223 1221; x_wconf 80' lang='lat' dir='ltr'><strong>non</strong></span> 
     </span>
     <span class='ocr_line' id='line_1_65' title="bbox 1234 1241 2221 1310; baseline 0.002 -18"><span class='ocrx_word' id='word_1_329' title='bbox 1234 1250 1380 1310; x_wconf 81' lang='lat' dir='ltr'><strong>potest</strong></span> <span class='ocrx_word' id='word_1_330' title='bbox 1445 1241 1522 1293; x_wconf 81' lang='lat' dir='ltr'><strong>hic</strong></span> <span class='ocrx_word' id='word_1_331' title='bbox 1574 1241 1704 1293; x_wconf 72' lang='lat' dir='ltr'><strong>calix</strong></span> <span class='ocrx_word' id='word_1_332' title='bbox 1754 1243 1965 1294; x_wconf 75' lang='lat' dir='ltr'><strong>transire</strong></span> <span class='ocrx_word' id='word_1_333' title='bbox 2007 1242 2107 1294; x_wconf 79' lang='lat' dir='ltr'><strong>nisi</strong></span> <span class='ocrx_word' id='word_1_334' title='bbox 2153 1242 2221 1294; x_wconf 80' lang='lat' dir='ltr'><strong>bi-</strong></span> 
     </span>
     <span class='ocr_line' id='line_1_66' title="bbox 1237 1314 2216 1387; baseline 0.001 -19"><span class='ocrx_word' id='word_1_335' title='bbox 1237 1316 1345 1368; x_wconf 82' lang='lat' dir='ltr'><strong>bam</strong></span> <span class='ocrx_word' id='word_1_336' title='bbox 1384 1315 1558 1378; x_wconf 75' lang='lat' dir='ltr'><strong>illum,</strong></span> <span class='ocrx_word' id='word_1_337' title='bbox 1607 1317 1691 1387; x_wconf 79' lang='lat' dir='ltr'><strong>fiat</strong></span> <span class='ocrx_word' id='word_1_338' title='bbox 1735 1315 1954 1368; x_wconf 78' lang='lat' dir='ltr'><strong>voluntas</strong></span> <span class='ocrx_word' id='word_1_339' title='bbox 1994 1325 2078 1368; x_wconf 83' lang='lat' dir='ltr'><strong>tua</strong></span> <span class='ocrx_word' id='word_1_340' title='bbox 2119 1314 2216 1387; x_wconf 89' lang='lat'><strong>(8).</strong></span> 
     </span>
     <span class='ocr_line' id='line_1_67' title="bbox 1237 1390 2224 1458; baseline 0.002 -16"><span class='ocrx_word' id='word_1_341' title='bbox 1237 1390 1470 1443; x_wconf 89' lang='lat' dir='ltr'><strong>Christus</strong></span> <span class='ocrx_word' id='word_1_342' title='bbox 1510 1406 1631 1458; x_wconf 84' lang='lat' dir='ltr'><strong>ergo</strong></span> <span class='ocrx_word' id='word_1_343' title='bbox 1672 1405 1765 1442; x_wconf 92' lang='lat' dir='ltr'><strong>nec</strong></span> <span class='ocrx_word' id='word_1_344' title='bbox 1804 1390 1983 1452; x_wconf 88' lang='lat' dir='ltr'><strong>voluit,</strong></span> <span class='ocrx_word' id='word_1_345' title='bbox 2029 1406 2123 1443; x_wconf 88' lang='lat' dir='ltr'><strong>nec</strong></span> <span class='ocrx_word' id='word_1_346' title='bbox 2173 1406 2224 1443; x_wconf 93' lang='lat' dir='ltr'><strong>o-</strong></span> 
     </span>
     <span class='ocr_line' id='line_1_68' title="bbox 1239 1464 2223 1518; baseline 0 -1"><span class='ocrx_word' id='word_1_347' title='bbox 1239 1466 1370 1517; x_wconf 90' lang='lat' dir='ltr'><strong>ravit</strong></span> <span class='ocrx_word' id='word_1_348' title='bbox 1409 1465 1722 1518; x_wconf 90' lang='lat' dir='ltr'><strong>contrarium</strong></span> <span class='ocrx_word' id='word_1_349' title='bbox 1763 1464 2011 1517; x_wconf 89' lang='lat' dir='ltr'><strong>voluntati</strong></span> <span class='ocrx_word' id='word_1_350' title='bbox 2059 1464 2223 1517; x_wconf 89' lang='lat' dir='ltr'><strong>Patris</strong></span> 
     </span>
     <span class='ocr_line' id='line_1_69' title="bbox 1237 1539 2225 1608; baseline 0 -17"><span class='ocrx_word' id='word_1_351' title='bbox 1237 1556 1397 1608; x_wconf 89' lang='lat' dir='ltr'><strong>aeque</strong></span> <span class='ocrx_word' id='word_1_352' title='bbox 1436 1556 1497 1592; x_wconf 92' lang='lat' dir='ltr'><strong>ac</strong></span> <span class='ocrx_word' id='word_1_353' title='bbox 1536 1556 1678 1599; x_wconf 88' lang='lat' dir='ltr'><strong>suae,</strong></span> <span class='ocrx_word' id='word_1_354' title='bbox 1722 1539 1810 1591; x_wconf 89' lang='lat' dir='ltr'><strong>sed</strong></span> <span class='ocrx_word' id='word_1_355' title='bbox 1879 1546 2079 1591; x_wconf 89' lang='lat' dir='ltr'><strong>tantum</strong></span> <span class='ocrx_word' id='word_1_356' title='bbox 2137 1554 2225 1591; x_wconf 88' lang='lat' dir='ltr'><strong>ex-</strong></span> 
     </span>
     <span class='ocr_line' id='line_1_70' title="bbox 1240 1613 2222 1681; baseline 0.002 -17"><span class='ocrx_word' id='word_1_357' title='bbox 1240 1615 1403 1681; x_wconf 88' lang='lat' dir='ltr'><strong>posuit</strong></span> <span class='ocrx_word' id='word_1_358' title='bbox 1443 1614 1677 1666; x_wconf 88' lang='lat' dir='ltr'><strong>naturale</strong></span> <span class='ocrx_word' id='word_1_359' title='bbox 1735 1613 2062 1675; x_wconf 87' lang='lat' dir='ltr'><strong>desiderium,</strong></span> <span class='ocrx_word' id='word_1_360' title='bbox 2131 1629 2222 1666; x_wconf 89' lang='lat' dir='ltr'><strong>seu</strong></span> 
     </span>
     <span class='ocr_line' id='line_1_71' title="bbox 1238 1686 2223 1741; baseline 0.003 -4"><span class='ocrx_word' id='word_1_361' title='bbox 1238 1688 1552 1740; x_wconf 89' lang='lat' dir='ltr'><strong>voluntatem</strong></span> <span class='ocrx_word' id='word_1_362' title='bbox 1593 1704 1737 1741; x_wconf 88' lang='lat' dir='ltr'><strong>suam</strong></span> <span class='ocrx_word' id='word_1_363' title='bbox 1796 1686 2108 1741; x_wconf 86' lang='lat' dir='ltr'><strong>inefficacem</strong></span> <span class='ocrx_word' id='word_1_364' title='bbox 2173 1693 2223 1740; x_wconf 85' lang='lat' dir='ltr'><strong>et</strong></span> 
     </span>
     <span class='ocr_line' id='line_1_72' title="bbox 1238 1762 2223 1831; baseline 0 -17"><span class='ocrx_word' id='word_1_365' title='bbox 1238 1762 1660 1824; x_wconf 88' lang='lat' dir='ltr'><strong>conditionatam,</strong></span> <span class='ocrx_word' id='word_1_366' title='bbox 1728 1779 1857 1831; x_wconf 88' lang='lat' dir='ltr'><strong>quae</strong></span> <span class='ocrx_word' id='word_1_367' title='bbox 1923 1762 2223 1816; x_wconf 87' lang='lat' dir='ltr'><strong>naturaliter</strong></span> 
     </span>
     <span class='ocr_line' id='line_1_73' title="bbox 1238 1836 2222 1906; baseline 0.002 -18"><span class='ocrx_word' id='word_1_368' title='bbox 1238 1836 1476 1889; x_wconf 85' lang='lat' dir='ltr'><strong>horrebat</strong></span> <span class='ocrx_word' id='word_1_369' title='bbox 1517 1845 1753 1897; x_wconf 84' lang='lat' dir='ltr'><strong>mortem,</strong></span> <span class='ocrx_word' id='word_1_370' title='bbox 1797 1838 2103 1906; x_wconf 91' lang='lat' dir='ltr'><strong>optabatque</strong></span> <span class='ocrx_word' id='word_1_371' title='bbox 2158 1836 2222 1889; x_wconf 91' lang='lat' dir='ltr'><strong>ab</strong></span> 
     </span>
     <span class='ocr_line' id='line_1_74' title="bbox 1237 1911 2220 1975; baseline 0.002 -13"><span class='ocrx_word' id='word_1_372' title='bbox 1237 1927 1294 1962; x_wconf 89' lang='lat' dir='ltr'><strong>ea</strong></span> <span class='ocrx_word' id='word_1_373' title='bbox 1338 1911 1580 1975; x_wconf 85' lang='lat' dir='ltr'><strong>liberari3</strong></span> <span class='ocrx_word' id='word_1_374' title='bbox 1626 1912 1781 1964; x_wconf 90' lang='lat' dir='ltr'><strong>libere</strong></span> <span class='ocrx_word' id='word_1_375' title='bbox 1824 1918 1992 1964; x_wconf 87' lang='lat' dir='ltr'><strong>tamen</strong></span> <span class='ocrx_word' id='word_1_376' title='bbox 2035 1918 2087 1964; x_wconf 89' lang='lat' dir='ltr'><strong>et</strong></span> <span class='ocrx_word' id='word_1_377' title='bbox 2143 1927 2220 1964; x_wconf 87' lang='lat' dir='ltr'><strong>se·</strong></span> 
     </span>
     <span class='ocr_line' id='line_1_75' title="bbox 1237 1986 2223 2039; baseline 0.003 -3"><span class='ocrx_word' id='word_1_378' title='bbox 1237 1986 1462 2037; x_wconf 80' lang='lat' dir='ltr'><strong>eundum</strong></span> <span class='ocrx_word' id='word_1_379' title='bbox 1504 1987 1751 2038; x_wconf 83' lang='lat' dir='ltr'><strong>rationem</strong></span> <span class='ocrx_word' id='word_1_380' title='bbox 1802 2002 1856 2038; x_wconf 89' lang='lat' dir='ltr'><strong>se</strong></span> <span class='ocrx_word' id='word_1_381' title='bbox 1896 1986 2001 2038; x_wconf 90' lang='lat' dir='ltr'><strong>Deo</strong></span> <span class='ocrx_word' id='word_1_382' title='bbox 2025 1992 2223 2039; x_wconf 85' lang='lat' dir='ltr'><strong>eontra·</strong></span> 
     </span>
     <span class='ocr_line' id='line_1_76' title="bbox 1238 2061 2221 2121; baseline 0.003 -10"><span class='ocrx_word' id='word_1_383' title='bbox 1238 2062 1369 2112; x_wconf 88' lang='lat' dir='ltr'><strong>rium</strong></span> <span class='ocrx_word' id='word_1_384' title='bbox 1412 2061 1622 2121; x_wconf 83' lang='lat' dir='ltr'><strong>volenti,</strong></span> <span class='ocrx_word' id='word_1_385' title='bbox 1666 2061 1860 2112; x_wconf 85' lang='lat' dir='ltr'><strong>scilicet</strong></span> <span class='ocrx_word' id='word_1_386' title='bbox 1900 2068 1956 2114; x_wconf 91' lang='lat' dir='ltr'><strong>ut</strong></span> <span class='ocrx_word' id='word_1_387' title='bbox 2001 2077 2221 2114; x_wconf 89' lang='lat' dir='ltr'><strong>morere·</strong></span> 
     </span>
     <span class='ocr_line' id='line_1_77' title="bbox 1239 2134 2217 2202; baseline 0.001 -16"><span class='ocrx_word' id='word_1_388' title='bbox 1239 2141 1339 2194; x_wconf 88' lang='lat' dir='ltr'><strong>tur,</strong></span> <span class='ocrx_word' id='word_1_389' title='bbox 1404 2135 1625 2202; x_wconf 78' lang='lat' dir='ltr'><strong>perfecte</strong></span> <span class='ocrx_word' id='word_1_390' title='bbox 1678 2135 1909 2187; x_wconf 86' lang='lat' dir='ltr'><strong>subiecit.</strong></span> <span class='ocrx_word' id='word_1_391' title='bbox 1974 2134 2035 2188; x_wconf 83' lang='lat' dir='ltr'><strong>Et</strong></span> <span class='ocrx_word' id='word_1_392' title='bbox 2075 2151 2217 2196; x_wconf 90' lang='lat' dir='ltr'><strong>sane,</strong></span> 
     </span>
     <span class='ocr_line' id='line_1_78' title="bbox 1236 2207 2219 2272; baseline 0.003 -13"><span class='ocrx_word' id='word_1_393' title='bbox 1236 2211 1275 2260; x_wconf 90' lang='lat' dir='ltr'><strong>si</strong></span> <span class='ocrx_word' id='word_1_394' title='bbox 1316 2207 1548 2261; x_wconf 89' lang='lat' dir='ltr'><strong>Christus</strong></span> <span class='ocrx_word' id='word_1_395' title='bbox 1608 2211 1734 2261; x_wconf 87' lang='lat' dir='ltr'><strong>mori</strong></span> <span class='ocrx_word' id='word_1_396' title='bbox 1794 2210 2057 2272; x_wconf 86' lang='lat' dir='ltr'><strong>noluisset,</strong></span> <span class='ocrx_word' id='word_1_397' title='bbox 2121 2226 2219 2262; x_wconf 90' lang='lat' dir='ltr'><strong>non</strong></span> 
     </span>
     <span class='ocr_line' id='line_1_79' title="bbox 1237 2282 2221 2352; baseline 0.003 -18"><span class='ocrx_word' id='word_1_398' title='bbox 1237 2282 1641 2352; x_wconf 79' lang='lat' dir='ltr'><strong>Hierosolymam</strong></span> <span class='ocrx_word' id='word_1_399' title='bbox 1707 2285 2057 2348; x_wconf 85' lang='lat' dir='ltr'><strong>ascendisset3</strong></span> <span class='ocrx_word' id='word_1_400' title='bbox 2127 2300 2221 2337; x_wconf 86' lang='lat' dir='ltr'><strong>nec</strong></span> 
     </span>
     <span class='ocr_line' id='line_1_80' title="bbox 1239 2358 2217 2426; baseline 0.003 -18"><span class='ocrx_word' id='word_1_401' title='bbox 1239 2358 1461 2417; x_wconf 85' lang='lat' dir='ltr'><strong>hortum,</strong></span> <span class='ocrx_word' id='word_1_402' title='bbox 1505 2360 1554 2409; x_wconf 89' lang='lat' dir='ltr'><strong>in</strong></span> <span class='ocrx_word' id='word_1_403' title='bbox 1597 2374 1694 2426; x_wconf 89' lang='lat' dir='ltr'><strong>quo</strong></span> <span class='ocrx_word' id='word_1_404' title='bbox 1735 2374 1879 2410; x_wconf 88' lang='lat' dir='ltr'><strong>orare</strong></span> <span class='ocrx_word' id='word_1_405' title='bbox 1931 2359 2217 2420; x_wconf 90' lang='lat' dir='ltr'><strong>consuevit,</strong></span> 
     </span>
     <span class='ocr_line' id='line_1_81' title="bbox 1238 2433 2220 2498; baseline 0.004 -17"><span class='ocrx_word' id='word_1_406' title='bbox 1238 2434 1515 2498; x_wconf 82' lang='lat' dir='ltr'><strong>ingressus,</strong></span> <span class='ocrx_word' id='word_1_407' title='bbox 1584 2448 1678 2484; x_wconf 86' lang='lat' dir='ltr'><strong>nec</strong></span> <span class='ocrx_word' id='word_1_408' title='bbox 1742 2433 1960 2484; x_wconf 89' lang='lat' dir='ltr'><strong>inimicis</strong></span> <span class='ocrx_word' id='word_1_409' title='bbox 2023 2433 2220 2485; x_wconf 89' lang='lat' dir='ltr'><strong>obviam</strong></span> 
     </span>
     <span class='ocr_line' id='line_1_82' title="bbox 1238 2506 2221 2575; baseline 0.003 -19"><span class='ocrx_word' id='word_1_410' title='bbox 1238 2506 1399 2557; x_wconf 84' lang='lat' dir='ltr'><strong>factus</strong></span> <span class='ocrx_word' id='word_1_411' title='bbox 1463 2513 1630 2570; x_wconf 84' lang='lat' dir='ltr'><strong>esset3</strong></span> <span class='ocrx_word' id='word_1_412' title='bbox 1692 2508 1875 2575; x_wconf 84' lang='lat' dir='ltr'><strong>quibus</strong></span> <span class='ocrx_word' id='word_1_413' title='bbox 1936 2507 2221 2560; x_wconf 90' lang='lat' dir='ltr'><strong>actionibus</strong></span> 
     </span>
     <span class='ocr_line' id='line_1_83' title="bbox 1235 2580 2219 2648; baseline 0.004 -18"><span class='ocrx_word' id='word_1_414' title='bbox 1235 2596 1288 2631; x_wconf 86' lang='lat' dir='ltr'><strong>se</strong></span> <span class='ocrx_word' id='word_1_415' title='bbox 1330 2580 1486 2632; x_wconf 83' lang='lat' dir='ltr'><strong>libere</strong></span> <span class='ocrx_word' id='word_1_416' title='bbox 1526 2588 1740 2633; x_wconf 90' lang='lat' dir='ltr'><strong>mortem</strong></span> <span class='ocrx_word' id='word_1_417' title='bbox 1788 2587 2026 2648; x_wconf 87' lang='lat' dir='ltr'><strong>oppetere</strong></span> <span class='ocrx_word' id='word_1_418' title='bbox 2083 2581 2219 2634; x_wconf 87' lang='lat' dir='ltr'><strong>clare</strong></span> 
     </span>
     <span class='ocr_line' id='line_1_84' title="bbox 1235 2653 2220 2709; baseline 0.004 -5"><span class='ocrx_word' id='word_1_419' title='bbox 1235 2654 1624 2707; x_wconf 88' lang='lat' dir='ltr'><strong>demonstravit.</strong></span> <span class='ocrx_word' id='word_1_420' title='bbox 1672 2653 1939 2707; x_wconf 88' lang='lat' dir='ltr'><strong>Caeterum</strong></span> <span class='ocrx_word' id='word_1_421' title='bbox 1988 2654 2220 2709; x_wconf 89' lang='lat' dir='ltr'><strong>Christus</strong></span> 
     </span>
     <span class='ocr_line' id='line_1_85' title="bbox 1235 2730 2219 2797; baseline 0.004 -18"><span class='ocrx_word' id='word_1_422' title='bbox 1235 2730 1316 2797; x_wconf 91' lang='lat' dir='ltr'><strong>qui</strong></span> <span class='ocrx_word' id='word_1_423' title='bbox 1348 2730 1768 2797; x_wconf 77' lang='lat' dir='ltr'><strong>perfectissimum</strong></span> <span class='ocrx_word' id='word_1_424' title='bbox 1798 2738 2024 2781; x_wconf 87' lang='lat' dir='ltr'><strong>nostrum</strong></span> <span class='ocrx_word' id='word_1_425' title='bbox 2047 2746 2219 2783; x_wconf 88' lang='lat' dir='ltr'><strong>exem·</strong></span> 
     </span>
     <span class='ocr_line' id='line_1_86' title="bbox 1236 2803 2221 2871; baseline 0.005 -17"><span class='ocrx_word' id='word_1_426' title='bbox 1236 2803 1345 2871; x_wconf 89' lang='lat' dir='ltr'><strong>plar</strong></span> <span class='ocrx_word' id='word_1_427' title='bbox 1385 2803 1491 2855; x_wconf 86' lang='lat' dir='ltr'><strong>fieri</strong></span> <span class='ocrx_word' id='word_1_428' title='bbox 1537 2805 1717 2866; x_wconf 88' lang='lat' dir='ltr'><strong>voluit,</strong></span> <span class='ocrx_word' id='word_1_429' title='bbox 1773 2804 1964 2857; x_wconf 89' lang='lat' dir='ltr'><strong>orando</strong></span> <span class='ocrx_word' id='word_1_430' title='bbox 2023 2821 2115 2858; x_wconf 92' lang='lat' dir='ltr'><strong>nos</strong></span> <span class='ocrx_word' id='word_1_431' title='bbox 2173 2821 2221 2858; x_wconf 91' lang='lat' dir='ltr'><strong>e·</strong></span> 
     </span>
     <span class='ocr_line' id='line_1_87' title="bbox 1234 2878 2218 2947; baseline 0.004 -19"><span class='ocrx_word' id='word_1_432' title='bbox 1234 2879 1406 2944; x_wconf 78' lang='lat' dir='ltr'><strong>gregie</strong></span> <span class='ocrx_word' id='word_1_433' title='bbox 1446 2878 1686 2937; x_wconf 84' lang='lat' dir='ltr'><strong>erudivit,</strong></span> <span class='ocrx_word' id='word_1_434' title='bbox 1717 2879 1847 2947; x_wconf 90' lang='lat' dir='ltr'><strong>quod</strong></span> <span class='ocrx_word' id='word_1_435' title='bbox 1883 2879 2104 2932; x_wconf 86' lang='lat' dir='ltr'><strong>instante</strong></span> <span class='ocrx_word' id='word_1_436' title='bbox 2131 2881 2218 2932; x_wconf 91' lang='lat' dir='ltr'><strong>tri-</strong></span> 
     </span>
     <span class='ocr_line' id='line_1_88' title="bbox 1235 2952 2220 3007; baseline 0.004 -3"><span class='ocrx_word' id='word_1_437' title='bbox 1235 2952 1493 3004; x_wconf 89' lang='lat' dir='ltr'><strong>bulatione</strong></span> <span class='ocrx_word' id='word_1_438' title='bbox 1533 2953 1594 3003; x_wconf 88' lang='lat' dir='ltr'><strong>ad</strong></span> <span class='ocrx_word' id='word_1_439' title='bbox 1638 2952 1797 3005; x_wconf 88' lang='lat' dir='ltr'><strong>Deum</strong></span> <span class='ocrx_word' id='word_1_440' title='bbox 1841 2969 2104 3007; x_wconf 87' lang='lat' dir='ltr'><strong>recurrere</strong></span> <span class='ocrx_word' id='word_1_441' title='bbox 2138 2954 2220 3007; x_wconf 90' lang='lat' dir='ltr'><strong>de-</strong></span> 
     </span>
     <span class='ocr_line' id='line_1_89' title="bbox 1235 3027 2214 3097; baseline 0.005 -20"><span class='ocrx_word' id='word_1_442' title='bbox 1235 3027 1464 3087; x_wconf 81' lang='lat' dir='ltr'><strong>beamuS‚</strong></span> <span class='ocrx_word' id='word_1_443' title='bbox 1510 3034 1559 3078; x_wconf 85' lang='lat' dir='ltr'><strong>et</strong></span> <span class='ocrx_word' id='word_1_444' title='bbox 1599 3027 1731 3095; x_wconf 88' lang='lat' dir='ltr'><strong>quod</strong></span> <span class='ocrx_word' id='word_1_445' title='bbox 1773 3028 1924 3080; x_wconf 89' lang='lat' dir='ltr'><strong>etiam</strong></span> <span class='ocrx_word' id='word_1_446' title='bbox 1991 3045 2214 3097; x_wconf 85' lang='lat' dir='ltr'><strong>praeser-</strong></span> 
     </span>
     <span class='ocr_line' id='line_1_90' title="bbox 1235 3101 2218 3157; baseline 0.007 -9"><span class='ocrx_word' id='word_1_447' title='bbox 1235 3101 1489 3152; x_wconf 90' lang='lat' dir='ltr'><strong>vationem</strong></span> <span class='ocrx_word' id='word_1_448' title='bbox 1528 3108 1616 3152; x_wconf 88' lang='lat' dir='ltr'><strong>aut</strong></span> <span class='ocrx_word' id='word_1_449' title='bbox 1658 3101 2004 3155; x_wconf 88' lang='lat' dir='ltr'><strong>liberationem</strong></span> <span class='ocrx_word' id='word_1_450' title='bbox 2043 3105 2107 3157; x_wconf 91' lang='lat' dir='ltr'><strong>ab</strong></span> <span class='ocrx_word' id='word_1_451' title='bbox 2133 3104 2218 3156; x_wconf 90' lang='lat' dir='ltr'><strong>ad-</strong></span> 
     </span>
     <span class='ocr_line' id='line_1_91' title="bbox 1234 3175 2216 3246; baseline 0.007 -23"><span class='ocrx_word' id='word_1_452' title='bbox 1234 3175 1558 3227; x_wconf 88' lang='lat' dir='ltr'><strong>versitatibus</strong></span> <span class='ocrx_word' id='word_1_453' title='bbox 1580 3182 1750 3243; x_wconf 89' lang='lat' dir='ltr'><strong>petere</strong></span> <span class='ocrx_word' id='word_1_454' title='bbox 1773 3178 2038 3246; x_wconf 77' lang='lat' dir='ltr'><strong>possimus,</strong></span> <span class='ocrx_word' id='word_1_455' title='bbox 2071 3179 2216 3230; x_wconf 91' lang='lat' dir='ltr'><strong>dum·</strong></span> 
     </span>
     <span class='ocr_line' id='line_1_92' title="bbox 1234 3249 2215 3316; baseline 0.004 -16"><span class='ocrx_word' id='word_1_456' title='bbox 1234 3249 1379 3301; x_wconf 89' lang='lat' dir='ltr'><strong>modo</strong></span> <span class='ocrx_word' id='word_1_457' title='bbox 1419 3250 1821 3316; x_wconf 81' lang='lat' dir='ltr'><strong>sapientissimae</strong></span> <span class='ocrx_word' id='word_1_458' title='bbox 1860 3253 2108 3307; x_wconf 90' lang='lat' dir='ltr'><strong>voluntati</strong></span> <span class='ocrx_word' id='word_1_459' title='bbox 2141 3252 2215 3304; x_wconf 90' lang='lat' dir='ltr'><strong>di-</strong></span> 
     </span>
    </p>
   </div>
   <div class='ocr_carea' id='block_1_17' title="bbox 1274 3362 2148 3541">
    <p class='ocr_par' dir='ltr' id='par_1_19' title="bbox 1279 3362 1780 3407">
     <span class='ocr_line' id='line_1_93' title="bbox 1279 3362 1780 3407; baseline 0.012 -11"><span class='ocrx_word' id='word_1_460' title='bbox 1279 3362 1326 3406; x_wconf 75' lang='grc'><strong>(5)</strong></span> <span class='ocrx_word' id='word_1_461' title='bbox 1350 3363 1382 3404; x_wconf 83' lang='grc'><strong>3,</strong></span> <span class='ocrx_word' id='word_1_462' title='bbox 1407 3372 1439 3407; x_wconf 91' lang='lat' dir='ltr'><strong>q.</strong></span> <span class='ocrx_word' id='word_1_463' title='bbox 1455 3362 1507 3405; x_wconf 70' lang='lat'><strong>58,</strong></span> <span class='ocrx_word' id='word_1_464' title='bbox 1532 3370 1599 3402; x_wconf 86' lang='lat' dir='ltr'><strong>art.</strong></span> <span class='ocrx_word' id='word_1_465' title='bbox 1625 3362 1657 3402; x_wconf 78' lang='lat'><strong>3.</strong></span> <span class='ocrx_word' id='word_1_466' title='bbox 1682 3366 1728 3402; x_wconf 79' lang='lat' dir='ltr'><strong>ad</strong></span> <span class='ocrx_word' id='word_1_467' title='bbox 1750 3364 1780 3402; x_wconf 79' lang='lat'><strong>3.</strong></span> 
     </span>
    </p>

    <p class='ocr_par' dir='ltr' id='par_1_20' title="bbox 1274 3407 2148 3497">
     <span class='ocr_line' id='line_1_94' title="bbox 1274 3407 2148 3454; baseline 0.007 -13"><span class='ocrx_word' id='word_1_468' title='bbox 1274 3407 1326 3451; x_wconf 79' lang='grc'><strong>(6)</strong></span> <span class='ocrx_word' id='word_1_469' title='bbox 1349 3407 1421 3443; x_wconf 77' lang='grc' dir='ltr'><strong>Οῐτ.</strong></span> <span class='ocrx_word' id='word_1_470' title='bbox 1444 3411 1590 3444; x_wconf 86' lang='lat' dir='ltr'><strong>Bitluart</strong></span> <span class='ocrx_word' id='word_1_471' title='bbox 1614 3411 1658 3446; x_wconf 85' lang='lat' dir='ltr'><strong>de</strong></span> <span class='ocrx_word' id='word_1_472' title='bbox 1682 3413 1820 3448; x_wconf 77' lang='lat' dir='ltr'><strong>lucam.</strong></span> <span class='ocrx_word' id='word_1_473' title='bbox 1835 3412 1995 3454; x_wconf 62' lang='lat' dir='ltr'><strong>nisui),</strong></span> <span class='ocrx_word' id='word_1_474' title='bbox 2019 3418 2084 3448; x_wconf 80' lang='lat' dir='ltr'><strong>art.</strong></span> <span class='ocrx_word' id='word_1_475' title='bbox 2119 3411 2148 3447; x_wconf 79' lang='lat'><strong>3.</strong></span> 
     </span>
     <span class='ocr_line' id='line_1_95' title="bbox 1276 3451 1633 3497; baseline 0.022 -13"><span class='ocrx_word' id='word_1_476' title='bbox 1276 3451 1326 3495; x_wconf 74' lang='grc' dir='ltr'><strong>(τ)</strong></span> <span class='ocrx_word' id='word_1_477' title='bbox 1350 3453 1474 3488; x_wconf 74' lang='lat' dir='ltr'><strong>Manu.</strong></span> <span class='ocrx_word' id='word_1_478' title='bbox 1500 3454 1555 3497; x_wconf 71' lang='lat' dir='ltr'><strong>aa,</strong></span> <span class='ocrx_word' id='word_1_479' title='bbox 1579 3455 1633 3492; x_wconf 77' lang='lat'><strong>89.</strong></span> 
     </span>
    </p>

    <p class='ocr_par' dir='ltr' id='par_1_21' title="bbox 1275 3495 1541 3541">
     <span class='ocr_line' id='line_1_96' title="bbox 1275 3495 1541 3541; baseline 0.015 -10"><span class='ocrx_word' id='word_1_480' title='bbox 1275 3495 1323 3541; x_wconf 77' lang='lat'><strong>(8)</strong></span> <span class='ocrx_word' id='word_1_481' title='bbox 1355 3498 1464 3533; x_wconf 82' lang='lat' dir='ltr'><strong>Versu</strong></span> <span class='ocrx_word' id='word_1_482' title='bbox 1487 3498 1541 3536; x_wconf 64' lang='lat'><strong>42.</strong></span> 
     </span>
    </p>
   </div>
  </div>
 </body>
</html>
