2332 3860
281 112 390 166 326

215 282 475 350 legoric'us
512 289 592 335 est
629 283 972 336 adhibendus,

285 355 428 426 Hesp.
470 355 668 411 Nomen
724 358 923 411 arboris
960 356 1207 410 scientiae
1270 355 1367 430 Qui
1405 357 1534 410 dimit
1570 359 1649 412 ad
1661 359 1956 415 mulierem:
1985 347 2261 431 Carpi-ab:-

205 431 358 485 boni
373 437 426 484 et
465 431 584 485 mali
626 431 923 499 nullatenus
952 430 1205 515 mythum

203 504 399 573 prodit
422 503 534 558 Non
553 506 692 558 enim
713 506 809 559 hoc
831 506 1204 573 nominesigni-

205 578 416 642 ficetur,
450 577 711 634 Adamum
745 596 835 648 per
870 580 965 632 hoc
1006 579 1204 647 lignum

204 654 442 712 notitiam
469 653 589 707 boni
616 659 666 706 et
688 654 807 707 mali
830 654 1201 723 acquisiturum

207 743 348 792 esse,
378 728 498 796 quia
525 727 791 781 intellectu
832 728 1112 796 praeditus,
1150 736 1200 782 et

202 802 370 869 gratia
380 801 669 855 illustratus
683 803 729 855 ia
737 818 786 856 m
796 809 947 855 antea
960 803 1200 871 cognovit

200 874 321 945 quid
351 875 637 943 agendum,
665 876 888 945 quidque
916 876 1197 942 fugendum

611 129 676 166 ne
710 128 807 167 neo
843 127 894 176 m
940 126 1208 168 marrona
1247 129 1311 167 An
1349 127 1578 175 neuneu
1590 129 1848 180 summm.
2270 174 2295 199 μ

214 215 457 263 tuantur:
495 223 624 278 ergo
661 209 970 278 improprius
1009 225 1101 277 seu
1131 209 1207 262 al-.
1271 217 1376 262 erat
1414 209 1642 265 callidior
1680 211 1873 282 camlis
1922 213 2261 283 dirimentibus

1272 290 1449 346 terrae,
1481 299 1605 352 W
1624 284 1804 353 fecerat
1838 285 2078 343 Dominus
2103 277 2258 355 Βόκκι
2290 295 2299 342 ἴ

1267 431 1389 500 cepit
1425 430 1559 485 vobis
1597 424 1748 493 Deus,
1792 441 1860 496 ut
1909 451 2013 487 non
2051 437 2259 499 comede·
2298 473 2299 476 ,

1267 507 1386 558 retis
1424 506 1480 558 de
1518 507 1652 558 omui
1689 480 1819 575 liquo
1853 510 2149 576 paraclesi?
2161 508 2260 573 Cui
2309 533 2332 574 ς,

1266 579 1509 648 respondit
1547 579 1759 632 mulier:
1802 579 1872 639 De
1907 582 2077 650 fructu
2103 582 2256 652 liquo·
2315 578 2332 637 ’τ’

1264 669 1379 706 rum
1416 670 1539 723 quae
1576 661 1690 712 suut
1729 655 1782 709 in
1812 656 2068 724 paradiso,
2117 660 2258 711 vesci·

1264 744 1396 789 mur,
1441 729 1496 781 de
1532 730 1701 796 fructu
1728 743 1835 782 vero
1875 729 1997 798 liqui
2034 731 2163 800 quod
2188 739 2257 785 est

1263 802 1315 854 in
1355 803 1511 855 medio
1541 803 1788 872 paradisi,
1826 805 2067 873 praecepit
2107 807 2252 864 uobis

1263 875 1410 938 θεας,
1454 894 1512 929 ue
1551 877 1922 937 comederentur,
1965 885 2009 942 et
2036 894 2107 939 *ue
2152 886 2256 932 tau·
2329 882 2332 884 ’

203 950 289 1013 sit:
315 949 405 1004 sed
433 950 585 1002 arbor
613 949 700 1002 illa
724 948 921 1018 lignum
950 951 1197 1003 scientiae
1259 966 1477 1017 aeremus
1519 952 1665 1012 illud,
1707 968 1770 1004 ue
1794 953 1921 1020 forto
1947 953 2247 1007 moriamur.
2320 987 2328 996 ·

197 1023 316 1076 hom
335 1023 523 1076 etmali
539 1024 855 1086 nominatur
880 1024 1000 1093 quia
1027 1031 1195 1093 proto·
1260 1024 1401 1079 Dema
1440 1034 1602 1078 aulem
1640 1041 1834 1094 serpens
1866 1025 1929 1078 ad
1967 1026 2250 1081 mulierem:

201 1104 462 1163 parentes,
493 1098 615 1150 dum
638 1098 861 1150 fructum
885 1098 994 1150 eius
1016 1106 1194 1151 contra
1258 1098 1581 1167 Nequaquam
1621 1108 1773 1153 morte
1813 1100 2110 1153 moriemini.
2147 1100 2254 1165 Scit

194 1171 292 1224 Dei
321 1172 652 1224 interdictum
680 1172 1193 1238 gusta1unt,discri-

119 1292 124 1297 .
197 1260 314 1299 men
331 1246 447 1298 boni
471 1252 522 1298 et
546 1246 665 1298 mali
681 1253 848 1298 status
864 1247 1054 1298 clarius
1079 1263 1190 1315 per-

194 1319 396 1387 spicere
418 1327 720 1388 coeperunt:
747 1336 847 1373 non
878 1319 996 1373 licet
1017 1334 1139 1388 ergo
1161 1338 1188 1374 a

199 1409 354 1446 sensu
372 1394 578 1447 litterali
592 1411 747 1462 propr
752 1395 797 1446 io
814 1394 1053 1446 recedere
1070 1396 1186 1463 quia

194 1459 513 1521 solummodo
541 1467 638 1520 hoc
667 1470 857 1521 reiecto
891 1484 1075 1520 nomen
1104 1486 1185 1522 ar-

190 1541 328 1594 boris
349 1543 618 1604 absonum,
637 1549 688 1594 et
708 1543 817 1594 sinc
841 1558 993 1595 sensu
1018 1542 1180 1601 fieret.

194 1615 426 1669 -Ultro
454 1623 629 1671 autem
669 1616 912 1678 fatemur,
948 1617 1187 1670 deambu-

190 1690 435 1743 lationem
458 1690 551 1743 Dei
579 1692 629 1743 in
654 1691 890 1759 paradiso
913 1707 1012 1744 non
1039 1708 1184 1760 posse

189 1764 240 1816 in
257 1781 410 1816 sensu
430 1765 636 1817 litterali
655 1767 856 1833 proprio
871 1765 1051 1833 accipi,
1067 1768 1182 1835 quia

190 1854 284 1891 ens
306 1839 615 1891 immensum
630 1855 729 1891 non
749 1840 1056 1891 moveturde
1075 1840 1182 1893 loco

189 1913 241 1966 in
286 1911 474 1964 locum.
520 1911 614 1964 Ast
652 1910 791 1964 Deus
830 1913 1016 1965 dicitur
1045 1914 1094 1965 in
1123 1914 1176 1966 S.

188 1985 455 2055 Scriptura
477 1986 811 2049 descendere,
845 1989 1041 2049 venire,
1073 2004 1181 2040 am-

187 2060 368 2114 bulare
384 2067 484 2114 etc.
498 2101 510 2122 ‚
530 2060 654 2113 dum
669 2062 1010 2128 praesentiam
1034 2078 1179 2113 suam

189 2135 400 2203 speciali
447 2135 598 2188 modo
642 2136 934 2187 manifestat
973 2133 1026 2206 (S
1064 2135 1175 2206 55);

187 2224 310 2276 ergo
332 2209 574 2269 etiamid,
609 2210 741 2277 quod
764 2208 892 2261 Gen.
920 2209 1007 2271 ΙΙΙ,
1034 2208 1087 2270 8,
1116 2210 1182 2262 lc·

186 2284 325 2350 gitur
365 2283 437 2335 ita
477 2282 868 2351 intelligendum
899 2289 1002 2344 est,
1046 2284 1178 2352 quod

186 2357 325 2409 Deus
347 2364 488 2408 certo
513 2357 623 2409 loco
646 2365 696 2409 et
724 2364 952 2423 tempore
974 2357 1069 2410 sub
1089 2357 1179 2409 ali-

188 2430 531 2500 quasensibili
553 2431 712 2483 forma
735 2432 1180 2499 protoparentibus

187 2512 300 2573 post
342 2510 610 2572 peccatum
653 2507 994 2573 praesentiam
1033 2522 1177 2557 suam

151 2615 155 2618 <
188 2579 611 2633 manifestaverit.
623 2579 739 2631 Ideo
755 2588 930 2632 autem
946 2579 1181 2632 nonlicet

185 2654 239 2704 in
270 2660 374 2704 tota
395 2655 615 2706 mosaica
647 2655 942 2706 narratione
968 2670 996 2707 a
1026 2670 1176 2706 sensu

189 2725 399 2779 litterali
436 2728 675 2780 recedere
701 2769 714 2790 ,
755 2730 889 2780 sicut
932 2744 1031 2779 non
1063 2728 1180 2780 licet

186 2799 450 2852 historiam
484 2801 626 2855 Eliae
653 2801 928 2869 allegorice
957 2817 1179 2869 expone-

188 2889 264 2932 re,
301 2875 447 2941 quia,
479 2891 599 2927 cum
636 2877 881 2928 transiret
909 2876 1175 2941 DominuS,

192 2945 398 3000 sibilum
437 2964 593 3002 aurae
633 2951 804 3003 tenuis
842 2950 998 3003 sensit
1028 2947 1124 3020 (1).

595 3085 634 3144 S
664 3087 784 3132 134.

245 3173 525 3218 protoparentes
547 3180 749 3218 peccarunt
775 3175 901 3212 tentati
931 3180 969 3212 et
992 3175 1130 3211 seducti

565 3242 585 3267 a
609 3235 795 3270 daemone.

262 3313 503 3368 Seductio
526 3322 946 3385 protoparentum
973 3319 1042 3371 ita
1066 3333 1182 3370 nar.-

194 3391 339 3443 ratur
379 3387 508 3442 Gen.
566 3388 656 3452 111,
709 3390 732 3442 1
792 3398 916 3444 etc.:
972 3391 1182 3461 Serpens

235 3490 287 3536 (1)
309 3491 358 3534 111
382 3490 471 3535 Reg-
498 3488 553 3530 1⁹.
580 3489 633 3525 12

1254 1175 1384 1225 enim
1423 1173 1574 1235 Deua,
1607 1175 1752 1242 quod,
1786 1177 2145 1258 inquocunque
2171 1174 2249 1230 die
2316 1185 2321 1189 ⁴

1254 1248 1556 1299 comederetis
1596 1265 1657 1300 em
1690 1264 1763 1310 eo,
1802 1248 2085 1316 aperientur
2121 1248 2254 1304 acioli

1254 1324 1415 1380 vestri,
1466 1329 1509 1373 el
1564 1323 1708 1373 eritis
1753 1322 1878 1375 sicut
1917 1321 2009 1383 dii,
2052 1321 2252 1374 scientes
2323 1386 2332 1394 Δ

1253 1394 1425 1447 bouum
1467 1403 1510 1447 et
1547 1395 1751 1448 malum.
1785 1395 1915 1448 Vidit
1963 1395 2117 1464 igitur
2143 1411 2249 1455 mu·
2326 1452 2332 1462 ,

1252 1468 1360 1531 lior,
1403 1470 1531 1537 quod
1566 1469 1740 1521 bonum
1757 1476 1872 1521 esset
1893 1469 2080 1537 lignum
2099 1469 2163 1523 ad
2177 1485 2249 1522 ve-

1249 1544 1497 1605 scendum,
1541 1550 1584 1594 et
1615 1543 1845 1611 pulcrum
1886 1542 2037 1596 oculis
2083 1543 2248 1612 adspe-

1249 1624 1419 1685 ctuque
1460 1616 1749 1676 delectabile,
1792 1624 1836 1670 et
1870 1616 2053 1669 lulitde
2079 1618 2246 1685 fructu

1250 1690 1382 1743 illius
1421 1699 1465 1743 et
1502 1691 1722 1751 comedit,
1767 1691 1986 1759 deditque
2020 1690 2126 1744 viro
2154 1707 2245 1744 suo

1247 1766 1333 1832 qui
1372 1766 1592 1817 comedit.
1637 1764 1781 1820 Circa
1823 1766 1980 1818 istum
2033 1780 2244 1834 serpen-

1249 1846 1348 1890 tem
1374 1840 1696 1891 seductorem
1721 1839 1895 1899 variae
1917 1838 2106 1892 dantur
2128 1856 2242 1892 sen-

1247 1914 1457 1974 tentiae,
1481 1929 1660 1965 vcrum
1676 1930 1742 1965 ex
1762 1912 1797 1965 S
1805 1912 2080 1981 ,Scriptura
2100 1920 2239 1968 etex

1249 1985 1528 2039 Traditione
1555 1994 1775 2049 constat,
1822 1989 2157 2040 tentationem
2186 1994 2239 2041 et

1244 2061 1595 2114 seductionem
1643 2061 1783 2114 Evae
1832 2061 2070 2115 daemoni
2121 2077 2235 2122 esse

1243 2134 1647 2189 adscribendam.

1321 2210 1368 2261 1
1415 2210 1492 2261 Ex
1533 2211 1640 2278 ipsa
1681 2209 1972 2262 narratione
2008 2210 2231 2263 mosaica
2306 2270 2321 2285 ‚

1243 2283 1410 2351 colligi
1454 2291 1637 2352 potest,
1682 2299 1770 2351 per
1809 2290 2103 2352 serpentem
2129 2300 2229 2346 non

1246 2373 1389 2423 posse
1446 2373 1587 2410 mere
1651 2358 1839 2409 animal
1881 2359 2115 2417 naturale
2154 2358 2230 2410 in-

1246 2431 1423 2495 telligi.
1468 2431 1664 2484 Dicitur
1704 2431 1842 2484 enim
1879 2447 2077 2499 serpens
2127 2433 2229 2484 cal·

1243 2505 1390 2556 lidior
1429 2506 1610 2558 ottuctis
1648 2505 1987 2558 animantibus
2033 2512 2222 2557 terroe.-

1241 2595 1409 2631 sermo
1448 2587 1621 2632 autem
1661 2585 1758 2640 est,
1794 2580 1868 2630 uti
1908 2595 1974 2630 ex
2013 2595 2228 2648 sequen-

1242 2653 1378 2704 tibus
1436 2660 1594 2719 patet‚
1657 2652 1719 2714 de
1777 2652 2056 2705 calliditate
2113 2649 2302 2714 tali‚'·?

1242 2742 1370 2794 quae
1411 2726 1548 2778 Evae
1587 2725 1847 2778 intellectu
1876 2733 1927 2778 et
1956 2727 2114 2789 libera
2142 2742 2228 2779 vo·
2299 2791 2302 2793 Α

1243 2800 1439 2852 luntate
1481 2801 1759 2868 praeditae,
1808 2800 1994 2853 motiva
2052 2799 2113 2854 ad
2173 2816 2234 2852 a«
2285 2836 2295 2846 .-

1242 2875 1466 2941 gendum
1489 2874 1804 2942 impellentia
1826 2873 2075 2943 suggerit3
2108 2873 2226 2942 talis
2283 2880 2305 2941 θ’

1242 2956 1414 3001 autem
1455 2949 1709 3001 calliditas
1747 2949 1857 3000 sine
1898 2949 2094 3000 ratione
2133 2962 2230 3000 seu1
2263 2957 2332 3014 4:

1244 3022 1506 3074 intellectu
1574 3022 1783 3090 cogitari
1852 3037 1952 3073 non
2017 3027 2180 3088 potest
2205 3035 2258 3074 τ-

1243 3112 1364 3164 ergo
1404 3097 1512 3162 ipsa
1551 3095 1603 3148 S.
1649 3095 1907 3161 Scriptura
1953 3094 2142 3160 innuit,
2172 3094 2223 3146 in
2274 3102 2324 3144 .‹.s'

1242 3176 1479 3236 serpente
1537 3171 1615 3220 cui
1678 3169 1830 3221 talem
1895 3166 2223 3230 calliditatem
2308 3156 2332 3221 f

1243 3243 1514 3303 adscribit,
1565 3257 1720 3311 quam
1770 3258 1832 3295 ex
1891 3246 2075 3293 natura
2131 3255 2223 3311 sua
2253 3257 2332 3291 a

1247 3332 1344 3368 non
1385 3316 1581 3376 habuit,
1625 3331 1719 3368 ens
1769 3313 2023 3384 quoddam
2074 3313 2332 3387 ratio-‚afr

1247 3388 1360 3442 nale
1412 3395 1463 3442 et
1519 3389 1722 3457 quidem
1772 3386 1969 3456 malum
2028 3387 2279 3454 fuisse,‚;
2324 3437 2330 3442 ,

1243 3464 1360 3532 quia
1400 3462 1463 3531 ad
1503 3461 1820 3530 peccandum
1859 3460 2091 3532 pellexit.
2114 3456 2302 3537 λ.1;ὶ-,ς;;,’“,ξ
