2332 3860
708 222 827 263 PARS
866 225 899 263 Ι.
942 225 1109 264 SEc'rio
1146 230 1183 265 1.
1226 227 1379 264 CAPUT
1417 228 1471 265 it.

84 306 496 391 compositiones,
519 303 571 358 ln
587 310 783 358 rectam
798 306 933 359 entis
955 306 1073 358 sim-

87 382 231 451 plicis
269 379 614 457 cognitionem
654 378 979 441 devenimuS‚
1022 386 1074 432 et

87 456 312 507 diversos
367 452 575 522 gradus
598 452 940 519 simplicitatis
979 452 1074 505 hac

86 529 171 581 via
222 527 559 596 concipimuS‚
603 526 769 579 donec
807 527 1076 595 pervenia—

86 617 201 654 mus
239 600 304 653 ad
350 600 732 669 simplicitatem
791 616 1070 662 summam,

86 690 217 744 quae
245 675 446 728 nonnisi
487 675 538 726 in
568 673 673 726 Deo
714 681 809 726 est.
843 704 912 712 —
941 673 1073 726 Dum

87 755 261 802 autem
291 765 320 801 a
347 748 624 816 Spiritibus
651 748 840 800 creatis
879 748 943 799 ad
983 747 1074 799 Dei

86 822 467 890 simplicitatem
530 821 959 874 considerandam
1020 837 1074 873 a·

87 897 400 958 scendimus‚
445 896 734 948 cavendum
781 901 896 956 est,
944 910 1006 946 ne
1039 896 1079 946 i·

89 986 231 1039 psam
258 971 658 1038 simplicitatem,
686 985 776 1022 seu
799 969 1080 1036 spirituali-

89 1051 248 1098 tatem
262 1046 405 1113 quasi
421 1060 570 1113 yemis
587 1044 956 1112 concipiamuS‚
983 1044 1078 1094 sub

88 1134 189 1187 quo
228 1119 434 1171 animae
474 1117 752 1179 humanae,
798 1116 984 1182 Angeli
1029 1124 1079 1167 et

90 1192 229 1245 Deus
258 1200 505 1261 tanquam
542 1192 740 1261 species
780 1191 1079 1243 continean-

93 1274 194 1320 tur.
239 1266 378 1318 Deus
405 1267 563 1328 enim,
609 1272 784 1334 utpote
813 1281 906 1318 ens
932 1281 961 1317 a
1001 1280 1075 1325 sc,

94 1342 439 1393 necessarium
479 1346 530 1392 et
554 1341 812 1392 infinitum
834 1355 952 1391 cum
993 1355 1080 1389 en-

92 1415 229 1468 tibus
286 1413 516 1466 limitatis
567 1421 619 1466 et
664 1413 1083 1481 contingentibus

93 1489 188 1541 sub
227 1503 329 1540 uno
369 1503 559 1556 genere
599 1489 850 1540 contineri
882 1489 1075 1554 nequit.

94 1561 201 1614 lino
267 1563 308 1613 si
349 1564 503 1622 etiam
546 1562 702 1614 solius
742 1561 1083 1629 simplicitatis

96 1636 224 1687 ratio
263 1634 536 1697 habeatur,
583 1637 808 1687 maxima
839 1635 1080 1687 discrimi

97 1725 162 1761 na
193 1709 327 1761 inter
355 1709 516 1761 Deum
559 1717 611 1761 et
637 1710 845 1777 spiritus
885 1714 1085 1760 creatos

97 1782 444 1850 reperiuntur.
489 1782 735 1844 Quamvis
774 1785 913 1834 enim
965 1781 1015 1832 bi
1056 1798 1084 1832 a

99 1858 335 1916 materia,
361 1862 411 1907 et
437 1873 467 1907 a
495 1858 721 1923 partium
750 1863 897 1907 extra
923 1871 977 1906 se
1002 1870 1086 1922 po-

99 1932 314 1982 sitarum
355 1930 680 1981 concretione
716 1932 992 1989 immuneS‚
1036 1934 1088 1979 ct

100 2005 213 2057 ideo
254 2020 373 2055 vere
414 2004 671 2072 simplices
710 2005 831 2064 sint,
876 2005 925 2054 in
967 2002 1087 2069 ipsis

101 2085 272 2131 tamen
332 2078 662 2146 distinguitur
718 2078 1004 2130 substantia
1060 2092 1084 2127 a

103 2153 438 2220 qualitatibus
464 2193 476 2213 ‚
519 2153 807 2203 subiectum
848 2152 912 2203 ab
958 2149 1088 2201 acci-

103 2227 310 2282 dentiis,
353 2242 483 2294 quae
529 2226 729 2286 adesse,
788 2226 869 2276 vel
911 2224 1089 2276 abesse

106 2305 339 2366 possunt3
373 2301 597 2366 potentia
624 2303 689 2351 ab
716 2306 857 2360 acta,
891 2299 974 2367 qui
1004 2314 1091 2366 per

105 2373 244 2425 illam
285 2375 510 2441 ponitur,
553 2379 606 2425 et
646 2375 751 2440 ipsa
781 2373 988 2424 demum
1016 2387 1091 2423 cs-

105 2448 270 2499 sentia
299 2448 362 2499 ab
396 2448 691 2507 existent-ia,
735 2462 867 2515 quae
896 2447 944 2497 in
977 2462 1093 2497 con-

106 2521 423 2587 tingentibus
464 2521 752 2577 necessaria
782 2537 880 2573 non
903 2527 998 2575 est.
1021 2550 1093 2557 —

41 2605 47 2610 ·
84 2593 166 2646 -ln
206 2594 309 2646 Deo
350 2601 543 2657 autem,
588 2601 644 2646 ut
684 2597 782 2647 iam
808 2596 1095 2666 'probatum

111 2674 188 2719 est
227 2666 287 2738 (ᾗ
311 2667 422 2738 49),
465 2670 598 2721 inter
626 2670 901 2721 essentiam
931 2676 981 2720 et
1020 2674 1094 2720 al-

109 2741 302 2793 tributa
330 2742 482 2793 realis
509 2743 767 2796 distinctio
795 2760 895 2795 non
920 2743 1089 2794 datur.

50 2831 52 2834 ·
111 2813 264 2868 Nulla
309 2831 509 2882 quoque
546 2818 596 2867 in
645 2816 751 2868 Deo
778 2832 892 2869 esse
932 2823 1097 2884 potest

112 2889 407 2956 compositio
421 2905 486 2940 ex
501 2890 730 2941 subiecto
744 2897 795 2942 et
808 2891 1093 2951 accidente,

113 2962 229 3031 quia
255 2962 541 3015 accidentia
570 2964 619 3014 in
651 2962 782 3014 Ente
810 2965 1098 3015 necessario

115 3035 415 3088 immutabili
460 3043 510 3088 et
551 3036 749 3088 infinito
791 3036 958 3089 locum
998 3053 1098 3088 non

117 3109 333 3173 liabent3
365 3109 501 3161 unde
522 3109 659 3162 aitS.
691 3109 1001 3177 Auyuslinus
1023 3109 1098 3181 (l)

119 3201 146 3231 «
185 3182 319 3235 Nihil
372 3184 543 3252 itaque
594 3185 833 3236 accidens
879 3185 928 3236 in
972 3184 1096 3245 Dec,

51 3283 74 3315 ,-
117 3257 234 3324 quia
256 3256 381 3309 nihil
424 3257 690 3318 mutabile,
733 3266 825 3310 aut
850 3258 1100 3310 amissibi-

120 3328 186 3382 le.
219 3349 272 3381 ».
313 3329 561 3386 Similiter
602 3331 744 3384 nulla
784 3338 863 3384 est
903 3333 954 3383 in
997 3332 1102 3384 Deo

54 3477 79 3533 ἑ
162 3483 279 3526 (ΗΒ.
300 3485 335 3528 Β,
359 3487 534 3566 (ἰεεΤτὶηεξ
552 3496 585 3522 c.
610 3488 639 3523 4

67 3534 86 3586 ’ζ’
161 3527 216 3618 {³3
237 3530 394 3609 {0963
418 3537 486 3567 an

1134 308 1432 390 compositio
1471 308 1824 392 metapbysica
1851 327 1916 364 ex
1943 321 2129 382 poten

1136 381 1205 434 tia
1244 388 1296 434 et
1327 389 1466 434 actu:
1510 381 1728 435 si·enim
1770 383 1919 441 hacc
1936 387 2118 448 admit-

1135 461 1353 516 teretur,
1403 461 1571 520 actus,
1623 471 1709 508 ex.
1750 473 1830 524 gr.
1875 461 2115 525 cognitio,

1135 535 1225 580 aut
1252 529 1449 590 volitio,
1493 545 1522 580 a
1565 531 1789 612 potentia
1829 526 2023 584 sciendi
2069 541 2120 586 et

1138 601 1342 653 volendi
1384 600 1557 671 (prout
1583 602 1671 655 fit
1663 619 1712 655 in
1743 601 1908 675 nobis)
1938 605 2118 673 produ·
2128 600 2131 602 ’

1137 682 1361 738 ceretur,
1398 675 1486 728 sed
1524 678 1574 728 in
1604 675 1709 730 Deo
1738 677 1860 728 nibil
1891 678 2122 745 producti

1137 764 1248 800 esse
1292 756 1475 816 potest.
1520 749 1667 802 Unde
1707 750 1766 803 S.
1814 747 2018 804 Thomas
2048 752 2122 823 (Q)

1139 823 1333 890 inquit:
1384 842 1406 871 »
1454 824 1591 876 Deus
1631 831 1709 876 est
1769 840 1926 892 purus
1978 833 2125 895 actus

1140 911 1238 947 non
1281 896 1477 948 habens
1515 897 1708 966 aliquid
1737 899 1798 950 de
1840 900 2124 967 potentiali·

1140 975 1262 1021 tate.
1300 990 1325 1018 >›
1358 970 1511 1022 Nulla
1541 971 1749 1023 demum
1775 973 1826 1023 in
1856 971 1962 1026 Deo
1990 973 2125 1040 'fingi

1140 1044 1290 1095 debet
1305 1045 1604 1111 compositio
1626 1062 1690 1097 ex
1710 1047 1931 1098 essentia
1950 1053 2003 1099 et
2023 1050 2128 1100 exi-

1140 1119 1350 1179 stentia,
1382 1120 1499 1186 quia
1522 1118 1658 1171 Deus
1681 1126 1758 1171 est
1785 1120 2130 1174 essentialiter

1143 1192 1308 1258 ipsum
1356 1192 1499 1244 Esse.
1544 1191 1628 1245 Sic
1669 1194 1840 1262 itaque
1889 1193 1982 1246 soli
2025 1193 2128 1247 Deo

1141 1281 1341 1318 summa
1366 1274 1416 1318 et
1444 1267 1642 1318 infinita
1658 1267 1961 1336 simplicitas
1986 1268 2130 1320 adiu-

1143 1338 1360 1391 dicanda
1386 1340 1936 1393 est.—Deum'autem
1962 1343 2129 1413 incor-

1146 1424 1375 1480 porcum,
1420 1414 1484 1466 ab
1524 1415 1662 1466 omni
1715 1415 1960 1467 materiae
2015 1431 2133 1468 con-

1144 1488 1392 1549 cretione,
1418 1494 1470 1539 et
1510 1490 1731 1556 partium
1765 1484 2132 1557 compositione

1146 1563 1447 1620 immunem,
1491 1578 1552 1613 ac
1591 1563 1798 1614 omnino
1845 1561 2131 1631 simplicem

1145 1651 1277 1695 esse,
1315 1635 1462 1687 facilc
1492 1637 1754 1702 probatur

1221 1710 1270 1760 1.
1296 1708 1347 1760 S.
1394 1710 1654 1777 Scriptura
1694 1726 1723 1761 a
1749 1709 1855 1762 Deo
1902 1717 2134 1763 removet

1146 1783 1390 1850 quidquid
1432 1799 1752 1851 corporeum,
1814 1790 1866 1835 et
1916 1789 2134 1837 naturae

1151 1856 1258 1923 puri
1302 1857 1510 1923 spiritus
1551 1873 1844 1923 repugnans
1885 1864 1981 1909 est.
2051 1855 2134 1911 Sic

1148 1945 1330 1980 sensus
1369 1931 1596 1996 corporei
1638 1929 1744 1982 Deo
1786 1931 2132 1998 denegantur,

1150 2003 1270 2054 dum
1300 2002 1386 2054 Iob
1415 2002 1490 2073 (5)
1534 2004 1688 2055 dicit:
1727 2004 1989 2071 Numquid
2009 2005 2141 2056 oculi

1150 2077 1314 2129 ccirtiei
1344 2077 1427 2128 cibi
1453 2085 1588 2129 sanc:
1629 2084 1715 2129 aul
1739 2078 1865 2129 sicut
1905 2078 2028 2130 videt
2051 2078 2137 2130 ho-

1151 2167 1246 2211 ma,
1273 2158 1316 2202 et
1339 2160 1390 2201 lu
1412 2151 1617 2203 videbis?
1644 2151 1834 2203 Paulus
1866 2152 1942 2220 (ll)
1962 2159 2138 2220 aperte

1154 2226 1470 2292 pronuntiat,
1516 2226 1679 2277 Deum
1710 2226 1771 2277 ab
1800 2226 1937 2276 omni
1982 2233 2140 2279 mate-

1155 2300 1278 2359 riae,
1311 2300 1465 2351 etiam
1495 2299 1990 2366 praestantissimae,
2021 2316 2138 2353 con·
2198 2316 2201 2318 ’

1154 2374 1379 2425 cretione
1424 2375 1571 2438 longe
1601 2380 1851 2425 remotum
1895 2390 2026 2437 esse,
2071 2375 2142 2425 ait

1155 2448 1291 2498 enim
1314 2464 1325 2497 ι
1353 2446 1463 2498 Non
1496 2447 1714 2498 debemus
1733 2447 1990 2498 aestimare
2017 2463 2140 2498 auro

1154 2528 1239 2572 acic
1290 2529 1487 2586 arqento
1538 2528 1623 2571 αιιι
1674 2520 1829 2587 lapidi
1865 2520 2142 2588 sctilpturae

1156 2595 1278 2645 artis
1318 2601 1360 2645 et
1399 2594 1708 2659 cogitationis
1764 2594 1977 2645 hominis
2017 2595 2142 2645 divi-

1156 2684 1276 2718 num
1303 2684 1399 2719 esse
1427 2668 1582 2719 simile
1604 2666 1700 2737 (b).
1734 2666 1797 2718 Et
1823 2668 1956 2719 sicut
1978 2667 2029 2719 in
2056 2666 2139 2719 Ss.

1161 2741 1331 2794 Bibliis
1373 2748 1556 2794 natura
1599 2741 1877 2794 materialis
1919 2741 2022 2794 Deo
2061 2741 2143 2792 de·

1162 2823 1396 2884 negatur,
1453 2817 1521 2867 ita
1570 2814 1849 2882 spiritualis
1905 2814 1968 2867 de
2034 2815 2142 2883 ipso

1162 2890 1502 2957 praedicatur.
1525 2889 1757 2941 Christus
1779 2904 1981 2941 crassae
2003 2887 2145 2940 ideae

1162 2964 1391 3015 mulieris
1418 2964 1794 3024 Samaritanae,
1826 2978 1957 3030 quae
1982 2961 2145 3014 Deum

1162 3044 1301 3089 certo
1331 3037 1440 3089 loco
1486 3036 1743 3088 inclusum
1784 3037 2018 3103 putabat,
2062 3051 2146 3088 ce-

1164 3110 1302 3163 lebre
1360 3111 1554 3162 dictum
1609 3112 1884 3178 opposuit:
1935 3108 2150 3178 Spiritus

1161 3192 1228 3234 est
1269 3185 1417 3243 Deus,
1460 3192 1502 3236 ec
1541 3184 1627 3251 qui
1678 3185 1888 3235 adoram
1921 3199 2052 3242 euin,
2096 3185 2150 3235 in

1162 3259 1305 3324 spirit
1312 3275 1342 3309 ιι
1360 3265 1403 3309 et
1415 3257 1614 3309 veritate
1627 3265 1807 3325 oportet
1834 3254 2066 3325 adorare(
2071 3255 2145 3328 6).

1165 3331 1351 3383 Paulus
1368 3332 1416 3382 in
1444 3331 1758 3399 oppositione
1774 3331 1837 3384 ad
1854 3331 2019 3400 legem
2041 3346 2130 3382 cae

1207 3487 1261 3621 έίξ
1288 3487 1524 3531 Act.17,9.9

1285 3532 1564 3575 Cs.Ex.20‚4.
1593 3533 1655 3566 [sa.
1683 3531 1952 3574 4⁰,18 R0na

1284 3577 1336 3611 10.
1363 3576 1395 3617 4,
1421 3574 1476 3611 24.

1978 3530 2011 3571 1,
2036 3528 2091 3564 2&
