2332 3860
14 111 26 145 4
72 72 91 132 i

22 179 61 256 ὲζίῖ
98 187 103 190 ’
150 196 297 262 Resp.
337 189 411 245 Ad
431 186 586 257 banc
603 187 942 240 obiectionem
960 186 1067 240 Eu-

58 260 63 289 ³
79 257 343 339 cabima),
359 262 422 316 ·S.
441 260 708 330 Greyorius
730 260 940 329 Nyssen.
962 257 1063 331 (2),

28 343 140 405 ζέ.
161 338 389 396 Hilarius
416 334 516 408 (5),
543 334 597 388 S.
627 334 936 403 Epiphanius
987 331 1064 405 (li)

27 434 44 465 ,·
81 423 133 470 et
169 410 610 480 alii‘respondenn
636 409 820 462 tratres
863 408 1065 462 Domini

31 487 53 533 Ἀ
76 491 236 545 fuisse
274 485 406 539 filios
460 482 516 537 S.
578 481 777 551 losephi
834 499 935 535 non
999 498 1064 534 ex

79 562 236 620 Maria
273 559 362 613 sed
402 573 468 611 ex
507 556 661 626 priori
699 557 915 623 coniuge
954 571 1065 624 pro-

38 626 297 712 ,genitos
340 631 438 685 Sed
478 631 613 684 hanc
650 631 961 687 sententiam
999 645 1065 682 ex

80 707 386 779 apocryphis
426 713 627 759 tantum
669 706 810 758 libris
858 704 1064 756 desum-

81 791 218 855 ptam
256 782 462 835 omnino
502 780 666 833 reiicit
713 779 770 832 S.
828 778 1068 846 Hierony-

83 874 191 912 mus
229 855 329 928 (5),
371 862 423 908 et
449 853 503 907 S.
537 853 746 922 losepho
768 859 1067 923 perpetuam

82 931 430 999 virginitatem
480 928 775 992 adiudicat3
835 927 957 979 dicit
1016 944 1066 978 e-

83 1008 186 1060 nim
216 1003 322 1075 (6):
369 1023 395 1052 «
428 1002 606 1071 loseph
646 1002 808 1069 magis
855 1000 1068 1053 creden-

40 1079 178 1132 edus
217 1086 293 1131 est
350 1079 493 1144 virgo
535 1078 894 1144 permansisse,
950 1076 1065 1143 quia

82 1153 235 1207 aliam
275 1167 490 1204 uxorem
530 1150 769 1203 habuisse
805 1166 903 1202 non
943 1150 1067 1202 seri-

82 1227 239 1288 bitur,
282 1234 334 1278 et
391 1226 654 1278 fornicatio
712 1224 763 1275 in
830 1231 1067 1277 sanctum

83 1302 251 1354 virum
292 1315 393 1352 non
433 1299 586 1351 cadit.
623 1319 649 1348 »
682 1297 854 1350 Facile
893 1306 1066 1351 tamen

83 1374 295 1428 obiectio
334 1390 361 1426 e
401 1374 567 1425 medio
608 1371 823 1437 tollitur3
851 1388 989 1433 nam,
1013 1379 1068 1424 ut

84 1449 324 1502 observat
362 1446 413 1500 S.
457 1442 681 1508 Doctor‚
745 1462 833 1515 per
890 1448 1069 1514 fratres

83 1524 135 1575 in
173 1522 448 1591 Scripturis
488 1538 589 1575 non
628 1536 829 1589 semper
870 1522 1069 1589 proprie

82 1597 231 1658 tales,
275 1611 459 1664 nempe
497 1611 561 1648 ex
602 1603 818 1665 utroque
859 1595 941 1647 vel
997 1595 1069 1647 al-

83 1678 278 1724 terutro
319 1677 531 1738 parente
581 1671 707 1732 nati,
768 1670 858 1722 sed
918 1685 1070 1737 saepe

84 1745 452 1814 consanguinei
494 1751 712 1802 tantum,
757 1744 840 1796 vel
896 1745 1070 1812 agnati

87 1819 467 1888 intelliguntur.
517 1817 602 1870 Sic
639 1817 902 1870 Abrabam
942 1818 1069 1870 Loth

0 1959 1 1967 ἵ
86 1894 256 1962 nepoti
295 1908 388 1945 suo
438 1892 606 1945 dixit:
674 1892 881 1945 Fratres
942 1895 1071 1945 enim

85 1983 254 2021 sumus
280 1965 379 2037 (7);
422 1973 473 2020 et
513 1966 681 2020 Laban
722 1967 786 2019 ad
828 1966 975 2020 Iacob
1014 1968 1071 2022 fi-

85 2042 213 2097 lium
274 2042 460 2094 sororis
505 2057 659 2094 suae:
728 2040 854 2105 Quia
916 2046 1073 2110 trater

86 2132 219 2169 meus
257 2131 324 2177 σε,
366 2115 520 2184 qratis
577 2116 749 2168 servies
796 2115 919 2168 mihi
971 2114 1066 2186 (8).

60 2200 67 2205 ”
84 2189 280 2244 Similia
300 2190 537 2257 exempla
558 2190 819 2257 complura
841 2205 907 2243 ex
933 2190 1073 2243 libris

85 2272 192 2318 vet.
231 2270 282 2316 et
306 2265 423 2315 novi
444 2263 580 2317 Test.
619 2264 766 2317 affert
791 2264 841 2316 S.
869 2261 1073 2332 Doctor,

88 2346 139 2393 et
175 2338 417 2398 ostendit,
461 2338 665 2390 nomine
712 2338 925 2391 fratrum
978 2339 1074 2392 Do-

88 2413 212 2465 mini
241 2428 336 2464 nec
355 2411 545 2465 Mariae
587 2428 680 2465 nec
703 2412 898 2480 losephi
927 2413 1074 2480 filios,

88 2487 174 2539 sed
217 2487 623 2554 consanguineos
676 2487 946 2540 dumtaxat
995 2487 1075 2539 vel

88 2568 302 2630 agnatos
384 2560 744 2629 intelligendos
815 2577 946 2614 esse.
1021 2561 1075 2614 ld

88 2635 225 2687 clare
265 2641 406 2703 patet
443 2650 510 2687 ex
548 2651 628 2696 ee,
689 2635 808 2703 quia
866 2634 1077 2689 Iacobus

89 2708 382 2778 frequenter
421 2708 577 2762 frater
614 2709 815 2761 Domini
849 2710 1077 2779 appella-

91 2788 205 2835 tur:
249 2782 351 2834 duo
388 2789 563 2835 autem
608 2790 812 2836 tantum
877 2786 1078 2837 nomine

90 2854 259 2910 lacobi
299 2856 523 2925 insigniti
562 2856 612 2908 in
653 2855 947 2925 Evangeliis
999 2875 1079 2912 oc-

90 2937 328 2992 currunt,
370 2945 589 2998 quorum
629 2946 762 2982 unus
803 2926 895 2984 fuit
947 2931 1082 2985 filius

91 3003 322 3057 Zebedaei
376 3011 428 3056 et
465 3004 597 3057 alter
642 3003 777 3057 filius
831 3003 1080 3075 Alphea,-

91 3092 215 3146 ergo
253 3085 433 3131 neuter
480 3084 591 3130 erat
629 3077 818 3132 Mariae
857 3089 910 3133 et
954 3079 1084 3134 lose-

93 3151 189 3221 phi·
219 3151 353 3204 filius
383 3149 481 3221 (9).

157 3250 194 3296 1)
221 3253 310 3288 nist.
333 3253 492 3288 eecliast.
519 3253 582 3287 iil).
606 3252 642 3294 2,
666 3261 699 3295 c,
725 3253 756 3290 1.

160 3296 196 3338 2)
218 3297 281 3332 Or.
306 3297 394 3334 tae
418 3298 623 3332 Resurrect.
651 3299 747 3333 Chri.

159 3340 194 3382 ³)
219 3341 301 3384 Cap.
326 3341 362 3376 1.
386 3344 422 3375 in
448 3342 572 3376 Manu.

145 3383 181 3428 (⁴
225 3385 386 3420 tinea-‚58
407 3391 441 3420 (t
465 3385 519 3420 w.

145 3427 184 3516 ἐξ»
221 3429 424 3463 Continent.
450 3429 487 3464 in
509 3438 587 3474 cap.
615 3430 666 3464 12.
704 3429 829 3467 Matth.

157 3473 184 3508 θ
222 3472 576 3520 Ηῦ.ο.“υεινίᾱί·ιιπη,
597 3483 632 3510 n.
664 3475 698 3512 9.

695 104 812 145 haas
847 106 920 144 m.
962 105 1127 144 samio
1163 107 1200 142 1.
1244 102 1465 153 carm-l.

1930 80 2027 141 ὁδὶ

1200 182 1306 238 obi.
1351 183 1436 237 61⁸
1474 181 1856 238 Matrimonium
1913 184 2092 239 institu

1127 265 1235 313 tum
1275 264 1353 312 est
1385 257 1452 310 „d
1495 257 2110 326 prolemtprocreandam}

1127 333 1210 386 vel
1250 348 1372 401 ergo
1411 332 1706 400 negandum
1747 337 1826 384 est
1852 332 1987 385 inter
2007 334 2115 392 Ma-

1128 408 1256 460 riam
1296 413 1349 460 et
1396 405 1668 475 losephum
1730 406 2115 463 matrimonium

1128 482 1379 542 extitisse,
1422 480 1504 533 vel
1544 480 1588 532 si
1645 479 1742 532 hoc
1798 479 2108 544 admittitur,

1128 555 1401 608 dicendum
1458 559 1554 615 est,
1616 553 1743 606 illud
1809 554 1874 612 ad
1920 555 2113 623 prolem

1130 629 1499 698 procreandam
1536 628 1718 685 initum
1759 627 1936 692 fuisse3
1963 636 2117 699 atque

1128 704 1313 758 ideirco
1328 703 1540 761 Mariam
1565 710 1675 771 post
1703 709 1905 771 partum
1932 702 2115 761 Christi

1128 778 1381 844 virginem
1422 793 1529 830 non·
1566 780 1925 846 permansisse.

1200 851 1336 921 Resp.
1358 850 1485 904 Cum
1503 851 1681 920 Ioseph
1703 853 1779 904 vir
1794 853 1989 906 Mariae
2004 850 2117 923 (10)

1130 928 1238 979 eius
1282 926 1464 979 coniux
1495 967 1508 989 ‚
1558 933 1609 980 et
1663 926 1946 995 desponsata
1991 943 2120 980 uxor

1130 998 1239 1071 (ll)
1302 1001 1541 1062 dicatur,
1604 1002 1933 1055 manifestum
1999 1009 2078 1054 est
2102 1043 2116 1063 ‚

1130 1076 1262 1128 inter
1300 1075 1514 1128 Mariam
1553 1082 1604 1128 et
1630 1075 1899 1144 losephum
1939 1092 2121 1130 verum

1130 1151 1511 1202 matrimonium
1534 1151 1904 1204 intercessisse.
1930 1151 2037 1204 Hac
2057 1151 2120 1203 de

1131 1238 1185 1275 re
1231 1222 1402 1276 ludaei
1463 1226 1691 1292 persuasi
1751 1233 1920 1287 erant,
1985 1225 2122 1278 unde

1130 1297 1311 1351 Iesus..
1333 1299 1600 1366 putabatur
1630 1299 1764 1369 filius
1785 1299 1954 1369 Ioseph
1980 1297 2118 1371 (ta).

1134 1372 1357 1425 Ecclesia
1398 1389 1599 1442 quoque
1639 1372 1927 1426 Christiana
1991 1389 2121 1427 sem-

1133 1461 1219 1514 per
1246 1463 1427 1499 verum
1459 1449 1837 1507 matrimonium
1865 1450 1998 1502 inter
2018 1448 2122 1502 Ma-

1133 1522 1257 1572 riam
1298 1528 1349 1574 et
1396 1521 1666 1591 Iosephum
1725 1525 1954 1590 agnovit.
2017 1522 2122 1575 Nec

1133 1595 1306 1657 refert,
1375 1597 1507 1664 quod
1564 1597 1715 1649 ambo
1774 1598 2120 1664 virginitatem

1132 1672 1491 1733 servaverint3
1554 1687 1674 1723 nam
1739 1673 2120 1725 matri-monium

1135 1756 1232 1795 non
1254 1744 1418 1796 solum
1436 1745 1498 1797 ad
1516 1747 1887 1813 procreandam
1910 1747 2121 1815 prolem,

1133 1818 1218 1869 sed
1250 1819 1403 1870 etiam
1432 1820 1495 1870 ad
1538 1821 1673 1871 vitae
1703 1820 1975 1874 dumtaxat
2002 1837 2121 1873 con·

1133 1893 1367 1955 sortium,
1412 1901 1463 1945 et
1501 1893 1563 1945 ad
1586 1900 1825 1947 mutuum
1863 1896 1955 1948 sibi
1979 1911 2123 1964 prae-

1133 1966 1372 2022 standum
1411 1968 1662 2023 auxilium
1705 1970 1840 2029 iniri,
1901 1976 1952 2021 et
2016 1971 2125 2022 sola

1134 2043 1422 2099 animorum
1443 2042 1802 2095 coniunctione
1824 2043 1995 2111 perfici
2022 2049 2127 2112 pot.-

1134 2122 1230 2167 est.
1267 2135 1293 2164 «
1325 2116 1431 2168 Non
1463 2117 1619 2178 enim,
1645 2118 1716 2169 ait
1755 2116 1806 2170 S.
1841 2116 2127 2171 Ambrosius

1137 2189 1247 2261 (13)
1277 2190 1539 2244 defloratio
1566 2192 1779 2258 virginis
1807 2191 1926 2245 facit
1947 2191 2128 2264 {coniu-

1135 2265 1306 2331 gium,
1350 2266 1436 2317 sed
1480 2266 1644 2333 pactio
1685 2266 1986 2333 coniugalis,
2031 2266 2128 2319 De-

1138 2339 1289 2407 nique
1329 2354 1446 2391 eum
1485 2339 1715 2404 iungitur
1756 2340 1946 2407 puella,
2004 2356 2127 2393 con-

1139 2413 1331 2479 iugium
1371 2418 1467 2473 est,
1512 2429 1612 2465 non
1672 2428 1790 2465 cum
1850 2413 1986 2466 virili
2038 2414 2129 2467 ad·

1140 2488 1386 2540 mixtione
1425 2488 1772 2555 coniungitur.
1807 2507 1831 2536 »
1863 2487 1925 2540 Et
1947 2487 2000 2540 S.
2025 2486 2130 2541 Aa·

1138 2561 1360 2629 qustinus
1401 2558 1514 2633 (lli)
1539 2561 1681 2614 dicit:
1717 2581 1742 2611 «
1773 2560 1967 2625 Quibus
2006 2578 2130 2616 vero

1142 2635 1390 2703 placuerit
1428 2652 1493 2688 ex
1533 2651 1783 2689 consensu
1806 2636 1869 2689 ab
1899 2653 1992 2689 usu
2017 2652 2131 2690 car-

1143 2709 1272 2762 nalis
1289 2710 1734 2779 concupiscentiae
1751 2711 1802 2762 in
1830 2717 2132 2779 perpetuum

1140 2785 1417 2846 abstinere,
1460 2785 1610 2846 absit,
1654 2785 1865 2837 utinter
1884 2784 1999 2838 illos
2021 2787 2131 2839 vin-

1142 2859 1315 2911 culum
1356 2859 1626 2927 coniugale
1678 2865 1968 2927 rumpatur,
2028 2862 2131 2914 imo

1143 2933 1339 2985 firmius
1378 2933 1501 2994 erit,
1544 2949 1644 3002 quo
1684 2934 1847 3001 magis
1883 2949 1946 2986 ea
1983 2941 2132 3004 pacta

1143 3022 1316 3058 secum
1357 3007 1581 3068 inierint,
1625 3023 1754 3076 quae
1810 3008 1979 3062 carius
2018 3023 2132 3062 con-

1144 3081 1449 3150 cordiusque
1489 3082 1743 3134 servanda
1770 3089 1893 3135 sunt
1915 3098 2014 3136 non
2044 3099 2131 3135 vo-

1147 3155 1381 3207 luntariis
1422 3155 1640 3208 nexibus
1693 3171 1985 3224 corporum,
2043 3158 2130 3210 sed

1190 3254 1241 3299 (7)
1266 3256 1356 3291 Gen.
1381 3255 1436 3296 13,
1460 3255 1494 3291 8.
1765 3255 1813 3301 (8)
1837 3258 1924 3293 Gen.
1951 3257 2008 3297 29.
2033 3257 2087 3294 15.

1194 3299 1242 3342 (9)
1267 3300 1359 3335 Vide
1382 3302 1508 3335 Mattn.
1534 3299 1590 3342 1⁰,
1615 3299 1648 3341 3,
1671 3300 1780 3337 Marc.
1804 3302 1836 3340 3.
1858 3302 1912 3344 18,
1929 3303 2015 3336 Luc.
2027 3301 2060 3342 4,
2077 3301 2129 3338 1&

1191 3343 1264 3387 (10)
1291 3345 1415 3380 Mattn.
1443 3343 1477 3385 1,
1502 3344 1557 3387 le,
1581 3350 1618 3380 et
1638 3345 1725 3381 ibid:
1752 3345 1851 3382 v.1t)‘
1865 3354 1901 3380 et
1922 3347 1978 3381 24.

1192 3388 1247 3430 (11
1288 3389 1372 3423 Luc.
1387 3390 1422 3430 1,
1447 3388 1479 3424 4.
1763 3390 1835 3435 (12)
1861 3391 1946 3426 Luc.
1973 3390 2005 3432 3,
2030 3388 2086 3425 22.

1192 3432 1250 3476 (13
1292 3433 1366 3468 Lib.
1379 3434 1424 3467 de
1448 3434 1562 3468 instit.
1588 3433 1690 3478 virg.
1712 3435 1788 3470 c.6.

1191 3476 1265 3522 (14)
1291 3478 1368 3512 Lib.
1387 3478 1417 3514 1.
1430 3478 1475 3514 de
1490 3485 1592 3523 nupt.
1604 3486 1641 3514 et
1655 3487 1806 3524 concup.
1820 3487 1898 3522 cap.
1920 3477 1970 3513 u.
1984 3487 2020 3513 n.
2034 3474 2088 3515 22.
