<?xml version="1.0" encoding="UTF-8"?>
<!DOCTYPE html PUBLIC "-//W3C//DTD XHTML 1.0 Transitional//EN"
    "http://www.w3.org/TR/xhtml1/DTD/xhtml1-transitional.dtd">
<html xmlns="http://www.w3.org/1999/xhtml" xml:lang="en" lang="en">
 <head>
  <title>
</title>
<meta http-equiv="Content-Type" content="text/html;charset=utf-8" />
  <meta name='ocr-system' content='tesseract 3.04.00' />
  <meta name='ocr-capabilities' content='ocr_page ocr_carea ocr_par ocr_line ocrx_word'/>
</head>
<body>
  <div class='ocr_page' id='page_1' title='image "./theologiae00knoluoft_0196.png"; bbox 0 0 2332 3860; ppageno 0'>
   <div class='ocr_carea' id='block_1_1' title="bbox 289 115 403 172">
    <p class='ocr_par' dir='ltr' id='par_1_1' title="bbox 289 115 403 172">
     <span class='ocr_line' id='line_1_1' title="bbox 289 115 403 172; baseline 0.026 -3"><span class='ocrx_word' id='word_1_1' title='bbox 289 115 403 172; x_wconf 74' lang='lat'><strong>188</strong></span> 
     </span>
    </p>
   </div>
   <div class='ocr_carea' id='block_1_2' title="bbox 897 130 1564 173">
    <p class='ocr_par' dir='ltr' id='par_1_2' title="bbox 897 130 1564 173">
     <span class='ocr_line' id='line_1_2' title="bbox 897 130 1564 173; baseline -0.003 -2"><span class='ocrx_word' id='word_1_2' title='bbox 897 133 959 171; x_wconf 79' lang='lat' dir='ltr'><strong>DE</strong></span> <span class='ocrx_word' id='word_1_3' title='bbox 997 132 1090 173; x_wconf 69' lang='lat' dir='ltr'><strong>Deo</strong></span> <span class='ocrx_word' id='word_1_4' title='bbox 1128 131 1179 168; x_wconf 77' lang='grc' dir='ltr'><strong>ΙΝ</strong></span> <span class='ocrx_word' id='word_1_5' title='bbox 1216 131 1270 168; x_wconf 82' lang='lat' dir='ltr'><strong>SE</strong></span> <span class='ocrx_word' id='word_1_6' title='bbox 1306 130 1564 169; x_wconf 68' lang='lat' dir='ltr'><strong>SPEGTATO.</strong></span> 
     </span>
    </p>
   </div>
   <div class='ocr_carea' id='block_1_3' title="bbox 196 171 2324 282">
    <p class='ocr_par' dir='ltr' id='par_1_3' title="bbox 196 171 2332 282">
     <span class='ocr_line' id='line_1_3' title="bbox 196 171 2324 282; baseline 0.002 -16.011"><span class='ocrx_word' id='word_1_7' title='bbox 196 212 337 267; x_wconf 81' lang='lat' dir='ltr'><strong>alius</strong></span> <span class='ocrx_word' id='word_1_8' title='bbox 375 213 461 282; x_wconf 92' lang='lat' dir='ltr'><strong>qui</strong></span> <span class='ocrx_word' id='word_1_9' title='bbox 499 171 566 267; x_wconf 81' lang='lat' dir='ltr'><strong>ab</strong></span> <span class='ocrx_word' id='word_1_10' title='bbox 619 219 835 282; x_wconf 87' lang='lat' dir='ltr'><strong>utroque</strong></span> <span class='ocrx_word' id='word_1_11' title='bbox 878 211 1189 280; x_wconf 83' lang='lat' dir='ltr'><strong>processit.»</strong></span> <span class='ocrx_word' id='word_1_12' title='bbox 1252 211 1365 281; x_wconf 80' lang='lat' dir='ltr'><strong>fidei</strong></span> <span class='ocrx_word' id='word_1_13' title='bbox 1403 212 1579 264; x_wconf 75' lang='lat' dir='ltr'><strong>veritas</strong></span> <span class='ocrx_word' id='word_1_14' title='bbox 1606 210 1666 265; x_wconf 87' lang='lat' dir='ltr'><strong>ab</strong></span> <span class='ocrx_word' id='word_1_15' title='bbox 1690 211 1917 265; x_wconf 82' lang='lat' dir='ltr'><strong>omnibus</strong></span> <span class='ocrx_word' id='word_1_16' title='bbox 1949 210 2324 271; x_wconf 69' lang='lat' dir='ltr'><strong>Christianae</strong></span> 
     </span>
    </p>
   </div>
   <div class='ocr_carea' id='block_1_4' title="bbox 807 286 1192 338">
    <p class='ocr_par' dir='ltr' id='par_1_4' title="bbox 807 286 1192 338">
     <span class='ocr_line' id='line_1_4' title="bbox 807 286 1192 338; baseline 0.008 -3"><span class='ocrx_word' id='word_1_17' title='bbox 807 306 833 336; x_wconf 90' lang='lat'>«</span> <span class='ocrx_word' id='word_1_18' title='bbox 878 286 1192 338; x_wconf 84' lang='lat' dir='ltr'><strong>Firmissime</strong></span> 
     </span>
    </p>
   </div>
   <div class='ocr_carea' id='block_1_5' title="bbox 201 284 758 358">
    <p class='ocr_par' dir='ltr' id='par_1_5' title="bbox 201 284 758 358">
     <span class='ocr_line' id='line_1_5' title="bbox 201 284 758 358; baseline -0.005 -17"><span class='ocrx_word' id='word_1_19' title='bbox 201 287 255 348; x_wconf 85' lang='lat' dir='ltr'><strong>s.</strong></span> <span class='ocrx_word' id='word_1_20' title='bbox 306 285 598 356; x_wconf 55' lang='lat' dir='ltr'><strong>remensus</strong></span> <span class='ocrx_word' id='word_1_21' title='bbox 650 285 697 358; x_wconf 76' lang='lat' dir='ltr'><strong>(i</strong></span> <span class='ocrx_word' id='word_1_22' title='bbox 708 284 758 358; x_wconf 88' lang='lat'><strong>):</strong></span> 
     </span>
    </p>
   </div>
   <div class='ocr_carea' id='block_1_6' title="bbox 202 358 2248 428">
    <p class='ocr_par' dir='ltr' id='par_1_6' title="bbox 202 358 2332 428">
     <span class='ocr_line' id='line_1_6' title="bbox 202 358 2248 428; baseline 0.001 -13"><span class='ocrx_word' id='word_1_23' title='bbox 202 367 340 424; x_wconf 81' lang='lat' dir='ltr'><strong>tene,</strong></span> <span class='ocrx_word' id='word_1_24' title='bbox 384 363 436 414; x_wconf 84' lang='lat' dir='ltr'><strong>et</strong></span> <span class='ocrx_word' id='word_1_25' title='bbox 476 360 772 413; x_wconf 89' lang='lat' dir='ltr'><strong>nullatenus</strong></span> <span class='ocrx_word' id='word_1_26' title='bbox 812 361 1033 421; x_wconf 84' lang='lat' dir='ltr'><strong>dubitcS,</strong></span> <span class='ocrx_word' id='word_1_27' title='bbox 1066 375 1193 411; x_wconf 91' lang='lat' dir='ltr'><strong>eun·</strong></span> <span class='ocrx_word' id='word_1_28' title='bbox 1246 359 1598 427; x_wconf 71' lang='lat' dir='ltr'><strong>profiteantur,</strong></span> <span class='ocrx_word' id='word_1_29' title='bbox 1641 361 1758 427; x_wconf 85' lang='lat' dir='ltr'><strong>quia</strong></span> <span class='ocrx_word' id='word_1_30' title='bbox 1783 358 2003 428; x_wconf 77' lang='lat' dir='ltr'><strong>Spiritus</strong></span> <span class='ocrx_word' id='word_1_31' title='bbox 2040 359 2248 416; x_wconf 75' lang='lat' dir='ltr'><strong>Sanctus</strong></span> 
     </span>
    </p>
   </div>
   <div class='ocr_carea' id='block_1_7' title="bbox 131 433 1192 3434">
    <p class='ocr_par' dir='ltr' id='par_1_7' title="bbox 131 433 1192 1019">
     <span class='ocr_line' id='line_1_7' title="bbox 201 433 1192 503; baseline -0.001 -16"><span class='ocrx_word' id='word_1_32' title='bbox 201 434 317 487; x_wconf 89' lang='lat' dir='ltr'><strong>dem</strong></span> <span class='ocrx_word' id='word_1_33' title='bbox 355 433 600 503; x_wconf 87' lang='lat' dir='ltr'><strong>Spiritum</strong></span> <span class='ocrx_word' id='word_1_34' title='bbox 629 434 877 487; x_wconf 86' lang='lat' dir='ltr'><strong>Sanctum</strong></span> <span class='ocrx_word' id='word_1_35' title='bbox 913 435 999 503; x_wconf 88' lang='lat' dir='ltr'><strong>qui</strong></span> <span class='ocrx_word' id='word_1_36' title='bbox 1027 433 1192 486; x_wconf 86' lang='lat' dir='ltr'><strong>Patris</strong></span> 
     </span>
     <span class='ocr_line' id='line_1_8' title="bbox 198 507 1190 576; baseline -0.002 -15"><span class='ocrx_word' id='word_1_37' title='bbox 198 515 251 562; x_wconf 87' lang='lat' dir='ltr'><strong>et</strong></span> <span class='ocrx_word' id='word_1_38' title='bbox 278 507 389 561; x_wconf 86' lang='lat' dir='ltr'><strong>Filii</strong></span> <span class='ocrx_word' id='word_1_39' title='bbox 421 524 556 561; x_wconf 90' lang='lat' dir='ltr'><strong>unus</strong></span> <span class='ocrx_word' id='word_1_40' title='bbox 583 507 803 576; x_wconf 83' lang='lat' dir='ltr'><strong>Spiritus</strong></span> <span class='ocrx_word' id='word_1_41' title='bbox 829 514 927 569; x_wconf 87' lang='lat' dir='ltr'><strong>est,</strong></span> <span class='ocrx_word' id='word_1_42' title='bbox 951 508 1013 559; x_wconf 90' lang='lat' dir='ltr'><strong>de</strong></span> <span class='ocrx_word' id='word_1_43' title='bbox 1040 507 1190 560; x_wconf 89' lang='lat' dir='ltr'><strong>Patre</strong></span> 
     </span>
     <span class='ocr_line' id='line_1_9' title="bbox 197 579 1190 650; baseline -0.001 -15"><span class='ocrx_word' id='word_1_44' title='bbox 197 589 258 636; x_wconf 90' lang='lat' dir='ltr'><strong>et·</strong></span> <span class='ocrx_word' id='word_1_45' title='bbox 289 582 416 635; x_wconf 90' lang='lat' dir='ltr'><strong>Filio</strong></span> <span class='ocrx_word' id='word_1_46' title='bbox 445 582 738 650; x_wconf 85' lang='lat' dir='ltr'><strong>procedere.</strong></span> <span class='ocrx_word' id='word_1_47' title='bbox 774 601 800 631; x_wconf 89' lang='lat'>»</span> <span class='ocrx_word' id='word_1_48' title='bbox 831 581 884 634; x_wconf 92' lang='lat' dir='ltr'><strong>S.</strong></span> <span class='ocrx_word' id='word_1_49' title='bbox 925 579 1190 649; x_wconf 73' lang='lat' dir='ltr'><strong>Greqorius</strong></span> 
     </span>
     <span class='ocr_line' id='line_1_10' title="bbox 197 654 1184 727; baseline -0.003 -18"><span class='ocrx_word' id='word_1_50' title='bbox 197 656 272 710; x_wconf 88' lang='lat' dir='ltr'><strong>M.</strong></span> <span class='ocrx_word' id='word_1_51' title='bbox 321 654 396 727; x_wconf 67' lang='lat'><strong>(2)</strong></span> <span class='ocrx_word' id='word_1_52' title='bbox 438 672 701 724; x_wconf 83' lang='lat' dir='ltr'><strong>exponens</strong></span> <span class='ocrx_word' id='word_1_53' title='bbox 755 656 911 708; x_wconf 88' lang='lat' dir='ltr'><strong>verba</strong></span> <span class='ocrx_word' id='word_1_54' title='bbox 959 655 1184 707; x_wconf 80' lang='lat' dir='ltr'><strong>Christi:</strong></span> 
     </span>
     <span class='ocr_line' id='line_1_11' title="bbox 197 727 1189 797; baseline -0.002 -15"><span class='ocrx_word' id='word_1_55' title='bbox 197 727 324 782; x_wconf 87' lang='lat' dir='ltr'><strong>Cum</strong></span> <span class='ocrx_word' id='word_1_56' title='bbox 362 731 545 782; x_wconf 88' lang='lat' dir='ltr'><strong>venerit</strong></span> <span class='ocrx_word' id='word_1_57' title='bbox 583 729 888 790; x_wconf 87' lang='lat' dir='ltr'><strong>Paraclitus,</strong></span> <span class='ocrx_word' id='word_1_58' title='bbox 923 745 1063 797; x_wconf 79' lang='lat' dir='ltr'><strong>quem</strong></span> <span class='ocrx_word' id='word_1_59' title='bbox 1103 745 1189 794; x_wconf 74' lang='lat' dir='ltr'><strong>eqo</strong></span> 
     </span>
     <span class='ocr_line' id='line_1_12' title="bbox 195 803 1188 872; baseline 0 -17"><span class='ocrx_word' id='word_1_60' title='bbox 195 805 390 856; x_wconf 85' lang='lat' dir='ltr'><strong>mittam</strong></span> <span class='ocrx_word' id='word_1_61' title='bbox 419 811 544 865; x_wconf 89' lang='lat' dir='ltr'><strong>etc.,</strong></span> <span class='ocrx_word' id='word_1_62' title='bbox 588 804 773 872; x_wconf 85' lang='lat' dir='ltr'><strong>inquit:</strong></span> <span class='ocrx_word' id='word_1_63' title='bbox 807 823 833 852; x_wconf 93' lang='lat'>«</span> <span class='ocrx_word' id='word_1_64' title='bbox 866 803 988 856; x_wconf 89' lang='lat' dir='ltr'><strong>Eius</strong></span> <span class='ocrx_word' id='word_1_65' title='bbox 1017 803 1188 855; x_wconf 87' lang='lat' dir='ltr'><strong>missio</strong></span> 
     </span>
     <span class='ocr_line' id='line_1_13' title="bbox 198 876 1186 946; baseline -0.002 -16"><span class='ocrx_word' id='word_1_66' title='bbox 198 878 307 946; x_wconf 87' lang='lat' dir='ltr'><strong>ipsa</strong></span> <span class='ocrx_word' id='word_1_67' title='bbox 349 878 600 944; x_wconf 80' lang='lat' dir='ltr'><strong>processio</strong></span> <span class='ocrx_word' id='word_1_68' title='bbox 632 883 750 939; x_wconf 67' lang='lat' dir='ltr'><strong>-est,</strong></span> <span class='ocrx_word' id='word_1_69' title='bbox 794 893 894 946; x_wconf 87' lang='lat' dir='ltr'><strong>qua</strong></span> <span class='ocrx_word' id='word_1_70' title='bbox 934 877 996 929; x_wconf 90' lang='lat' dir='ltr'><strong>de</strong></span> <span class='ocrx_word' id='word_1_71' title='bbox 1036 876 1186 929; x_wconf 85' lang='lat' dir='ltr'><strong>Patre</strong></span> 
     </span>
     <span class='ocr_line' id='line_1_14' title="bbox 131 950 778 1019; baseline -0.006 -16"><span class='ocrx_word' id='word_1_72' title='bbox 131 976 138 982; x_wconf 89' lang='lat'><strong>·</strong></span> <span class='ocrx_word' id='word_1_73' title='bbox 198 951 428 1019; x_wconf 82' lang='lat' dir='ltr'><strong>procedit</strong></span> <span class='ocrx_word' id='word_1_74' title='bbox 467 957 518 1003; x_wconf 90' lang='lat' dir='ltr'><strong>et</strong></span> <span class='ocrx_word' id='word_1_75' title='bbox 557 950 703 1003; x_wconf 89' lang='lat' dir='ltr'><strong>Filio.</strong></span> <span class='ocrx_word' id='word_1_76' title='bbox 753 970 778 999; x_wconf 90' lang='lat'>»</span> 
     </span>
    </p>

    <p class='ocr_par' dir='ltr' id='par_1_8' title="bbox 189 1023 1187 3434">
     <span class='ocr_line' id='line_1_15' title="bbox 270 1023 1185 1091; baseline -0.002 -14"><span class='ocrx_word' id='word_1_77' title='bbox 270 1024 323 1077; x_wconf 79' lang='lat'><strong>5.</strong></span> <span class='ocrx_word' id='word_1_78' title='bbox 366 1024 581 1077; x_wconf 83' lang='lat' dir='ltr'><strong>Ecclesia</strong></span> <span class='ocrx_word' id='word_1_79' title='bbox 608 1025 763 1076; x_wconf 87' lang='lat' dir='ltr'><strong>fidem</strong></span> <span class='ocrx_word' id='word_1_80' title='bbox 790 1039 934 1076; x_wconf 84' lang='lat' dir='ltr'><strong>suam</strong></span> <span class='ocrx_word' id='word_1_81' title='bbox 979 1023 1185 1091; x_wconf 84' lang='lat' dir='ltr'><strong>profite-</strong></span> 
     </span>
     <span class='ocr_line' id='line_1_16' title="bbox 194 1098 1187 1167; baseline 0 -17"><span class='ocrx_word' id='word_1_82' title='bbox 194 1104 280 1150; x_wconf 86' lang='lat' dir='ltr'><strong>tur</strong></span> <span class='ocrx_word' id='word_1_83' title='bbox 318 1100 369 1150; x_wconf 90' lang='lat' dir='ltr'><strong>in</strong></span> <span class='ocrx_word' id='word_1_84' title='bbox 407 1098 650 1167; x_wconf 90' lang='lat' dir='ltr'><strong>Symbolo</strong></span> <span class='ocrx_word' id='word_1_85' title='bbox 691 1098 883 1151; x_wconf 86' lang='lat' dir='ltr'><strong>Athan.</strong></span> <span class='ocrx_word' id='word_1_86' title='bbox 929 1098 1062 1167; x_wconf 88' lang='lat' dir='ltr'><strong>quod</strong></span> <span class='ocrx_word' id='word_1_87' title='bbox 1117 1105 1187 1150; x_wconf 90' lang='lat' dir='ltr'><strong>et·</strong></span> 
     </span>
     <span class='ocr_line' id='line_1_17' title="bbox 195 1171 1180 1233; baseline -0.002 -9"><span class='ocrx_word' id='word_1_88' title='bbox 195 1173 295 1224; x_wconf 89' lang='lat' dir='ltr'><strong>iam</strong></span> <span class='ocrx_word' id='word_1_89' title='bbox 339 1171 519 1224; x_wconf 88' lang='lat' dir='ltr'><strong>Graeci</strong></span> <span class='ocrx_word' id='word_1_90' title='bbox 569 1179 914 1233; x_wconf 87' lang='lat' dir='ltr'><strong>venerantur,</strong></span> <span class='ocrx_word' id='word_1_91' title='bbox 969 1172 1180 1223; x_wconf 81' lang='lat' dir='ltr'><strong>dicens:</strong></span> 
     </span>
     <span class='ocr_line' id='line_1_18' title="bbox 195 1244 1184 1313; baseline -0.003 -15"><span class='ocrx_word' id='word_1_92' title='bbox 195 1244 416 1313; x_wconf 79' lang='lat' dir='ltr'><strong>Spiritus</strong></span> <span class='ocrx_word' id='word_1_93' title='bbox 453 1245 656 1298; x_wconf 85' lang='lat' dir='ltr'><strong>Sanetus</strong></span> <span class='ocrx_word' id='word_1_94' title='bbox 696 1263 725 1298; x_wconf 89' lang='lat' dir='ltr'><strong>a</strong></span> <span class='ocrx_word' id='word_1_95' title='bbox 763 1244 917 1297; x_wconf 88' lang='lat' dir='ltr'><strong>Patre</strong></span> <span class='ocrx_word' id='word_1_96' title='bbox 957 1254 1000 1296; x_wconf 90' lang='lat' dir='ltr'><strong>et</strong></span> <span class='ocrx_word' id='word_1_97' title='bbox 1039 1245 1184 1312; x_wconf 78' lang='lat' dir='ltr'><strong>Filio,</strong></span> 
     </span>
     <span class='ocr_line' id='line_1_19' title="bbox 195 1321 1184 1386; baseline 0 -16"><span class='ocrx_word' id='word_1_98' title='bbox 195 1335 294 1370; x_wconf 81' lang='lat' dir='ltr'><strong>non</strong></span> <span class='ocrx_word' id='word_1_99' title='bbox 331 1321 509 1386; x_wconf 82' lang='lat' dir='ltr'><strong>factus,</strong></span> <span class='ocrx_word' id='word_1_100' title='bbox 550 1336 646 1371; x_wconf 88' lang='lat' dir='ltr'><strong>non</strong></span> <span class='ocrx_word' id='word_1_101' title='bbox 680 1327 890 1379; x_wconf 83' lang='lat' dir='ltr'><strong>creatus,</strong></span> <span class='ocrx_word' id='word_1_102' title='bbox 935 1335 1017 1371; x_wconf 83' lang='lat' dir='ltr'><strong>nec</strong></span> <span class='ocrx_word' id='word_1_103' title='bbox 1054 1321 1184 1384; x_wconf 75' lang='lat' dir='ltr'><strong>qeni-</strong></span> 
     </span>
     <span class='ocr_line' id='line_1_20' title="bbox 195 1393 1186 1463; baseline 0.001 -20"><span class='ocrx_word' id='word_1_104' title='bbox 195 1400 289 1454; x_wconf 85' lang='lat' dir='ltr'><strong>tus‚</strong></span> <span class='ocrx_word' id='word_1_105' title='bbox 332 1394 414 1444; x_wconf 85' lang='lat' dir='ltr'><strong>sed</strong></span> <span class='ocrx_word' id='word_1_106' title='bbox 450 1394 724 1463; x_wconf 77' lang='lat' dir='ltr'><strong>procedens,</strong></span> <span class='ocrx_word' id='word_1_107' title='bbox 758 1393 986 1462; x_wconf 84' lang='lat' dir='ltr'><strong>Epistola</strong></span> <span class='ocrx_word' id='word_1_108' title='bbox 1033 1409 1186 1461; x_wconf 85' lang='lat' dir='ltr'><strong>syno-</strong></span> 
     </span>
     <span class='ocr_line' id='line_1_21' title="bbox 193 1465 1184 1535; baseline 0 -17"><span class='ocrx_word' id='word_1_109' title='bbox 193 1466 305 1518; x_wconf 89' lang='lat' dir='ltr'><strong>dica</strong></span> <span class='ocrx_word' id='word_1_110' title='bbox 343 1466 396 1519; x_wconf 92' lang='lat' dir='ltr'><strong>S.</strong></span> <span class='ocrx_word' id='word_1_111' title='bbox 442 1465 619 1535; x_wconf 75' lang='lat' dir='ltr'><strong>Cyrilli</strong></span> <span class='ocrx_word' id='word_1_112' title='bbox 657 1466 799 1519; x_wconf 69' lang='lat' dir='ltr'><strong>Alea.</strong></span> <span class='ocrx_word' id='word_1_113' title='bbox 845 1468 895 1518; x_wconf 93' lang='lat' dir='ltr'><strong>in</strong></span> <span class='ocrx_word' id='word_1_114' title='bbox 937 1482 1038 1535; x_wconf 85' lang='lat' dir='ltr'><strong>qua</strong></span> <span class='ocrx_word' id='word_1_115' title='bbox 1074 1482 1184 1534; x_wconf 87' lang='lat' dir='ltr'><strong>pro-</strong></span> 
     </span>
     <span class='ocr_line' id='line_1_22' title="bbox 193 1539 1184 1608; baseline 0 -17"><span class='ocrx_word' id='word_1_116' title='bbox 193 1540 354 1592; x_wconf 86' lang='lat' dir='ltr'><strong>cessio</strong></span> <span class='ocrx_word' id='word_1_117' title='bbox 393 1539 612 1608; x_wconf 84' lang='lat' dir='ltr'><strong>Spiritus</strong></span> <span class='ocrx_word' id='word_1_118' title='bbox 638 1541 810 1593; x_wconf 83' lang='lat' dir='ltr'><strong>Sancti</strong></span> <span class='ocrx_word' id='word_1_119' title='bbox 840 1557 869 1592; x_wconf 89' lang='lat' dir='ltr'><strong>a</strong></span> <span class='ocrx_word' id='word_1_120' title='bbox 910 1540 1037 1592; x_wconf 87' lang='lat' dir='ltr'><strong>Filio</strong></span> <span class='ocrx_word' id='word_1_121' title='bbox 1068 1557 1184 1608; x_wconf 85' lang='lat' dir='ltr'><strong>pro-</strong></span> 
     </span>
     <span class='ocr_line' id='line_1_23' title="bbox 193 1614 1185 1681; baseline -0.002 -16"><span class='ocrx_word' id='word_1_122' title='bbox 193 1614 398 1681; x_wconf 87' lang='lat' dir='ltr'><strong>ponitur</strong></span> <span class='ocrx_word' id='word_1_123' title='bbox 438 1614 719 1675; x_wconf 86' lang='lat' dir='ltr'><strong>crcdenda,</strong></span> <span class='ocrx_word' id='word_1_124' title='bbox 763 1614 1043 1681; x_wconf 79' lang='lat' dir='ltr'><strong>approbata</strong></span> <span class='ocrx_word' id='word_1_125' title='bbox 1091 1614 1185 1665; x_wconf 87' lang='lat' dir='ltr'><strong>fuit</strong></span> 
     </span>
     <span class='ocr_line' id='line_1_24' title="bbox 190 1686 1184 1756; baseline 0.001 -18"><span class='ocrx_word' id='word_1_126' title='bbox 190 1703 221 1738; x_wconf 93' lang='lat' dir='ltr'><strong>a</strong></span> <span class='ocrx_word' id='word_1_127' title='bbox 261 1686 415 1740; x_wconf 86' lang='lat' dir='ltr'><strong>Cone.</strong></span> <span class='ocrx_word' id='word_1_128' title='bbox 460 1687 723 1756; x_wconf 81' lang='lat' dir='ltr'><strong>Ephesino,</strong></span> <span class='ocrx_word' id='word_1_129' title='bbox 767 1686 1106 1740; x_wconf 80' lang='lat' dir='ltr'><strong>Calceclonensi</strong></span> <span class='ocrx_word' id='word_1_130' title='bbox 1135 1692 1184 1739; x_wconf 86' lang='lat' dir='ltr'><strong>et</strong></span> 
     </span>
     <span class='ocr_line' id='line_1_25' title="bbox 192 1759 1185 1814; baseline 0 -2"><span class='ocrx_word' id='word_1_131' title='bbox 192 1759 383 1813; x_wconf 88' lang='lat' dir='ltr'><strong>CPtano</strong></span> <span class='ocrx_word' id='word_1_132' title='bbox 420 1761 491 1813; x_wconf 89' lang='grc' dir='ltr'><strong>ΙΙ.</strong></span> <span class='ocrx_word' id='word_1_133' title='bbox 538 1761 652 1814; x_wconf 88' lang='lat' dir='ltr'><strong>Act.</strong></span> <span class='ocrx_word' id='word_1_134' title='bbox 698 1769 864 1814; x_wconf 82' lang='lat' dir='ltr'><strong>sexta.</strong></span> <span class='ocrx_word' id='word_1_135' title='bbox 909 1760 1061 1813; x_wconf 88' lang='lat' dir='ltr'><strong>Conc.</strong></span> <span class='ocrx_word' id='word_1_136' title='bbox 1098 1762 1185 1812; x_wconf 90' lang='lat' dir='ltr'><strong>To-</strong></span> 
     </span>
     <span class='ocr_line' id='line_1_26' title="bbox 193 1833 1178 1902; baseline 0.001 -17"><span class='ocrx_word' id='word_1_137' title='bbox 193 1834 404 1886; x_wconf 84' lang='lat' dir='ltr'><strong>letanum</strong></span> <span class='ocrx_word' id='word_1_138' title='bbox 442 1835 473 1886; x_wconf 96' lang='grc' dir='ltr'><em>Ι</em></span> <span class='ocrx_word' id='word_1_139' title='bbox 507 1835 595 1887; x_wconf 90' lang='lat' dir='ltr'><strong>ait:</strong></span> <span class='ocrx_word' id='word_1_140' title='bbox 627 1835 716 1886; x_wconf 89' lang='lat' dir='ltr'><strong>Est</strong></span> <span class='ocrx_word' id='word_1_141' title='bbox 743 1835 988 1902; x_wconf 79' lang='lat' dir='ltr'><strong>·in9enitus</strong></span> <span class='ocrx_word' id='word_1_142' title='bbox 1009 1833 1178 1896; x_wconf 84' lang='lat' dir='ltr'><strong>Pater,</strong></span> 
     </span>
     <span class='ocr_line' id='line_1_27' title="bbox 191 1907 1183 1976; baseline 0 -18"><span class='ocrx_word' id='word_1_143' title='bbox 191 1909 378 1974; x_wconf 61' lang='lat' dir='ltr'><strong>penitus</strong></span> <span class='ocrx_word' id='word_1_144' title='bbox 416 1907 595 1967; x_wconf 67' lang='lat' dir='ltr'><strong>Filius,</strong></span> <span class='ocrx_word' id='word_1_145' title='bbox 620 1924 716 1959; x_wconf 82' lang='lat' dir='ltr'><strong>non</strong></span> <span class='ocrx_word' id='word_1_146' title='bbox 743 1909 931 1976; x_wconf 73' lang='lat' dir='ltr'><strong>yenitus</strong></span> <span class='ocrx_word' id='word_1_147' title='bbox 963 1908 1183 1975; x_wconf 75' lang='lat' dir='ltr'><strong>Spiritus</strong></span> 
     </span>
     <span class='ocr_line' id='line_1_28' title="bbox 191 1979 1183 2049; baseline 0.001 -17"><span class='ocrx_word' id='word_1_148' title='bbox 191 1979 479 2033; x_wconf 78' lang='lat' dir='ltr'><strong>Paracletus</strong></span> <span class='ocrx_word' id='word_1_149' title='bbox 506 2022 517 2041; x_wconf 89' lang='lat'><strong>,</strong></span> <span class='ocrx_word' id='word_1_150' title='bbox 567 1982 649 2033; x_wconf 85' lang='lat' dir='ltr'><strong>sed</strong></span> <span class='ocrx_word' id='word_1_151' title='bbox 687 1998 716 2033; x_wconf 91' lang='lat' dir='ltr'><strong>a</strong></span> <span class='ocrx_word' id='word_1_152' title='bbox 766 1980 920 2033; x_wconf 87' lang='lat' dir='ltr'><strong>Patre</strong></span> <span class='ocrx_word' id='word_1_153' title='bbox 960 1982 1183 2049; x_wconf 83' lang='lat' dir='ltr'><strong>Filioque</strong></span> 
     </span>
     <span class='ocr_line' id='line_1_29' title="bbox 189 2055 1183 2123; baseline 0.002 -17"><span class='ocrx_word' id='word_1_154' title='bbox 189 2055 462 2122; x_wconf 81' lang='lat' dir='ltr'><strong>procedens.</strong></span> <span class='ocrx_word' id='word_1_155' title='bbox 490 2055 681 2107; x_wconf 87' lang='lat' dir='ltr'><strong>Eadem</strong></span> <span class='ocrx_word' id='word_1_156' title='bbox 697 2055 937 2123; x_wconf 82' lang='lat' dir='ltr'><strong>professio</strong></span> <span class='ocrx_word' id='word_1_157' title='bbox 963 2055 1077 2107; x_wconf 86' lang='lat' dir='ltr'><strong>fidei</strong></span> <span class='ocrx_word' id='word_1_158' title='bbox 1109 2073 1183 2108; x_wconf 87' lang='lat' dir='ltr'><strong>re-</strong></span> 
     </span>
     <span class='ocr_line' id='line_1_30' title="bbox 195 2129 1176 2197; baseline 0.004 -19"><span class='ocrx_word' id='word_1_159' title='bbox 195 2129 381 2193; x_wconf 85' lang='lat' dir='ltr'><strong>petitur</strong></span> <span class='ocrx_word' id='word_1_160' title='bbox 430 2129 480 2179; x_wconf 93' lang='lat' dir='ltr'><strong>in</strong></span> <span class='ocrx_word' id='word_1_161' title='bbox 534 2129 964 2197; x_wconf 86' lang='lat' dir='ltr'><strong>subsequentibus</strong></span> <span class='ocrx_word' id='word_1_162' title='bbox 1022 2129 1176 2182; x_wconf 92' lang='lat' dir='ltr'><strong>Conc.</strong></span> 
     </span>
     <span class='ocr_line' id='line_1_31' title="bbox 195 2199 1175 2270; baseline 0.004 -19"><span class='ocrx_word' id='word_1_163' title='bbox 195 2199 456 2260; x_wconf 83' lang='lat' dir='ltr'><strong>Toletanis,</strong></span> <span class='ocrx_word' id='word_1_164' title='bbox 504 2202 553 2253; x_wconf 91' lang='lat' dir='ltr'><strong>in</strong></span> <span class='ocrx_word' id='word_1_165' title='bbox 596 2200 651 2253; x_wconf 91' lang='lat' dir='ltr'><strong>C.</strong></span> <span class='ocrx_word' id='word_1_166' title='bbox 684 2202 1175 2270; x_wconf 72' lang='lat' dir='ltr'><strong>Aquisqranensian.</strong></span> 
     </span>
     <span class='ocr_line' id='line_1_32' title="bbox 191 2274 1175 2336; baseline 0.002 -10"><span class='ocrx_word' id='word_1_167' title='bbox 191 2275 326 2336; x_wconf 78' lang='lat'><strong>789,</strong></span> <span class='ocrx_word' id='word_1_168' title='bbox 371 2283 421 2327; x_wconf 85' lang='lat' dir='ltr'><strong>et</strong></span> <span class='ocrx_word' id='word_1_169' title='bbox 461 2276 510 2326; x_wconf 92' lang='lat' dir='ltr'><strong>in</strong></span> <span class='ocrx_word' id='word_1_170' title='bbox 551 2274 881 2327; x_wconf 74' lang='lat' dir='ltr'><strong>Foroiuliensi</strong></span> <span class='ocrx_word' id='word_1_171' title='bbox 919 2293 1005 2329; x_wconf 90' lang='lat' dir='ltr'><strong>an.</strong></span> <span class='ocrx_word' id='word_1_172' title='bbox 1050 2278 1175 2329; x_wconf 74' lang='lat'><strong>791.</strong></span> 
     </span>
     <span class='ocr_line' id='line_1_33' title="bbox 191 2346 1183 2402; baseline 0.001 -1"><span class='ocrx_word' id='word_1_173' title='bbox 191 2377 260 2386; x_wconf 91' lang='lat'><strong>—-</strong></span> <span class='ocrx_word' id='word_1_174' title='bbox 301 2346 450 2401; x_wconf 80' lang='lat' dir='ltr'><strong>Cone.</strong></span> <span class='ocrx_word' id='word_1_175' title='bbox 494 2348 814 2401; x_wconf 83' lang='lat' dir='ltr'><strong>Lateranense</strong></span> <span class='ocrx_word' id='word_1_176' title='bbox 851 2349 883 2400; x_wconf 93' lang='lat' dir='ltr'><strong><em>I</em></strong></span> <span class='ocrx_word' id='word_1_177' title='bbox 892 2349 930 2401; x_wconf 91' lang='lat' dir='ltr'><em>V</em></span> <span class='ocrx_word' id='word_1_178' title='bbox 971 2366 1183 2402; x_wconf 88' lang='lat' dir='ltr'><strong>consen-</strong></span> 
     </span>
     <span class='ocr_line' id='line_1_34' title="bbox 191 2422 1182 2490; baseline 0.003 -17"><span class='ocrx_word' id='word_1_179' title='bbox 191 2422 436 2474; x_wconf 86' lang='lat' dir='ltr'><strong>tientibus</strong></span> <span class='ocrx_word' id='word_1_180' title='bbox 461 2422 648 2487; x_wconf 75' lang='lat' dir='ltr'><strong>multiS,</strong></span> <span class='ocrx_word' id='word_1_181' title='bbox 671 2426 753 2490; x_wconf 81' lang='lat' dir='ltr'><strong>qui</strong></span> <span class='ocrx_word' id='word_1_182' title='bbox 777 2423 1182 2490; x_wconf 84' lang='lat' dir='ltr'><strong>aderant,Grac-</strong></span> 
     </span>
     <span class='ocr_line' id='line_1_35' title="bbox 191 2494 1182 2563; baseline 0.004 -17"><span class='ocrx_word' id='word_1_183' title='bbox 191 2496 263 2547; x_wconf 88' lang='lat' dir='ltr'><strong>cis</strong></span> <span class='ocrx_word' id='word_1_184' title='bbox 303 2495 589 2563; x_wconf 86' lang='lat' dir='ltr'><strong>profitetur:</strong></span> <span class='ocrx_word' id='word_1_185' title='bbox 633 2494 783 2548; x_wconf 81' lang='lat' dir='ltr'><strong>Pater</strong></span> <span class='ocrx_word' id='word_1_186' title='bbox 822 2514 852 2549; x_wconf 91' lang='lat' dir='ltr'><strong>a</strong></span> <span class='ocrx_word' id='word_1_187' title='bbox 885 2497 1052 2557; x_wconf 83' lang='lat' dir='ltr'><strong>nulle,</strong></span> <span class='ocrx_word' id='word_1_188' title='bbox 1096 2498 1182 2550; x_wconf 83' lang='lat' dir='ltr'><strong>Fi-</strong></span> 
     </span>
     <span class='ocr_line' id='line_1_36' title="bbox 193 2566 1182 2639; baseline 0.001 -19"><span class='ocrx_word' id='word_1_189' title='bbox 193 2569 286 2620; x_wconf 85' lang='lat' dir='ltr'><strong>Iius</strong></span> <span class='ocrx_word' id='word_1_190' title='bbox 325 2577 487 2621; x_wconf 86' lang='lat' dir='ltr'><strong>autem</strong></span> <span class='ocrx_word' id='word_1_191' title='bbox 513 2586 543 2621; x_wconf 92' lang='lat' dir='ltr'><strong>a</strong></span> <span class='ocrx_word' id='word_1_192' title='bbox 569 2570 666 2621; x_wconf 89' lang='lat' dir='ltr'><strong>solo</strong></span> <span class='ocrx_word' id='word_1_193' title='bbox 687 2566 857 2632; x_wconf 79' lang='lat' dir='ltr'><strong>Patre,</strong></span> <span class='ocrx_word' id='word_1_194' title='bbox 888 2586 943 2623; x_wconf 87' lang='lat' dir='ltr'><strong>ac</strong></span> <span class='ocrx_word' id='word_1_195' title='bbox 969 2571 1182 2639; x_wconf 82' lang='lat' dir='ltr'><strong>Spiritus</strong></span> 
     </span>
     <span class='ocr_line' id='line_1_37' title="bbox 194 2641 1181 2712; baseline 0.002 -18"><span class='ocrx_word' id='word_1_196' title='bbox 194 2641 405 2694; x_wconf 87' lang='lat' dir='ltr'><strong>Sanctus</strong></span> <span class='ocrx_word' id='word_1_197' title='bbox 443 2643 501 2695; x_wconf 88' lang='lat' dir='ltr'><strong>ab</strong></span> <span class='ocrx_word' id='word_1_198' title='bbox 539 2651 745 2711; x_wconf 84' lang='lat' dir='ltr'><strong>utroque</strong></span> <span class='ocrx_word' id='word_1_199' title='bbox 777 2645 969 2711; x_wconf 84' lang='lat' dir='ltr'><strong>pariter</strong></span> <span class='ocrx_word' id='word_1_200' title='bbox 1007 2645 1181 2712; x_wconf 84' lang='lat' dir='ltr'><strong>absque</strong></span> 
     </span>
     <span class='ocr_line' id='line_1_38' title="bbox 191 2714 1181 2785; baseline 0.006 -21"><span class='ocrx_word' id='word_1_201' title='bbox 191 2714 332 2768; x_wconf 84' lang='lat' dir='ltr'><strong>initio</strong></span> <span class='ocrx_word' id='word_1_202' title='bbox 369 2732 552 2785; x_wconf 85' lang='lat' dir='ltr'><strong>semper</strong></span> <span class='ocrx_word' id='word_1_203' title='bbox 591 2725 646 2784; x_wconf 25' lang='lat' dir='ltr'><strong>et,</strong></span> <span class='ocrx_word' id='word_1_204' title='bbox 672 2718 783 2784; x_wconf 78' lang='lat' dir='ltr'><strong>fine.</strong></span> <span class='ocrx_word' id='word_1_205' title='bbox 830 2717 970 2770; x_wconf 82' lang='lat' dir='ltr'><strong>Idem</strong></span> <span class='ocrx_word' id='word_1_206' title='bbox 1005 2719 1181 2770; x_wconf 83' lang='lat' dir='ltr'><strong>defini-</strong></span> 
     </span>
     <span class='ocr_line' id='line_1_39' title="bbox 195 2789 1184 2859; baseline 0.006 -21"><span class='ocrx_word' id='word_1_207' title='bbox 195 2793 304 2839; x_wconf 90' lang='lat' dir='ltr'><strong>tum</strong></span> <span class='ocrx_word' id='word_1_208' title='bbox 345 2789 440 2842; x_wconf 83' lang='lat' dir='ltr'><strong>fuit</strong></span> <span class='ocrx_word' id='word_1_209' title='bbox 478 2806 564 2842; x_wconf 87' lang='lat' dir='ltr'><strong>an.</strong></span> <span class='ocrx_word' id='word_1_210' title='bbox 612 2791 748 2849; x_wconf 66' lang='lat'>42721</span> <span class='ocrx_word' id='word_1_211' title='bbox 794 2791 846 2842; x_wconf 90' lang='lat' dir='ltr'><strong>in</strong></span> <span class='ocrx_word' id='word_1_212' title='bbox 880 2790 1007 2844; x_wconf 88' lang='lat' dir='ltr'><strong>Con.</strong></span> <span class='ocrx_word' id='word_1_213' title='bbox 1055 2792 1184 2859; x_wconf 65' lang='lat' dir='ltr'><strong>Lug]-</strong></span> 
     </span>
     <span class='ocr_line' id='line_1_40' title="bbox 193 2861 1182 2924; baseline 0.005 -12"><span class='ocrx_word' id='word_1_214' title='bbox 193 2861 400 2912; x_wconf 82' lang='lat' dir='ltr'><strong>dunensi</strong></span> <span class='ocrx_word' id='word_1_215' title='bbox 439 2863 510 2924; x_wconf 92' lang='lat' dir='ltr'><strong>II,</strong></span> <span class='ocrx_word' id='word_1_216' title='bbox 554 2864 636 2916; x_wconf 92' lang='lat' dir='ltr'><strong>cui</strong></span> <span class='ocrx_word' id='word_1_217' title='bbox 679 2863 824 2916; x_wconf 88' lang='lat' dir='ltr'><strong>multi</strong></span> <span class='ocrx_word' id='word_1_218' title='bbox 868 2880 934 2917; x_wconf 84' lang='lat' dir='ltr'><strong>ex</strong></span> <span class='ocrx_word' id='word_1_219' title='bbox 974 2865 1182 2918; x_wconf 83' lang='lat' dir='ltr'><strong>Graecis</strong></span> 
     </span>
     <span class='ocr_line' id='line_1_41' title="bbox 195 2934 1183 3005; baseline 0.007 -21"><span class='ocrx_word' id='word_1_220' title='bbox 195 2934 569 2998; x_wconf 82' lang='lat' dir='ltr'><strong>interfuerunt,</strong></span> <span class='ocrx_word' id='word_1_221' title='bbox 613 2938 696 3005; x_wconf 86' lang='lat' dir='ltr'><strong>qui</strong></span> <span class='ocrx_word' id='word_1_222' title='bbox 738 2938 800 2990; x_wconf 89' lang='lat' dir='ltr'><strong>ad</strong></span> <span class='ocrx_word' id='word_1_223' title='bbox 842 2938 994 2990; x_wconf 87' lang='lat' dir='ltr'><strong>fidem</strong></span> <span class='ocrx_word' id='word_1_224' title='bbox 1036 2955 1183 2991; x_wconf 88' lang='lat' dir='ltr'><strong>suam</strong></span> 
     </span>
     <span class='ocr_line' id='line_1_42' title="bbox 195 3006 1183 3081; baseline 0.006 -22"><span class='ocrx_word' id='word_1_225' title='bbox 195 3006 397 3074; x_wconf 88' lang='lat' dir='ltr'><strong>publice</strong></span> <span class='ocrx_word' id='word_1_226' title='bbox 458 3010 826 3068; x_wconf 79' lang='lat' dir='ltr'><strong>ostendendam</strong></span> <span class='ocrx_word' id='word_1_227' title='bbox 890 3013 1183 3081; x_wconf 89' lang='lat' dir='ltr'><strong>symbolum</strong></span> 
     </span>
     <span class='ocr_line' id='line_1_43' title="bbox 194 3085 1184 3154; baseline 0.008 -23"><span class='ocrx_word' id='word_1_228' title='bbox 194 3086 465 3132; x_wconf 79' lang='lat' dir='ltr'><strong>cantantes</strong></span> <span class='ocrx_word' id='word_1_229' title='bbox 503 3089 580 3134; x_wconf 90' lang='lat' dir='ltr'><strong>ter</strong></span> <span class='ocrx_word' id='word_1_230' title='bbox 616 3085 921 3150; x_wconf 87' lang='lat' dir='ltr'><strong>particulam</strong></span> <span class='ocrx_word' id='word_1_231' title='bbox 963 3086 1184 3154; x_wconf 84' lang='lat' dir='ltr'><strong>Filioque</strong></span> 
     </span>
     <span class='ocr_line' id='line_1_44' title="bbox 195 3154 1181 3226; baseline 0.006 -20"><span class='ocrx_word' id='word_1_232' title='bbox 195 3154 530 3221; x_wconf 87' lang='lat' dir='ltr'><strong>repetierunt.</strong></span> <span class='ocrx_word' id='word_1_233' title='bbox 583 3157 811 3226; x_wconf 88' lang='lat' dir='ltr'><strong>Denique</strong></span> <span class='ocrx_word' id='word_1_234' title='bbox 863 3175 1000 3212; x_wconf 85' lang='lat' dir='ltr'><strong>anno</strong></span> <span class='ocrx_word' id='word_1_235' title='bbox 1043 3161 1181 3214; x_wconf 69' lang='lat' dir='ltr'><strong>tt159</strong></span> 
     </span>
     <span class='ocr_line' id='line_1_45' title="bbox 194 3227 1184 3301; baseline 0.008 -23"><span class='ocrx_word' id='word_1_236' title='bbox 194 3227 511 3288; x_wconf 87' lang='lat' dir='ltr'><strong>celebratum</strong></span> <span class='ocrx_word' id='word_1_237' title='bbox 535 3229 629 3281; x_wconf 86' lang='lat' dir='ltr'><strong>fuit</strong></span> <span class='ocrx_word' id='word_1_238' title='bbox 645 3230 799 3284; x_wconf 88' lang='lat' dir='ltr'><strong>Conc.</strong></span> <span class='ocrx_word' id='word_1_239' title='bbox 819 3232 1184 3301; x_wconf 83' lang='lat' dir='ltr'><strong>Florentinum,</strong></span> 
     </span>
     <span class='ocr_line' id='line_1_46' title="bbox 196 3300 1185 3370; baseline 0.009 -18"><span class='ocrx_word' id='word_1_240' title='bbox 196 3300 330 3370; x_wconf 92' lang='lat' dir='ltr'><strong>quod</strong></span> <span class='ocrx_word' id='word_1_241' title='bbox 373 3302 595 3352; x_wconf 86' lang='lat' dir='ltr'><strong>maximo</strong></span> <span class='ocrx_word' id='word_1_242' title='bbox 625 3303 915 3359; x_wconf 87' lang='lat' dir='ltr'><strong>Latinorum</strong></span> <span class='ocrx_word' id='word_1_243' title='bbox 946 3316 996 3360; x_wconf 88' lang='lat' dir='ltr'><strong>et</strong></span> <span class='ocrx_word' id='word_1_244' title='bbox 1029 3307 1185 3360; x_wconf 85' lang='lat' dir='ltr'><strong>Grae-</strong></span> 
     </span>
     <span class='ocr_line' id='line_1_47' title="bbox 197 3378 1186 3434; baseline 0.008 -7"><span class='ocrx_word' id='word_1_245' title='bbox 197 3389 376 3427; x_wconf 89' lang='lat' dir='ltr'><strong>corum</strong></span> <span class='ocrx_word' id='word_1_246' title='bbox 403 3390 656 3428; x_wconf 89' lang='lat' dir='ltr'><strong>consensu</strong></span> <span class='ocrx_word' id='word_1_247' title='bbox 698 3378 948 3433; x_wconf 87' lang='lat' dir='ltr'><strong>definivit:</strong></span> <span class='ocrx_word' id='word_1_248' title='bbox 981 3380 1038 3433; x_wconf 89' lang='lat' dir='ltr'><strong>Ut</strong></span> <span class='ocrx_word' id='word_1_249' title='bbox 1073 3382 1186 3434; x_wconf 81' lang='lat' dir='ltr'><strong>haec</strong></span> 
     </span>
    </p>
   </div>
   <div class='ocr_carea' id='block_1_8' title="bbox 246 3473 600 3519">
    <p class='ocr_par' dir='ltr' id='par_1_9' title="bbox 246 3473 600 3519">
     <span class='ocr_line' id='line_1_48' title="bbox 246 3473 600 3519; baseline 0.006 -9"><span class='ocrx_word' id='word_1_250' title='bbox 246 3473 294 3519; x_wconf 80' lang='lat'><strong>(1)</strong></span> <span class='ocrx_word' id='word_1_251' title='bbox 323 3475 374 3511; x_wconf 82' lang='lat' dir='ltr'><strong>De</strong></span> <span class='ocrx_word' id='word_1_252' title='bbox 396 3474 484 3519; x_wconf 84' lang='lat' dir='ltr'><strong>fide,</strong></span> <span class='ocrx_word' id='word_1_253' title='bbox 501 3484 533 3509; x_wconf 93' lang='lat' dir='ltr'><strong>c.</strong></span> <span class='ocrx_word' id='word_1_254' title='bbox 560 3475 600 3512; x_wconf 80' lang='lat'><strong>11</strong></span> 
     </span>
    </p>
   </div>
   <div class='ocr_carea' id='block_1_9' title="bbox 1253 282 2324 363">
    <p class='ocr_par' dir='ltr' id='par_1_10' title="bbox 1253 282 2324 363">
     <span class='ocr_line' id='line_1_49' title="bbox 1253 282 2324 363; baseline 0.006 -26"><span class='ocrx_word' id='word_1_255' title='bbox 1253 285 1488 338; x_wconf 84' lang='lat' dir='ltr'><strong>credatur</strong></span> <span class='ocrx_word' id='word_1_256' title='bbox 1501 292 1545 337; x_wconf 85' lang='lat' dir='ltr'><strong>et</strong></span> <span class='ocrx_word' id='word_1_257' title='bbox 1561 286 1880 355; x_wconf 73' lang='lat' dir='ltr'><strong>suscipiatur</strong></span> <span class='ocrx_word' id='word_1_258' title='bbox 1898 288 2059 354; x_wconf 83' lang='lat' dir='ltr'><strong>sicque</strong></span> <span class='ocrx_word' id='word_1_259' title='bbox 2085 298 2248 343; x_wconf 72' lang='lat' dir='ltr'><strong>omnes</strong></span> <span class='ocrx_word' id='word_1_260' title='bbox 2270 282 2324 363; x_wconf 54' lang='grc' dir='ltr'><strong>’ξς</strong></span> 
     </span>
    </p>
   </div>
   <div class='ocr_carea' id='block_1_10' title="bbox 1250 430 2283 575">
    <p class='ocr_par' dir='ltr' id='par_1_11' title="bbox 1250 430 2283 575">
     <span class='ocr_line' id='line_1_50' title="bbox 1252 430 2283 506; baseline 0.004 -23"><span class='ocrx_word' id='word_1_261' title='bbox 1252 449 1313 484; x_wconf 83' lang='lat' dir='ltr'><strong>ea·</strong></span> <span class='ocrx_word' id='word_1_262' title='bbox 1349 431 1504 484; x_wconf 87' lang='lat' dir='ltr'><strong>Patre</strong></span> <span class='ocrx_word' id='word_1_263' title='bbox 1541 439 1585 485; x_wconf 87' lang='lat' dir='ltr'><strong>et</strong></span> <span class='ocrx_word' id='word_1_264' title='bbox 1621 433 1756 486; x_wconf 77' lang='lat' dir='ltr'><strong>Filio</strong></span> <span class='ocrx_word' id='word_1_265' title='bbox 1794 433 2109 486; x_wconf 81' lang='lat' dir='ltr'><strong>aeternaliter</strong></span> <span class='ocrx_word' id='word_1_266' title='bbox 2142 443 2243 495; x_wconf 84' lang='lat' dir='ltr'><strong>est,</strong></span> <span class='ocrx_word' id='word_1_267' title='bbox 2269 430 2283 506; x_wconf 53' lang='grc' dir='ltr'>ᾗ</span> 
     </span>
     <span class='ocr_line' id='line_1_51' title="bbox 1250 505 2248 575; baseline 0.004 -18"><span class='ocrx_word' id='word_1_268' title='bbox 1250 514 1293 557; x_wconf 91' lang='lat' dir='ltr'><strong>et</strong></span> <span class='ocrx_word' id='word_1_269' title='bbox 1331 505 1586 558; x_wconf 85' lang='lat' dir='ltr'><strong>essentiam</strong></span> <span class='ocrx_word' id='word_1_270' title='bbox 1602 521 1744 558; x_wconf 87' lang='lat' dir='ltr'><strong>suam</strong></span> <span class='ocrx_word' id='word_1_271' title='bbox 1763 523 2000 575; x_wconf 84' lang='lat' dir='ltr'><strong>suumque</strong></span> <span class='ocrx_word' id='word_1_272' title='bbox 2020 523 2119 559; x_wconf 84' lang='lat' dir='ltr'><strong>esse</strong></span> <span class='ocrx_word' id='word_1_273' title='bbox 2138 508 2248 562; x_wconf 85' lang='lat' dir='ltr'><strong>sub-</strong></span> 
     </span>
    </p>
   </div>
   <div class='ocr_carea' id='block_1_11' title="bbox 1250 577 2323 721">
    <p class='ocr_par' dir='ltr' id='par_1_12' title="bbox 1250 577 2323 721">
     <span class='ocr_line' id='line_1_52' title="bbox 1250 577 2322 635; baseline 0.003 -4"><span class='ocrx_word' id='word_1_274' title='bbox 1250 580 1419 631; x_wconf 88' lang='lat' dir='ltr'><strong>sistens</strong></span> <span class='ocrx_word' id='word_1_275' title='bbox 1459 579 1594 631; x_wconf 84' lang='lat' dir='ltr'><strong>habet</strong></span> <span class='ocrx_word' id='word_1_276' title='bbox 1632 595 1694 631; x_wconf 74' lang='lat' dir='ltr'><strong>ea&gt;</strong></span> <span class='ocrx_word' id='word_1_277' title='bbox 1730 577 1881 632; x_wconf 88' lang='lat' dir='ltr'><strong>Patre</strong></span> <span class='ocrx_word' id='word_1_278' title='bbox 1905 580 2055 632; x_wconf 88' lang='lat' dir='ltr'><strong>simul</strong></span> <span class='ocrx_word' id='word_1_279' title='bbox 2079 589 2123 633; x_wconf 91' lang='lat' dir='ltr'><strong>et</strong></span> <span class='ocrx_word' id='word_1_280' title='bbox 2161 581 2248 635; x_wconf 87' lang='lat' dir='ltr'><strong>Fi·</strong></span> <span class='ocrx_word' id='word_1_281' title='bbox 2314 594 2322 598; x_wconf 73' lang='grc'><strong>’·</strong></span> 
     </span>
     <span class='ocr_line' id='line_1_53' title="bbox 1251 653 2323 721; baseline 0.003 -16"><span class='ocrx_word' id='word_1_282' title='bbox 1251 653 1333 714; x_wconf 83' lang='lat' dir='ltr'><strong>lie,</strong></span> <span class='ocrx_word' id='word_1_283' title='bbox 1377 662 1422 707; x_wconf 89' lang='lat' dir='ltr'><strong>et</strong></span> <span class='ocrx_word' id='word_1_284' title='bbox 1459 670 1520 706; x_wconf 77' lang='lat' dir='ltr'><strong>ea·</strong></span> <span class='ocrx_word' id='word_1_285' title='bbox 1558 660 1762 721; x_wconf 83' lang='lat' dir='ltr'><strong>utroque</strong></span> <span class='ocrx_word' id='word_1_286' title='bbox 1800 654 2109 706; x_wconf 86' lang='lat' dir='ltr'><strong>aeternaliter</strong></span> <span class='ocrx_word' id='word_1_287' title='bbox 2137 663 2246 708; x_wconf 83' lang='lat' dir='ltr'><strong>tan·</strong></span> <span class='ocrx_word' id='word_1_288' title='bbox 2317 668 2323 670; x_wconf 69' lang='grc'><em>’</em></span> 
     </span>
    </p>
   </div>
   <div class='ocr_carea' id='block_1_12' title="bbox 1248 726 2284 869">
    <p class='ocr_par' dir='ltr' id='par_1_13' title="bbox 1248 726 2284 869">
     <span class='ocr_line' id='line_1_54' title="bbox 1250 726 2284 798; baseline 0.003 -19"><span class='ocrx_word' id='word_1_289' title='bbox 1250 743 1396 795; x_wconf 85' lang='lat' dir='ltr'><strong>quam</strong></span> <span class='ocrx_word' id='word_1_290' title='bbox 1436 727 1496 780; x_wconf 85' lang='lat' dir='ltr'><strong>ab</strong></span> <span class='ocrx_word' id='word_1_291' title='bbox 1536 743 1631 779; x_wconf 86' lang='lat' dir='ltr'><strong>uno</strong></span> <span class='ocrx_word' id='word_1_292' title='bbox 1666 726 1910 795; x_wconf 85' lang='lat' dir='ltr'><strong>principio</strong></span> <span class='ocrx_word' id='word_1_293' title='bbox 1935 735 1979 779; x_wconf 92' lang='lat' dir='ltr'><strong>et</strong></span> <span class='ocrx_word' id='word_1_294' title='bbox 2019 744 2119 781; x_wconf 85' lang='lat' dir='ltr'><strong>una</strong></span> <span class='ocrx_word' id='word_1_295' title='bbox 2145 730 2244 798; x_wconf 80' lang='lat' dir='ltr'><strong>spi-</strong></span> <span class='ocrx_word' id='word_1_296' title='bbox 2277 766 2284 770; x_wconf 86' lang='lat'><em>-</em></span> 
     </span>
     <span class='ocr_line' id='line_1_55' title="bbox 1248 801 1705 869; baseline 0 -17"><span class='ocrx_word' id='word_1_297' title='bbox 1248 803 1437 853; x_wconf 85' lang='lat' dir='ltr'><strong>ratione</strong></span> <span class='ocrx_word' id='word_1_298' title='bbox 1470 801 1705 869; x_wconf 85' lang='lat' dir='ltr'><strong>procedit.</strong></span> 
     </span>
    </p>
   </div>
   <div class='ocr_carea' id='block_1_13' title="bbox 1322 874 2241 929">
    <p class='ocr_par' dir='ltr' id='par_1_14' title="bbox 1322 874 2323 947">
     <span class='ocr_line' id='line_1_56' title="bbox 1322 874 2241 929; baseline 0.003 -3"><span class='ocrx_word' id='word_1_299' title='bbox 1322 875 1475 926; x_wconf 88' lang='lat' dir='ltr'><strong>Nota.</strong></span> <span class='ocrx_word' id='word_1_300' title='bbox 1522 874 1836 926; x_wconf 86' lang='lat' dir='ltr'><strong>Graecorum</strong></span> <span class='ocrx_word' id='word_1_301' title='bbox 1872 875 2031 927; x_wconf 88' lang='lat' dir='ltr'><strong>errori</strong></span> <span class='ocrx_word' id='word_1_302' title='bbox 2059 891 2241 929; x_wconf 85' lang='lat' dir='ltr'><strong>ansam</strong></span> 
     </span>
    </p>
   </div>
   <div class='ocr_carea' id='block_1_14' title="bbox 1243 947 2305 3006">
    <p class='ocr_par' dir='ltr' id='par_1_15' title="bbox 1243 947 2305 3006">
     <span class='ocr_line' id='line_1_57' title="bbox 1250 947 2241 1002; baseline 0.003 -4"><span class='ocrx_word' id='word_1_303' title='bbox 1250 947 1501 1000; x_wconf 90' lang='lat' dir='ltr'><strong>dederunt</strong></span> <span class='ocrx_word' id='word_1_304' title='bbox 1562 948 1906 1002; x_wconf 83' lang='lat' dir='ltr'><strong>Macedoniani</strong></span> <span class='ocrx_word' id='word_1_305' title='bbox 1964 955 2014 1000; x_wconf 89' lang='lat' dir='ltr'><strong>et</strong></span> <span class='ocrx_word' id='word_1_306' title='bbox 2069 948 2241 1002; x_wconf 85' lang='lat' dir='ltr'><strong>Euno-</strong></span> 
     </span>
     <span class='ocr_line' id='line_1_58' title="bbox 1247 1022 2242 1090; baseline 0.001 -16"><span class='ocrx_word' id='word_1_307' title='bbox 1247 1023 1423 1084; x_wconf 85' lang='lat' dir='ltr'><strong>miani,</strong></span> <span class='ocrx_word' id='word_1_308' title='bbox 1467 1022 1551 1090; x_wconf 91' lang='lat' dir='ltr'><strong>qui</strong></span> <span class='ocrx_word' id='word_1_309' title='bbox 1593 1023 1738 1074; x_wconf 84' lang='lat' dir='ltr'><strong>iuxta</strong></span> <span class='ocrx_word' id='word_1_310' title='bbox 1767 1029 2027 1090; x_wconf 86' lang='lat' dir='ltr'><strong>receptam</strong></span> <span class='ocrx_word' id='word_1_311' title='bbox 2067 1022 2242 1075; x_wconf 88' lang='lat' dir='ltr'><strong>Eccle-</strong></span> 
     </span>
     <span class='ocr_line' id='line_1_59' title="bbox 1248 1095 2240 1165; baseline 0.002 -18"><span class='ocrx_word' id='word_1_312' title='bbox 1248 1097 1353 1147; x_wconf 87' lang='lat' dir='ltr'><strong>siae</strong></span> <span class='ocrx_word' id='word_1_313' title='bbox 1393 1096 1678 1148; x_wconf 88' lang='lat' dir='ltr'><strong>doctrinam</strong></span> <span class='ocrx_word' id='word_1_314' title='bbox 1720 1097 2100 1162; x_wconf 85' lang='lat' dir='ltr'><strong>processionem</strong></span> <span class='ocrx_word' id='word_1_315' title='bbox 2125 1095 2240 1165; x_wconf 92' lang='lat' dir='ltr'><strong>Spi-</strong></span> 
     </span>
     <span class='ocr_line' id='line_1_60' title="bbox 1250 1168 2236 1234; baseline 0.002 -13"><span class='ocrx_word' id='word_1_316' title='bbox 1250 1170 1376 1221; x_wconf 90' lang='lat' dir='ltr'><strong>ritus</strong></span> <span class='ocrx_word' id='word_1_317' title='bbox 1415 1169 1590 1222; x_wconf 89' lang='lat' dir='ltr'><strong>Sancti</strong></span> <span class='ocrx_word' id='word_1_318' title='bbox 1630 1186 1657 1221; x_wconf 89' lang='lat' dir='ltr'><strong>a</strong></span> <span class='ocrx_word' id='word_1_319' title='bbox 1699 1168 1827 1222; x_wconf 90' lang='lat' dir='ltr'><strong>Filio</strong></span> <span class='ocrx_word' id='word_1_320' title='bbox 1876 1171 2236 1234; x_wconf 88' lang='lat' dir='ltr'><strong>admiserunt,</strong></span> 
     </span>
     <span class='ocr_line' id='line_1_61' title="bbox 1248 1243 2243 1311; baseline 0.003 -17"><span class='ocrx_word' id='word_1_321' title='bbox 1248 1243 1336 1294; x_wconf 89' lang='lat' dir='ltr'><strong>sed</strong></span> <span class='ocrx_word' id='word_1_322' title='bbox 1369 1244 1741 1296; x_wconf 86' lang='lat' dir='ltr'><strong>confundentes</strong></span> <span class='ocrx_word' id='word_1_323' title='bbox 1772 1244 2148 1311; x_wconf 88' lang='lat' dir='ltr'><strong>processionem</strong></span> <span class='ocrx_word' id='word_1_324' title='bbox 2163 1245 2243 1308; x_wconf 55' lang='lat' dir='ltr'><strong>‚in-</strong></span> 
     </span>
     <span class='ocr_line' id='line_1_62' title="bbox 1248 1317 2236 1383; baseline 0.003 -15"><span class='ocrx_word' id='word_1_325' title='bbox 1248 1323 1451 1369; x_wconf 88' lang='lat' dir='ltr'><strong>ternam</strong></span> <span class='ocrx_word' id='word_1_326' title='bbox 1511 1333 1628 1370; x_wconf 90' lang='lat' dir='ltr'><strong>cum</strong></span> <span class='ocrx_word' id='word_1_327' title='bbox 1689 1324 1903 1370; x_wconf 84' lang='lat' dir='ltr'><strong>externa</strong></span> <span class='ocrx_word' id='word_1_328' title='bbox 1951 1317 2236 1383; x_wconf 80' lang='lat' dir='ltr'><strong>dixerunt,</strong></span> 
     </span>
     <span class='ocr_line' id='line_1_63' title="bbox 1247 1390 2239 1460; baseline 0.003 -18"><span class='ocrx_word' id='word_1_329' title='bbox 1247 1390 1495 1459; x_wconf 90' lang='lat' dir='ltr'><strong>Spiritum</strong></span> <span class='ocrx_word' id='word_1_330' title='bbox 1533 1391 1780 1444; x_wconf 82' lang='lat' dir='ltr'><strong>Sanctum</strong></span> <span class='ocrx_word' id='word_1_331' title='bbox 1808 1407 1898 1460; x_wconf 91' lang='lat' dir='ltr'><strong>per</strong></span> <span class='ocrx_word' id='word_1_332' title='bbox 1925 1393 2239 1445; x_wconf 87' lang='lat' dir='ltr'><strong>creationem</strong></span> 
     </span>
     <span class='ocr_line' id='line_1_64' title="bbox 1246 1464 2240 1533; baseline 0.002 -17"><span class='ocrx_word' id='word_1_333' title='bbox 1246 1481 1275 1516; x_wconf 88' lang='lat' dir='ltr'><strong>a</strong></span> <span class='ocrx_word' id='word_1_334' title='bbox 1315 1464 1442 1518; x_wconf 88' lang='lat' dir='ltr'><strong>Filio</strong></span> <span class='ocrx_word' id='word_1_335' title='bbox 1483 1465 1787 1533; x_wconf 85' lang='lat' dir='ltr'><strong>procedere,</strong></span> <span class='ocrx_word' id='word_1_336' title='bbox 1832 1473 1882 1518; x_wconf 88' lang='lat' dir='ltr'><strong>et</strong></span> <span class='ocrx_word' id='word_1_337' title='bbox 1922 1465 2035 1518; x_wconf 92' lang='lat' dir='ltr'><strong>ideo</strong></span> <span class='ocrx_word' id='word_1_338' title='bbox 2074 1465 2240 1519; x_wconf 87' lang='lat' dir='ltr'><strong>Deum</strong></span> 
     </span>
     <span class='ocr_line' id='line_1_65' title="bbox 1249 1538 2240 1593; baseline 0.004 -4"><span class='ocrx_word' id='word_1_339' title='bbox 1249 1555 1349 1590; x_wconf 88' lang='lat' dir='ltr'><strong>non</strong></span> <span class='ocrx_word' id='word_1_340' title='bbox 1379 1555 1509 1592; x_wconf 90' lang='lat' dir='ltr'><strong>esse.</strong></span> <span class='ocrx_word' id='word_1_341' title='bbox 1539 1569 1604 1577; x_wconf 90' lang='lat'><em>-</em></span> <span class='ocrx_word' id='word_1_342' title='bbox 1629 1538 1711 1591; x_wconf 80' lang='lat' dir='ltr'><strong>Ss,</strong></span> <span class='ocrx_word' id='word_1_343' title='bbox 1744 1538 2115 1592; x_wconf 87' lang='lat' dir='ltr'><strong>Patres-totum</strong></span> <span class='ocrx_word' id='word_1_344' title='bbox 2143 1540 2240 1593; x_wconf 93' lang='lat' dir='ltr'><strong>hoc</strong></span> 
     </span>
     <span class='ocr_line' id='line_1_66' title="bbox 1249 1612 2239 1682; baseline 0.004 -19"><span class='ocrx_word' id='word_1_345' title='bbox 1249 1612 1561 1665; x_wconf 87' lang='lat' dir='ltr'><strong>haereticum</strong></span> <span class='ocrx_word' id='word_1_346' title='bbox 1605 1618 1832 1681; x_wconf 89' lang='lat' dir='ltr'><strong>systema</strong></span> <span class='ocrx_word' id='word_1_347' title='bbox 1861 1629 1963 1666; x_wconf 93' lang='lat' dir='ltr'><strong>uno</strong></span> <span class='ocrx_word' id='word_1_348' title='bbox 1991 1614 2095 1666; x_wconf 90' lang='lat' dir='ltr'><strong>ictu</strong></span> <span class='ocrx_word' id='word_1_349' title='bbox 2126 1630 2239 1682; x_wconf 92' lang='lat' dir='ltr'><strong>pro-</strong></span> 
     </span>
     <span class='ocr_line' id='line_1_67' title="bbox 1246 1688 2239 1755; baseline 0.003 -17"><span class='ocrx_word' id='word_1_350' title='bbox 1246 1694 1476 1738; x_wconf 87' lang='lat' dir='ltr'><strong>sternere</strong></span> <span class='ocrx_word' id='word_1_351' title='bbox 1512 1688 1829 1754; x_wconf 89' lang='lat' dir='ltr'><strong>potuissent,</strong></span> <span class='ocrx_word' id='word_1_352' title='bbox 1881 1688 1922 1739; x_wconf 92' lang='lat' dir='ltr'><strong>si</strong></span> <span class='ocrx_word' id='word_1_353' title='bbox 1964 1690 2239 1755; x_wconf 87' lang='lat' dir='ltr'><strong>processio·</strong></span> 
     </span>
     <span class='ocr_line' id='line_1_68' title="bbox 1248 1758 2236 1830; baseline 0.003 -19"><span class='ocrx_word' id='word_1_354' title='bbox 1248 1776 1365 1812; x_wconf 91' lang='lat' dir='ltr'><strong>nem</strong></span> <span class='ocrx_word' id='word_1_355' title='bbox 1405 1760 1626 1827; x_wconf 86' lang='lat' dir='ltr'><strong>Spiritus</strong></span> <span class='ocrx_word' id='word_1_356' title='bbox 1672 1758 1847 1812; x_wconf 88' lang='lat' dir='ltr'><strong>Sancti</strong></span> <span class='ocrx_word' id='word_1_357' title='bbox 1901 1777 1930 1812; x_wconf 85' lang='lat' dir='ltr'><strong>a</strong></span> <span class='ocrx_word' id='word_1_358' title='bbox 1979 1761 2106 1814; x_wconf 89' lang='lat' dir='ltr'><strong>Filio</strong></span> <span class='ocrx_word' id='word_1_359' title='bbox 2148 1778 2236 1830; x_wconf 90' lang='lat' dir='ltr'><strong>pe·</strong></span> 
     </span>
     <span class='ocr_line' id='line_1_69' title="bbox 1246 1833 2238 1902; baseline 0.005 -18"><span class='ocrx_word' id='word_1_360' title='bbox 1246 1835 1383 1886; x_wconf 89' lang='lat' dir='ltr'><strong>nitus</strong></span> <span class='ocrx_word' id='word_1_361' title='bbox 1424 1839 1718 1900; x_wconf 86' lang='lat' dir='ltr'><strong>negassent.</strong></span> <span class='ocrx_word' id='word_1_362' title='bbox 1765 1833 1857 1886; x_wconf 90' lang='lat' dir='ltr'><strong>Ast</strong></span> <span class='ocrx_word' id='word_1_363' title='bbox 1883 1833 2032 1902; x_wconf 85' lang='lat' dir='ltr'><strong>longe</strong></span> <span class='ocrx_word' id='word_1_364' title='bbox 2072 1835 2121 1886; x_wconf 91' lang='lat' dir='ltr'><strong>id</strong></span> <span class='ocrx_word' id='word_1_365' title='bbox 2149 1836 2238 1889; x_wconf 88' lang='lat' dir='ltr'><strong>ab·</strong></span> 
     </span>
     <span class='ocr_line' id='line_1_70' title="bbox 1249 1907 2234 1973; baseline 0.003 -15"><span class='ocrx_word' id='word_1_366' title='bbox 1249 1908 1339 1959; x_wconf 81' lang='lat' dir='ltr'><strong>iuit</strong></span> <span class='ocrx_word' id='word_1_367' title='bbox 1378 1924 1407 1959; x_wconf 88' lang='lat' dir='ltr'><strong>a</strong></span> <span class='ocrx_word' id='word_1_368' title='bbox 1460 1907 1697 1959; x_wconf 88' lang='lat' dir='ltr'><strong>Patribus</strong></span> <span class='ocrx_word' id='word_1_369' title='bbox 1754 1907 2090 1973; x_wconf 82' lang='lat' dir='ltr'><strong>orthodoxis3</strong></span> <span class='ocrx_word' id='word_1_370' title='bbox 2153 1909 2234 1962; x_wconf 86' lang='lat' dir='ltr'><strong>isti</strong></span> 
     </span>
     <span class='ocr_line' id='line_1_71' title="bbox 1244 1981 2235 2050; baseline 0.003 -18"><span class='ocrx_word' id='word_1_371' title='bbox 1244 1982 1382 2033; x_wconf 90' lang='lat' dir='ltr'><strong>enim</strong></span> <span class='ocrx_word' id='word_1_372' title='bbox 1424 1988 1681 2048; x_wconf 79' lang='lat' dir='ltr'><strong>negarunt</strong></span> <span class='ocrx_word' id='word_1_373' title='bbox 1707 1981 1913 2048; x_wconf 88' lang='lat' dir='ltr'><strong>quidem</strong></span> <span class='ocrx_word' id='word_1_374' title='bbox 1953 1983 2235 2050; x_wconf 87' lang='lat' dir='ltr'><strong>processio·</strong></span> 
     </span>
     <span class='ocr_line' id='line_1_72' title="bbox 1247 2054 2233 2123; baseline 0.002 -16"><span class='ocrx_word' id='word_1_375' title='bbox 1247 2071 1362 2108; x_wconf 90' lang='lat' dir='ltr'><strong>nem</strong></span> <span class='ocrx_word' id='word_1_376' title='bbox 1418 2055 1638 2123; x_wconf 88' lang='lat' dir='ltr'><strong>Spiritus</strong></span> <span class='ocrx_word' id='word_1_377' title='bbox 1692 2054 1868 2107; x_wconf 89' lang='lat' dir='ltr'><strong>Sancti</strong></span> <span class='ocrx_word' id='word_1_378' title='bbox 1926 2071 1955 2107; x_wconf 89' lang='lat' dir='ltr'><strong>a</strong></span> <span class='ocrx_word' id='word_1_379' title='bbox 2014 2055 2142 2108; x_wconf 89' lang='lat' dir='ltr'><strong>Filio</strong></span> <span class='ocrx_word' id='word_1_380' title='bbox 2183 2058 2233 2109; x_wconf 89' lang='lat' dir='ltr'><strong>in</strong></span> 
     </span>
     <span class='ocr_line' id='line_1_73' title="bbox 1244 2128 2237 2198; baseline 0.002 -17"><span class='ocrx_word' id='word_1_381' title='bbox 1244 2146 1398 2182; x_wconf 89' lang='lat' dir='ltr'><strong>sensu</strong></span> <span class='ocrx_word' id='word_1_382' title='bbox 1424 2130 1823 2191; x_wconf 87' lang='lat' dir='ltr'><strong>baereticorum,</strong></span> <span class='ocrx_word' id='word_1_383' title='bbox 1848 2129 1936 2181; x_wconf 90' lang='lat' dir='ltr'><strong>sed</strong></span> <span class='ocrx_word' id='word_1_384' title='bbox 1960 2128 2100 2184; x_wconf 88' lang='lat' dir='ltr'><strong>illam</strong></span> <span class='ocrx_word' id='word_1_385' title='bbox 2126 2145 2237 2198; x_wconf 89' lang='lat' dir='ltr'><strong>pro-</strong></span> 
     </span>
     <span class='ocr_line' id='line_1_74' title="bbox 1247 2202 2293 2270; baseline 0.002 -16"><span class='ocrx_word' id='word_1_386' title='bbox 1247 2210 1541 2270; x_wconf 82' lang='lat' dir='ltr'><strong>pugnarunt</strong></span> <span class='ocrx_word' id='word_1_387' title='bbox 1569 2204 1620 2255; x_wconf 92' lang='lat' dir='ltr'><strong>in</strong></span> <span class='ocrx_word' id='word_1_388' title='bbox 1649 2220 1806 2256; x_wconf 85' lang='lat' dir='ltr'><strong>sensu</strong></span> <span class='ocrx_word' id='word_1_389' title='bbox 1836 2202 2235 2268; x_wconf 89' lang='lat' dir='ltr'><strong>Catholicorum,</strong></span> <span class='ocrx_word' id='word_1_390' title='bbox 2288 2203 2293 2207; x_wconf 87' lang='grc'>’</span> 
     </span>
     <span class='ocr_line' id='line_1_75' title="bbox 1244 2277 2235 2346; baseline 0.001 -17"><span class='ocrx_word' id='word_1_391' title='bbox 1244 2284 1294 2329; x_wconf 89' lang='lat' dir='ltr'><strong>et</strong></span> <span class='ocrx_word' id='word_1_392' title='bbox 1334 2294 1399 2329; x_wconf 83' lang='lat' dir='ltr'><strong>ex</strong></span> <span class='ocrx_word' id='word_1_393' title='bbox 1441 2277 1536 2329; x_wconf 88' lang='lat' dir='ltr'><strong>hac</strong></span> <span class='ocrx_word' id='word_1_394' title='bbox 1575 2278 1684 2345; x_wconf 87' lang='lat' dir='ltr'><strong>ipsa</strong></span> <span class='ocrx_word' id='word_1_395' title='bbox 1724 2278 2033 2345; x_wconf 85' lang='lat' dir='ltr'><strong>probarunt,</strong></span> <span class='ocrx_word' id='word_1_396' title='bbox 2076 2277 2235 2346; x_wconf 90' lang='lat' dir='ltr'><strong>Spiri-</strong></span> 
     </span>
     <span class='ocr_line' id='line_1_76' title="bbox 1246 2349 2232 2420; baseline 0.002 -18"><span class='ocrx_word' id='word_1_397' title='bbox 1246 2358 1353 2402; x_wconf 86' lang='lat' dir='ltr'><strong>tum</strong></span> <span class='ocrx_word' id='word_1_398' title='bbox 1394 2349 1640 2403; x_wconf 87' lang='lat' dir='ltr'><strong>Sanctum</strong></span> <span class='ocrx_word' id='word_1_399' title='bbox 1670 2353 1825 2403; x_wconf 88' lang='lat' dir='ltr'><strong>etiam</strong></span> <span class='ocrx_word' id='word_1_400' title='bbox 1865 2367 1895 2403; x_wconf 91' lang='lat' dir='ltr'><strong>a</strong></span> <span class='ocrx_word' id='word_1_401' title='bbox 1936 2351 2086 2406; x_wconf 83' lang='lat' dir='ltr'><strong>Patre</strong></span> <span class='ocrx_word' id='word_1_402' title='bbox 2120 2368 2232 2420; x_wconf 88' lang='lat' dir='ltr'><strong>pro·</strong></span> 
     </span>
     <span class='ocr_line' id='line_1_77' title="bbox 1244 2423 2286 2493; baseline 0 -17"><span class='ocrx_word' id='word_1_403' title='bbox 1244 2425 1447 2486; x_wconf 87' lang='lat' dir='ltr'><strong>cedere,</strong></span> <span class='ocrx_word' id='word_1_404' title='bbox 1480 2425 1596 2493; x_wconf 89' lang='lat' dir='ltr'><strong>quia</strong></span> <span class='ocrx_word' id='word_1_405' title='bbox 1627 2424 1777 2477; x_wconf 86' lang='lat' dir='ltr'><strong>Pater</strong></span> <span class='ocrx_word' id='word_1_406' title='bbox 1803 2431 1855 2477; x_wconf 89' lang='lat' dir='ltr'><strong>et</strong></span> <span class='ocrx_word' id='word_1_407' title='bbox 1885 2423 2045 2477; x_wconf 88' lang='lat' dir='ltr'><strong>Filius</strong></span> <span class='ocrx_word' id='word_1_408' title='bbox 2071 2441 2235 2477; x_wconf 83' lang='lat' dir='ltr'><strong>unuin</strong></span> <span class='ocrx_word' id='word_1_409' title='bbox 2281 2426 2286 2430; x_wconf 76' lang='grc'>’</span> 
     </span>
     <span class='ocr_line' id='line_1_78' title="bbox 1243 2498 2235 2565; baseline 0.002 -16"><span class='ocrx_word' id='word_1_410' title='bbox 1243 2505 1383 2551; x_wconf 91' lang='lat' dir='ltr'><strong>sunt.</strong></span> <span class='ocrx_word' id='word_1_411' title='bbox 1410 2498 1745 2551; x_wconf 89' lang='lat' dir='ltr'><strong>-Successu</strong></span> <span class='ocrx_word' id='word_1_412' title='bbox 1776 2499 2018 2565; x_wconf 89' lang='lat' dir='ltr'><strong>temporis</strong></span> <span class='ocrx_word' id='word_1_413' title='bbox 2041 2499 2235 2552; x_wconf 86' lang='lat' dir='ltr'><strong>factum</strong></span> 
     </span>
     <span class='ocr_line' id='line_1_79' title="bbox 1244 2570 2305 2632; baseline 0 -8"><span class='ocrx_word' id='word_1_414' title='bbox 1244 2578 1341 2632; x_wconf 90' lang='lat' dir='ltr'><strong>est,</strong></span> <span class='ocrx_word' id='word_1_415' title='bbox 1374 2578 1429 2624; x_wconf 91' lang='lat' dir='ltr'><strong>ut</strong></span> <span class='ocrx_word' id='word_1_416' title='bbox 1457 2571 1690 2623; x_wconf 90' lang='lat' dir='ltr'><strong>nonnulli</strong></span> <span class='ocrx_word' id='word_1_417' title='bbox 1720 2587 1785 2623; x_wconf 85' lang='lat' dir='ltr'><strong>ex</strong></span> <span class='ocrx_word' id='word_1_418' title='bbox 1825 2570 2033 2625; x_wconf 86' lang='lat' dir='ltr'><strong>Graecis</strong></span> <span class='ocrx_word' id='word_1_419' title='bbox 2060 2573 2235 2624; x_wconf 81' lang='lat' dir='ltr'><strong>discri-</strong></span> <span class='ocrx_word' id='word_1_420' title='bbox 2290 2573 2305 2584; x_wconf 81' lang='lat'><strong><em>‘</em></strong></span> 
     </span>
     <span class='ocr_line' id='line_1_80' title="bbox 1246 2645 2234 2712; baseline 0.002 -16"><span class='ocrx_word' id='word_1_421' title='bbox 1246 2661 1361 2697; x_wconf 90' lang='lat' dir='ltr'><strong>men</strong></span> <span class='ocrx_word' id='word_1_422' title='bbox 1427 2646 1559 2697; x_wconf 89' lang='lat' dir='ltr'><strong>inter</strong></span> <span class='ocrx_word' id='word_1_423' title='bbox 1624 2645 1998 2712; x_wconf 88' lang='lat' dir='ltr'><strong>processionem</strong></span> <span class='ocrx_word' id='word_1_424' title='bbox 2071 2647 2234 2699; x_wconf 90' lang='lat' dir='ltr'><strong>inter·-</strong></span> 
     </span>
     <span class='ocr_line' id='line_1_81' title="bbox 1245 2720 2238 2772; baseline 0.002 -2"><span class='ocrx_word' id='word_1_425' title='bbox 1245 2735 1365 2770; x_wconf 91' lang='lat' dir='ltr'><strong>nam</strong></span> <span class='ocrx_word' id='word_1_426' title='bbox 1405 2725 1457 2771; x_wconf 86' lang='lat' dir='ltr'><strong>et</strong></span> <span class='ocrx_word' id='word_1_427' title='bbox 1495 2726 1765 2771; x_wconf 84' lang='lat' dir='ltr'><strong>externam</strong></span> <span class='ocrx_word' id='word_1_428' title='bbox 1803 2735 1901 2771; x_wconf 91' lang='lat' dir='ltr'><strong>non</strong></span> <span class='ocrx_word' id='word_1_429' title='bbox 1932 2720 2027 2772; x_wconf 86' lang='lat' dir='ltr'><strong>rite</strong></span> <span class='ocrx_word' id='word_1_430' title='bbox 2055 2720 2238 2772; x_wconf 79' lang='lat' dir='ltr'><strong>adten-</strong></span> 
     </span>
     <span class='ocr_line' id='line_1_82' title="bbox 1245 2793 1731 2860; baseline 0.002 -16"><span class='ocrx_word' id='word_1_431' title='bbox 1245 2793 1423 2844; x_wconf 89' lang='lat' dir='ltr'><strong>dentes</strong></span> <span class='ocrx_word' id='word_1_432' title='bbox 1463 2794 1692 2860; x_wconf 87' lang='lat' dir='ltr'><strong>putarint</strong></span> <span class='ocrx_word' id='word_1_433' title='bbox 1719 2834 1731 2853; x_wconf 93' lang='lat'><strong>,</strong></span> 
     </span>
     <span class='ocr_line' id='line_1_83' title="bbox 1244 2865 2236 2934; baseline 0 -15"><span class='ocrx_word' id='word_1_434' title='bbox 1244 2867 1442 2919; x_wconf 88' lang='lat' dir='ltr'><strong>sionem</strong></span> <span class='ocrx_word' id='word_1_435' title='bbox 1468 2865 1685 2934; x_wconf 87' lang='lat' dir='ltr'><strong>Spiritus</strong></span> <span class='ocrx_word' id='word_1_436' title='bbox 1712 2866 1883 2919; x_wconf 89' lang='lat' dir='ltr'><strong>Sancti</strong></span> <span class='ocrx_word' id='word_1_437' title='bbox 1913 2884 1941 2918; x_wconf 89' lang='lat' dir='ltr'><strong>a</strong></span> <span class='ocrx_word' id='word_1_438' title='bbox 1971 2866 2097 2920; x_wconf 85' lang='lat' dir='ltr'><strong>Filio</strong></span> <span class='ocrx_word' id='word_1_439' title='bbox 2124 2883 2236 2920; x_wconf 87' lang='lat' dir='ltr'><strong>esse</strong></span> 
     </span>
     <span class='ocr_line' id='line_1_84' title="bbox 1248 2940 2234 3006; baseline 0.002 -14"><span class='ocrx_word' id='word_1_440' title='bbox 1248 2940 1567 3006; x_wconf 83' lang='lat' dir='ltr'><strong>negandam,</strong></span> <span class='ocrx_word' id='word_1_441' title='bbox 1611 2948 1666 2992; x_wconf 91' lang='lat' dir='ltr'><strong>ut</strong></span> <span class='ocrx_word' id='word_1_442' title='bbox 1707 2956 1852 2993; x_wconf 89' lang='lat' dir='ltr'><strong>error</strong></span> <span class='ocrx_word' id='word_1_443' title='bbox 1891 2940 2234 2994; x_wconf 88' lang='lat' dir='ltr'><strong>Eunomiano·</strong></span> 
     </span>
    </p>
   </div>
   <div class='ocr_carea' id='block_1_15' title="bbox 1247 3014 2322 3083">
    <p class='ocr_par' dir='ltr' id='par_1_16' title="bbox 1247 3014 2322 3083">
     <span class='ocr_line' id='line_1_85' title="bbox 1247 3014 2322 3083; baseline 0.001 -17"><span class='ocrx_word' id='word_1_444' title='bbox 1247 3030 1360 3066; x_wconf 90' lang='lat' dir='ltr'><strong>rum</strong></span> <span class='ocrx_word' id='word_1_445' title='bbox 1384 3016 1656 3067; x_wconf 88' lang='lat' dir='ltr'><strong>vitaretur.</strong></span> <span class='ocrx_word' id='word_1_446' title='bbox 1689 3014 1762 3067; x_wconf 89' lang='lat' dir='ltr'><strong>lta</strong></span> <span class='ocrx_word' id='word_1_447' title='bbox 1788 3022 2064 3067; x_wconf 86' lang='lat' dir='ltr'><strong>senscrunt</strong></span> <span class='ocrx_word' id='word_1_448' title='bbox 2092 3030 2239 3083; x_wconf 88' lang='lat' dir='ltr'><strong>prae·</strong></span> <span class='ocrx_word' id='word_1_449' title='bbox 2303 3018 2322 3075; x_wconf 73' lang='lat' dir='ltr'>J</span> 
     </span>
    </p>
   </div>
   <div class='ocr_carea' id='block_1_16' title="bbox 1245 3088 2332 3509">
    <p class='ocr_par' dir='ltr' id='par_1_17' title="bbox 1245 3088 2312 3468">
     <span class='ocr_line' id='line_1_86' title="bbox 1245 3088 2291 3156; baseline 0.001 -17"><span class='ocrx_word' id='word_1_450' title='bbox 1245 3090 1392 3155; x_wconf 91' lang='lat' dir='ltr'><strong>cipue</strong></span> <span class='ocrx_word' id='word_1_451' title='bbox 1433 3088 1527 3148; x_wconf 88' lang='lat' dir='ltr'><strong>illi,</strong></span> <span class='ocrx_word' id='word_1_452' title='bbox 1571 3089 1655 3156; x_wconf 90' lang='lat' dir='ltr'><strong>qui</strong></span> <span class='ocrx_word' id='word_1_453' title='bbox 1696 3088 1906 3140; x_wconf 89' lang='lat' dir='ltr'><strong>aliunde</strong></span> <span class='ocrx_word' id='word_1_454' title='bbox 1932 3089 2033 3140; x_wconf 88' lang='lat' dir='ltr'><strong>iam</strong></span> <span class='ocrx_word' id='word_1_455' title='bbox 2061 3089 2239 3141; x_wconf 83' lang='lat' dir='ltr'><strong>haere·</strong></span> <span class='ocrx_word' id='word_1_456' title='bbox 2281 3122 2291 3150; x_wconf 54' lang='grc'><strong>,-</strong></span> 
     </span>
     <span class='ocr_line' id='line_1_87' title="bbox 1247 3161 2239 3222; baseline 0 -9"><span class='ocrx_word' id='word_1_457' title='bbox 1247 3164 1345 3213; x_wconf 88' lang='lat' dir='ltr'><strong>tica</strong></span> <span class='ocrx_word' id='word_1_458' title='bbox 1387 3161 1500 3214; x_wconf 88' lang='lat' dir='ltr'><strong>labe</strong></span> <span class='ocrx_word' id='word_1_459' title='bbox 1543 3162 1714 3213; x_wconf 84' lang='lat' dir='ltr'><strong>infecti</strong></span> <span class='ocrx_word' id='word_1_460' title='bbox 1755 3167 1923 3222; x_wconf 87' lang='lat' dir='ltr'><strong>erant,</strong></span> <span class='ocrx_word' id='word_1_461' title='bbox 1968 3168 2024 3213; x_wconf 88' lang='lat' dir='ltr'><strong>ut</strong></span> <span class='ocrx_word' id='word_1_462' title='bbox 2064 3162 2239 3214; x_wconf 85' lang='lat' dir='ltr'><strong>Mono-</strong></span> 
     </span>
     <span class='ocr_line' id='line_1_88' title="bbox 1247 3234 2019 3295; baseline 0.003 -10"><span class='ocrx_word' id='word_1_463' title='bbox 1247 3234 1476 3295; x_wconf 71' lang='lat' dir='ltr'><strong>melitae,</strong></span> <span class='ocrx_word' id='word_1_464' title='bbox 1529 3234 1834 3288; x_wconf 78' lang='lat' dir='ltr'><strong>Iconomaclti</strong></span> <span class='ocrx_word' id='word_1_465' title='bbox 1893 3242 2019 3294; x_wconf 63' lang='lat' dir='ltr'><strong>etc„</strong></span> 
     </span>
     <span class='ocr_line' id='line_1_89' title="bbox 1247 3299 2306 3378; baseline 0.007 -20.013"><span class='ocrx_word' id='word_1_466' title='bbox 1247 3308 1553 3360; x_wconf 88' lang='lat' dir='ltr'><strong>ambitione</strong></span> <span class='ocrx_word' id='word_1_467' title='bbox 1544 3311 1715 3378; x_wconf 83' lang='lat' dir='ltr'><strong>iniqua</strong></span> <span class='ocrx_word' id='word_1_468' title='bbox 1735 3310 1933 3377; x_wconf 88' lang='lat' dir='ltr'><strong>abrepti</strong></span> <span class='ocrx_word' id='word_1_469' title='bbox 1959 3309 2306 3370; x_wconf 77' lang='lat' dir='ltr'><strong>Ecclesiam</strong></span> <span class='ocrx_word' id='word_1_470' title='bbox 2275 3299 2305 3339; x_wconf 50' lang='lat'><strong>*⁴³</strong></span> 
     </span>
     <span class='ocr_line' id='line_1_90' title="bbox 1250 3334 2332 3509; baseline 0 -75"><span class='ocrx_word' id='word_1_471' title='bbox 1250 3382 1490 3441; x_wconf 85' lang='lat' dir='ltr'><strong>latinam,</strong></span> <span class='ocrx_word' id='word_1_472' title='bbox 1534 3398 1596 3434; x_wconf 89' lang='lat' dir='ltr'><strong>ac</strong></span> <span class='ocrx_word' id='word_1_473' title='bbox 1638 3384 1909 3451; x_wconf 86' lang='lat' dir='ltr'><strong>praecipue</strong></span> <span class='ocrx_word' id='word_1_474' title='bbox 1950 3383 2272 3436; x_wconf 85' lang='lat' dir='ltr'><strong>Romanum</strong></span> <span class='ocrx_word' id='word_1_475' title='bbox 2273 3334 2332 3509; x_wconf 54' lang='grc' dir='ltr'><strong>,ξέ</strong></span> 
     </span>
    </p>
   </div>
   <div class='ocr_carea' id='block_1_17' title="bbox 1294 3481 1782 3526">
    <p class='ocr_par' dir='ltr' id='par_1_18' title="bbox 1294 3481 1782 3526">
     <span class='ocr_line' id='line_1_91' title="bbox 1294 3481 1782 3526; baseline 0.004 -10"><span class='ocrx_word' id='word_1_476' title='bbox 1294 3481 1347 3526; x_wconf 80' lang='lat'><strong>(2)</strong></span> <span class='ocrx_word' id='word_1_477' title='bbox 1371 3482 1477 3516; x_wconf 88' lang='lat' dir='ltr'><strong>Hom.</strong></span> <span class='ocrx_word' id='word_1_478' title='bbox 1502 3481 1556 3524; x_wconf 76' lang='lat'><strong>26,</strong></span> <span class='ocrx_word' id='word_1_479' title='bbox 1583 3483 1620 3517; x_wconf 87' lang='lat' dir='ltr'><strong>in</strong></span> <span class='ocrx_word' id='word_1_480' title='bbox 1644 3483 1782 3525; x_wconf 75' lang='lat' dir='ltr'><strong>Evang.</strong></span> 
     </span>
    </p>
   </div>
   <div class='ocr_carea' id='block_1_18' title="bbox 2243 3487 2332 3860">
    <p class='ocr_par' dir='ltr' id='par_1_19' title="bbox 2243 3487 2332 3860">
     <span class='ocr_line' id='line_1_92' title="bbox 2243 3487 2332 3860; baseline 0 0"><span class='ocrx_word' id='word_1_481' title='bbox 2243 3487 2332 3860; x_wconf 95' lang='lat' dir='ltr'><strong> </strong></span> 
     </span>
    </p>
   </div>
   <div class='ocr_carea' id='block_1_19' title="bbox 1788 2809 2305 2861">
    <p class='ocr_par' dir='ltr' id='par_1_20' title="bbox 1788 2809 2305 2861">
     <span class='ocr_line' id='line_1_93' title="bbox 1788 2809 2305 2861; baseline 0.006 -17"><span class='ocrx_word' id='word_1_482' title='bbox 1788 2809 1992 2845; x_wconf 90' lang='lat' dir='ltr'><strong>omnem</strong></span> <span class='ocrx_word' id='word_1_483' title='bbox 2035 2809 2235 2861; x_wconf 87' lang='lat' dir='ltr'><strong>proces·</strong></span> <span class='ocrx_word' id='word_1_484' title='bbox 2295 2835 2305 2837; x_wconf 87' lang='lat'>-</span> 
     </span>
    </p>
   </div>
   <div class='ocr_carea' id='block_1_20' title="bbox 2064 3234 2242 3303">
    <p class='ocr_par' dir='ltr' id='par_1_21' title="bbox 2064 3233 2332 3303">
     <span class='ocr_line' id='line_1_94' title="bbox 2064 3234 2242 3303; baseline 0 -17"><span class='ocrx_word' id='word_1_485' title='bbox 2064 3242 2116 3286; x_wconf 89' lang='lat' dir='ltr'><strong>et</strong></span> <span class='ocrx_word' id='word_1_486' title='bbox 2154 3234 2242 3303; x_wconf 88' lang='lat' dir='ltr'><strong>qui</strong></span> 
     </span>
    </p>
   </div>
  </div>
 </body>
</html>
