2332 3860
216 237 221 241 “
262 287 268 291 ,
297 251 690 289 raon-osum
724 252 811 287 lv.

68 369 150 414 rm
169 366 309 406 divinae
329 344 513 400 Personae
537 371 648 398 unam
678 361 873 397 essentiam
902 361 1050 404 habent,

353 442 391 474 et
412 442 500 474 sunt
519 445 616 472 unus
639 437 749 472 Deus.

462 576 500 636 §5
532 577 640 623 as.

133 685 185 740 Si
223 684 386 738 tribus
424 683 662 737 Personis
710 680 900 734 divinis
947 696 1050 733 una

61 760 279 814 essentia
307 765 359 811 et
399 765 583 811 natura
623 756 894 817 tribuitur,
938 756 1050 806 uni·

62 841 138 888 tas
165 834 260 886 ista
290 848 389 886 non
421 833 651 902 specifice,
685 830 774 882 sed
802 830 1051 881 numerica

61 907 382 974 intelligitur3
417 922 535 959 nam
564 905 730 958 Patris
770 910 821 956 et
856 902 970 955 Filii
1000 910 1052 956 et

59 981 275 1051 Spiritus
314 980 488 1033 Sancti
518 996 620 1032 una
650 985 728 1030 est
768 977 1049 1046 eademque

64 1070 273 1109 numero
290 1056 530 1121 essentia,
547 1053 832 1106 substantia
849 1067 939 1103 seu
963 1067 1049 1103 na-

63 1137 174 1183 tura
202 1129 392 1181 divina.
424 1128 669 1192 Quamvis
708 1142 830 1194 ergo
870 1127 1049 1178 rectis-

31 1205 185 1256 sime
226 1203 458 1255 dicatur:
504 1202 654 1254 Pater
702 1207 753 1252 et
802 1199 959 1251 Filius
1000 1207 1050 1252 et

7 1295 22 1302 ²
54 1276 274 1346 'Spiritus
288 1275 508 1329 Sanctus
528 1281 649 1328 sunt
671 1282 773 1327 tres
797 1274 1048 1326 Personae

60 1351 282 1412 divinae,
315 1350 609 1402 nullatenus
627 1356 798 1402 tamen
822 1348 918 1399 dici
943 1354 1048 1414 pot-

58 1431 156 1478 est:
188 1424 338 1477 Pater
365 1431 415 1476 et
435 1423 596 1476 Filius
621 1422 907 1491 etSpiritus
925 1421 1048 1474 San-

58 1507 168 1551 ctus
186 1505 305 1550 sunt
323 1505 425 1550 tr'es
442 1499 712 1559 essentiae,
734 1497 1049 1549 substantiae

57 1589 150 1626 seu
205 1579 420 1624 naturae
468 1572 705 1635 divinae3
749 1572 837 1621 sed
880 1570 1051 1622 dicen-

17 1671 24 1683 ·
60 1647 181 1698 dum
203 1653 299 1698 est:
323 1645 470 1698 Pater
491 1653 541 1698 et
569 1645 727 1697 Filius
756 1651 806 1696 et
832 1643 1051 1712 Spiritus

58 1720 278 1773 Sanctus
292 1726 532 1771 suntuna
551 1719 831 1787 eademque
849 1734 1050 1771 numero

61 1795 302 1855 essentia,
334 1794 617 1845 substantia
646 1809 735 1843 seu
765 1799 947 1844 natura
978 1792 1050 1843 di-

61 1869 220 1932 vina,
207 1886 220 1900 ·
263 1875 313 1920 et
347 1867 459 1919 ideo
500 1883 601 1919 non
641 1872 763 1918 sunt
803 1872 907 1917 tres
947 1865 1045 1926 Dii,

60 1943 150 1996 sed
179 1957 312 1994 unus
339 1940 495 1993 Deus,
531 1937 808 2008 Propositio
837 1940 933 1992 ista
966 1956 1051 1992 no·

62 2017 141 2070 vis
167 2016 487 2082 argumentis
510 2031 608 2067 non
635 2014 905 2080 indigeret,
931 2016 1048 2083 quia

61 2091 165 2144 iam
190 2089 227 2160 S
265 2090 333 2142 79
361 2091 532 2141 unitas
570 2089 662 2141 Dei
703 2094 812 2139 tum
854 2104 918 2139 ex
954 2088 1047 2140 Re·

63 2164 338 2225 velatione,
375 2171 484 2216 tum
512 2179 576 2215 ex
604 2163 801 2214 ratione
839 2162 1048 2230 probata

64 2238 178 2299 fuit,
210 2238 278 2289 ita
306 2244 364 2289 ut
397 2238 570 2289 statim
595 2252 813 2305 sequens
841 2237 1050 2288 conclu-

61 2312 136 2364 sio
161 2311 270 2363 fieri
301 2319 486 2380 posset:
512 2311 718 2365 Certum
749 2317 826 2362 est
852 2326 918 2362 ex
958 2310 1051 2363 Re·

63 2385 354 2446 velatione,
399 2392 503 2438 tres
541 2401 652 2437 esse
695 2400 937 2452 personas
976 2385 1048 2437 di-

65 2459 230 2524 vinas3
274 2458 361 2511 sed
399 2466 599 2511 certum
640 2460 829 2526 pariter
869 2465 946 2511 est
986 2476 1048 2511 ex

64 2531 393 2586 Revelatione
420 2540 472 2586 et
510 2534 728 2593 ratione,
761 2533 963 2585 nonnisi
991 2549 1048 2585 u-

65 2622 187 2659 num
213 2623 323 2659 esse
350 2607 536 2660 Deum:
580 2623 701 2674 ergo
741 2606 878 2659 Deus
916 2623 1048 2660 unus

63 2680 114 2733 in
143 2683 385 2740 essentia,
416 2689 494 2733 est
533 2682 698 2733 trinus
719 2682 769 2732 in
795 2683 1042 2749 personis

63 2753 316 2807 Convenit
352 2760 545 2814 tamen,
588 2762 644 2807 ut
682 2754 766 2806 hic
805 2756 1047 2822 specialia

61 2828 313 2896 quaedam
352 2834 655 2894 argumenta
708 2844 768 2880 ea:
806 2828 859 2880 S.
912 2828 1044 2882 Scri-

56 2910 207 2972 ptura
258 2908 310 2954 et
352 2901 628 2954 Traditione
668 2903 822 2968 petita
874 2918 1050 2971 propo-

64 2983 273 3036 nantur,
303 2991 435 3044 quae
462 2975 632 3028 habito
672 2975 735 3027 ad
778 2982 881 3027 tres
921 2977 1050 3029 divi-

62 3064 155 3102 nas
194 3065 434 3118 personas
479 3054 748 3117 respectu,
799 3050 1047 3104 unitatem

65 3121 154 3175 Dei
176 3125 440 3185 evincunt,
459 3125 566 3175 sive
583 3123 878 3185 ostendunt,
904 3125 1046 3178 iuxta

67 3195 412 3250 Revelationis
434 3197 718 3249 doctrinam
749 3214 906 3250 unum
936 3215 1046 3252 esse

67 3268 248 3332 Deum,
278 3272 511 3340 quamvis
535 3279 637 3323 tres
663 3272 766 3324 sint
799 3288 1046 3341 personae
1110 3273 1269 3324 divisa
1305 3279 1403 3333 est,
1446 3279 1498 3324 et
1525 3273 1667 3324 unita
1708 3273 1757 3325 in
1787 3289 1875 3325 se.
1907 3314 1918 3325 .
1950 3314 1961 3326 .

68 3341 269 3397 divinae
291 3346 498 3399 realiter
523 3345 813 3400 distinctae.

110 3471 165 3565 ὃς
187 3474 238 3509 10.
260 3473 316 3515 10,
337 3473 392 3510 3⁰.

720 3476 769 3522 (2)
795 3479 847 3512 ιο.
874 3477 928 3518 u,
954 3477 1009 3513 ιο.

184 3519 236 3554 10.
261 3517 319 3562 14,
342 3519 397 3557 16.

726 3521 779 3566 (ι)
801 3523 855 3556 10.
878 3522 937 3564 15,
961 3522 1016 3558 26.

617 126 622 130 ⁴
691 156 808 196 mas
842 156 880 196 r.
922 155 1089 195 suci-10
1127 156 1182 195 n.
1227 154 1380 193 CAPUT
1416 154 1473 193 ii.

1926 141 2020 196 {81

1189 235 1240 288 i.
1283 233 1335 288 S.
1387 233 1650 301 Scriptura
1707 233 1946 304 baptismi·
2010 246 2105 292 tor·

1115 325 1251 362 mam
1281 308 1603 377 praescribit,
1633 307 1685 360 in
1726 325 1827 378 qua
1854 326 1955 362 non
1985 311 2108 365 dici-

1114 390 1217 435 tur:
1262 384 1312 435 in
1357 381 1672 442 nominibus,
1703 383 1792 435 sed
1822 383 1876 435 in
1913 386 2107 439 nomine

1112 456 1288 509 Patris
1325 462 1368 508 et
1406 455 1530 508 Filii
1568 464 1611 508 et
1648 455 1867 525 Spiritus
1915 457 2103 521 Sancti,

1116 537 1171 582 ut
1201 546 1302 583 una
1328 529 1486 582 trium
1518 546 1856 597 personarum
1885 534 2108 585 essentia

1113 605 1432 674 designetur.
1490 603 1684 656 Eadem
1737 606 1932 658 veritas
1971 605 2110 659 clare

1114 678 1476 746 pronuntiatur
1502 678 1553 730 in
1583 678 1774 731 celebri
1803 679 1938 731 dicto
1978 679 1999 732 1
2040 679 2109 734 10.

1116 753 1168 813 5,
1212 753 1244 804 7
1265 770 1278 804 t
1326 751 1441 803 Tres
1481 760 1595 804 sunt
1641 754 1730 822 qui
1780 755 2112 807 testimonium

1113 827 1232 878 dant
1253 826 1307 877 in
1327 825 1480 878 coelo:
1496 826 1661 887 Pater,
1692 827 1918 890 Verbum,
1939 836 1983 880 et
2003 827 2112 898 Spi-

1113 900 1241 952 ritus
1268 899 1493 962 SanctuS,
1525 908 1569 952 et
1604 900 1655 953 hi
1677 909 1773 954 tres
1792 919 1951 954 unum
1971 911 2105 957 sunt.

1117 973 1281 1027 Unam
1323 990 1435 1027 esse
1474 974 1642 1027 Patris
1682 983 1733 1028 et
1773 975 1887 1029 Filii
1935 993 2109 1029 essen-

1112 1049 1235 1100 tiam
1267 1055 1406 1117 patet
1445 1065 1512 1101 ex
1547 1050 1717 1102 verbis
1751 1048 1960 1103 Christi:
2005 1051 2109 1117 qu

1111 1130 1154 1173 et
1192 1122 1348 1175 Pater
1386 1139 1542 1175 unum
1581 1140 1751 1176 stemus
1792 1121 1868 1195 (t)
1882 1143 1896 1189 3
1941 1125 1983 1177 si
2028 1125 2108 1177 Fi-

1113 1196 1248 1255 lius,
1289 1197 1373 1265 qui
1412 1201 1471 1250 ut
1510 1213 1727 1265 persona
1769 1199 2038 1252 manifeste
2077 1216 2108 1252 a

1114 1270 1261 1322 Patre
1309 1272 1672 1338 distinguitur,
1720 1278 1893 1325 tamen
1950 1289 2107 1325 unum

1111 1359 1228 1396 cum
1259 1345 1408 1397 Patre
1430 1345 1636 1408 dicitur,
1669 1346 1716 1398 id
1736 1348 1900 1399 solum
1917 1347 1978 1399 de
2003 1364 2106 1401 una

1112 1419 1392 1488 eademque
1422 1436 1636 1472 numero
1665 1422 1888 1474 essentia
1918 1421 2107 1474 intelli-

1111 1500 1293 1559 gatur,
1340 1509 1550 1547 necesse
1591 1501 1687 1547 est.
1733 1494 1872 1547 ldem
1920 1496 2106 1548 confir-

1112 1574 1254 1618 mant
1280 1569 1435 1620 verba
1465 1567 1673 1620 Christi:
1708 1569 1808 1638 qu
1830 1572 1884 1622 in
1922 1569 2101 1632 Patre,

1112 1649 1153 1691 ec
1192 1640 1349 1693 Pater
1391 1643 1441 1693 in
1463 1658 1536 1693 me
1558 1651 1624 1693 est
1654 1640 1753 1712 (2);
1784 1660 1914 1712 quae
1948 1645 2109 1698 verba

1113 1717 1319 1767 omnino
1367 1716 1492 1767 falsa
1540 1723 1746 1779 essent,
1799 1719 1840 1769 si
1881 1719 2106 1771 essentia

1114 1789 1226 1840 Filii
1256 1805 1469 1841 numero
1509 1790 1714 1842 diversa
1756 1799 1891 1844 esset
1918 1793 1982 1844 ab
2023 1809 2103 1845 es-

1112 1864 1277 1914 sentia
1319 1863 1501 1915 PatriS.
1533 1893 1608 1902 —
1645 1864 1814 1916 Etiam
1854 1865 2104 1933 Spiritum

1111 1936 1358 1989 Sanctum
1380 1952 1534 1991 unam
1554 1938 1871 2007 eandemque
1892 1956 2106 1994 numero

1112 2012 1387 2064 essentiam
1417 2012 1606 2065 habere
1627 2028 1746 2064 cum
1768 2012 1919 2066 Patre
1941 2021 1991 2067 et
2025 2014 2106 2067 Fi·

1115 2086 1198 2144 lio,
1233 2093 1373 2154 patet
1400 2102 1466 2138 ex
1493 2102 1574 2147 ec,
1619 2088 1738 2155 quia
1768 2088 1955 2140 dicitur
1994 2089 2108 2142 dari

1111 2176 1140 2211 a
1165 2159 1320 2212 Patre
1350 2157 1447 2229 (5),
1476 2162 1730 2228 procedere
1758 2177 1787 2212 α
1827 2162 1972 2214 Patre
2002 2162 2101 2231 (li),

1110 2236 1240 2286 mitti
1279 2251 1308 2285 a
1336 2234 1465 2287 Filio
1509 2233 1613 2305 (ὅ),
1656 2235 1870 2303 accipere
1908 2252 1938 2288 a
1977 2236 2108 2289 Filio

1113 2306 1210 2378 (6),
1256 2313 1359 2360 imo
1412 2309 1568 2360 etiam
1621 2316 1837 2361 vocatur
1887 2310 2108 2379 Spiritus

1109 2381 1287 2434 Patris
1317 2381 1414 2451 (7),
1445 2381 1660 2450 Spiritus
1687 2382 1812 2434 Filii
1840 2383 1934 2454 (8).
1968 2384 2108 2437 Haec

1110 2457 1281 2508 omnia
1316 2456 1443 2508 falsa
1471 2464 1522 2508 et
1561 2457 1784 2508 absurda
1825 2465 2019 2519 essent,
2065 2461 2105 2511 si

1111 2531 1331 2583 essentia
1362 2530 1533 2583 divina
1561 2530 1782 2598 Spiritus
1808 2530 1982 2584 Sancti
2014 2548 2106 2584 nu-

1110 2621 1251 2657 mero
1280 2605 1505 2665 diversa,
1538 2611 1587 2656 et
1617 2605 1729 2657 ideo
1753 2605 2106 2674 independens

1110 2686 1245 2732 esset
1284 2695 1311 2730 a
1344 2678 1492 2731 Patre
1521 2685 1572 2731 et
1599 2677 1748 2731 Filio,

1185 2754 1237 2806 2.
1276 2752 1353 2805 Ss,
1398 2751 1600 2814 PatreS,
1643 2753 1730 2822 qui
1769 2752 1886 2805 fidei
1927 2752 2104 2808 Nicae-

1113 2843 1207 2880 nae
1247 2827 1627 2888 adhaeserunt,
1672 2828 1807 2879 sicut
1849 2834 1951 2881 tres
1991 2845 2104 2897 per·

1109 2918 1261 2955 sonas
1288 2902 1510 2962 divinaS,
1555 2901 1623 2952 ita
1652 2908 1702 2953 et
1738 2902 2018 2955 earundem
2052 2919 2104 2955 u-

1112 2992 1228 3028 nam
1253 2978 1515 3028 numerice
1538 2976 1835 3036 essentiam,
1867 2982 1918 3029 et
1943 2993 2103 3030 unum

1111 3051 1272 3102 Deum
1320 3050 1647 3102 crediderunt
1695 3057 1747 3102 et
1791 3051 2098 3104 docuerunt.

1107 3124 1158 3178 S.
1179 3123 1477 3176 Athanasius
1505 3123 1664 3191 Epist.
1692 3124 1755 3176 ad
1775 3123 1955 3193 Serap.
1982 3127 2101 3178 scri-

1112 3200 1200 3251 bit:
1237 3218 1262 3246 «
1294 3198 1480 3251 Sancta
1512 3204 1562 3249 et
1601 3198 1748 3251 beata
1776 3198 1998 3252 Trinitas
2030 3201 2101 3252 in-

1999 3290 2099 3325 una

1110 3354 1187 3399 est
1245 3346 1420 3399 Deitas
1470 3353 1521 3400 et
1574 3362 1708 3400 unus
1767 3347 1943 3408 DeuS,
2012 3347 2097 3415 qui

1153 3477 1204 3520 (5)
1227 3478 1280 3512 lb·
1786 3477 2075 3523 (e)10.16‚15.

1153 3521 1517 3572 (7)Matm.1q,2o.
1785 3522 1835 3566 (ε)
1861 3522 1935 3556 cai.
1960 3502 1994 3563 4'
2020 3521 2054 3556 a.
2091 3538 2100 3547 ·
