2332 3860
744 112 969 152 uns-ui.
1011 111 1176 151 suerio
1213 111 1268 150 n.
1311 110 1464 149 aarum·
1501 110 1572 148 in.
1954 84 2091 147 ‘575

149 216 364 256 vescens
401 199 453 253 in
494 194 744 257 edulium,
797 209 854 246 se
909 193 1133 247 moriens
1193 191 1452 246 Christum
1515 206 1616 245 non
1658 183 1835 245 eodem
1876 190 2024 246 modo
2074 207 2186 247 esse

149 276 197 330 in
240 276 479 345 pretium,
546 287 600 326 se
644 284 879 337 regnans
938 268 1025 321 dat
1081 269 1132 320 in
1196 266 1424 319 omnium
1462 264 1728 319 hominum
1769 272 1942 335 caput,
1985 274 2038 321 et
2074 269 2183 323 ait:

149 349 428 420 praemium
453 389 465 410 ,
504 366 532 396 »
573 351 725 412 atque
766 343 834 395 ita
874 342 984 394 Rex
1041 342 1135 394 iste
1200 339 1487 393 «Christus
1526 346 1604 393 est
1641 347 1796 410 eaput
1832 342 2061 396 omnium
2100 343 2189 396 ho·

149 418 761 492 benignissimus-fideles
800 432 979 469 servos
1016 431 1136 468 suos
1199 417 1433 483 minum,
1475 413 1587 465 sed·
1621 415 1904 468 secundum
1963 417 2189 472 diversos

150 513 248 552 non
290 497 457 550 solum
513 508 604 563 per
660 492 844 545 breves
908 490 1136 543 mortalis
1198 489 1407 558 gradus,
1452 487 1620 540 Primo
1658 490 1795 541 enim
1852 497 1904 543 et
1943 491 2192 561 principa-

1202 566 1318 616 liter
1357 569 1435 615 est
1472 569 1628 631 caput
1667 578 1845 615 eorum
1870 605 1883 626 ,
1939 566 2023 634 qui
2071 573 2190 619 actu

1202 639 1453 691 uniuntur
1503 637 1599 689 sibi
1658 652 1749 706 per
1811 637 2046 705 gloriam.
2109 639 2194 694 Se·

1203 713 1359 765 cundo
1408 726 1583 764 eorum
1612 752 1624 773 ‚
1686 711 1770 780 qui
1825 720 1942 764 actu
1995 715 2087 767 sibi
2134 731 2192 767 u-

1205 788 1415 839 niuntur
1442 801 1530 855 per
1566 785 1888 839 charitatem.
1925 787 2086 841 Tertio
2113 805 2194 842 eo·

1205 877 1340 920 rum,
1402 861 1485 930 qui
1527 868 1642 913 actu
1688 862 1936 914 uniuntur
1971 863 2063 915 sibi
2106 879 2195 932 per

1206 936 1379 988 fidem.
1432 934 1615 999 Quarto
1679 951 1802 988 vero
1866 951 2063 999 eorum,
2108 938 2194 1006 qui

1207 1011 1300 1062 sibi
1357 1011 1608 1062 uniuntur
1674 1009 1839 1062 solum
1904 1011 1955 1063 in
2020 1018 2198 1080 poten·

1208 1086 1278 1137 tia
1319 1085 1546 1137 nondum
1604 1084 1813 1137 reducta
1872 1085 1934 1138 ad
1985 1093 2194 1152 actum3

1209 1175 1339 1229 quae
1381 1167 1553 1211 tamen
1592 1159 1655 1211 ad
1696 1166 1869 1211 actum
1910 1165 1988 1212 est
2052 1161 2202 1213 redu-

1211 1233 1373 1286 cenda
1413 1233 1696 1285 secundum
1738 1234 1963 1287 divinam
1991 1235 2202 1304 praede·

1211 1310 1559 1360 stinationem.
1607 1307 1784 1371 Quinto
1836 1324 1959 1361 vero
1998 1325 2199 1372 eorum,

1212 1383 1295 1453 qui
1357 1383 1405 1434 in
1473 1383 1698 1451 potentia
1757 1389 1877 1434 sunt
1914 1384 2007 1437 sibi
2048 1385 2199 1446 uniti,

1213 1473 1344 1527 quae
1383 1472 1649 1525 nunquam
1702 1457 1978 1510 reducetur
2034 1459 2099 1512 ad
2147 1474 2206 1512 a-

1214 1540 1375 1593 ctum,
1419 1532 1567 1584 sicuti
1591 1531 1823 1584 homines
1851 1532 1901 1583 in
1931 1532 2027 1585 hoc
2054 1548 2205 1586 mun·

1217 1608 1278 1658 do
1318 1608 1571 1666 viventeS‚
1616 1606 1702 1675 qui
1743 1622 1841 1658 non
1885 1614 2006 1660 sunt
2063 1623 2208 1677 prae-

1218 1682 1475 1747 destinati,
1510 1681 1592 1748 qui
1636 1688 1806 1732 tamen
1849 1697 1913 1733 ex
1955 1680 2050 1734 hoc
2101 1698 2209 1734 sae-

1218 1755 1333 1808 culo
1375 1755 1670 1807 ree-edentes
1711 1754 1936 1807 totaliter
1970 1757 2211 1810 desinunt

1219 1846 1331 1883 esse
1371 1830 1600 1882 membra
1658 1827 1863 1892 Christi,
1933 1831 2049 1900 quia
2109 1832 2209 1883 iam

1220 1891 1324 1957 nec*
1354 1911 1474 1956 sunt
1513 1905 1561 1956 in
1605 1905 1851 1972 potentia,
1902 1911 1960 1956 ut
2011 1904 2211 1958 Christo

1220 1980 1484 2032 uniantur.
1528 1998 1554 2027 »
1585 2008 1657 2017 -
1684 1977 1790 2030 lmo
1829 1976 2061 2031 Christus
2111 1996 2213 2032 non

1221 2054 1386 2106 solum
1429 2054 1693 2106 hominum
1720 2094 1731 2114 ‚
1776 2052 1863 2105 sed
1917 2054 2070 2106 etiam
2110 2054 2215 2107 An-

1222 2129 1451 2196 gelorum
1503 2128 1750 2179 bonorum
1792 2134 1945 2197 caput
2003 2135 2098 2181 est.
2161 2128 2215 2180 ld

1226 2209 1442 2256 testatur
1468 2202 1521 2255 S.
1554 2202 1838 2268 Scriptura:
1881 2218 1999 2254 nam
2034 2202 2096 2254 ad
2126 2201 2218 2255 Co-

1225 2279 1344 2329 loss,
1391 2279 1613 2344 legitur:
1669 2276 1765 2340 Qui
1825 2274 2098 2347 (Christus)
2150 2284 2218 2330 est

1225 2360 1369 2417 caput
1410 2352 1569 2403 omnis
1598 2351 1907 2419 principatus
1949 2359 1992 2403 et
2011 2358 2218 2420 potesta-

1229 2434 1291 2478 tts
1321 2425 1418 2495 (5);
1451 2433 1500 2477 et
1534 2424 1553 2477 1
1586 2425 1719 2477 Petri
1760 2424 1847 2486 ΙΙΙ,
1880 2424 1948 2476 5⁶2
1988 2424 2220 2478 Christus

1228 2500 1444 2552 dicitur:
1487 2500 1729 2568 profectus
1772 2501 1823 2550 in
1875 2499 2074 2560 coelam,
2111 2499 2222 2552 sub-

1234 2577 1363 2626 iectis
1398 2574 1490 2627 sibi
1515 2572 1711 2643 Aayelis
1749 2581 1791 2625 et
1822 2573 2134 2643 potestatibus
2177 2582 2223 2627 et

1233 2649 1512 2701 virtutibuS.
2115 2664 2121 2671 ⁴·

1307 2724 1359 2775 5.
1407 2723 1641 2790 Regnum
1669 2720 1852 2773 Christi
1882 2722 2035 2774 etiam
2057 2720 2225 2792 quoad

1236 2798 1543 2850 durationem
1584 2797 1753 2848 omnia
1796 2812 1954 2863 regna
2018 2803 2226 2850 terrena

1240 2873 1389 2939 longe
1429 2871 1710 2923 antecellit.
1756 2870 1892 2922 Haec
1933 2871 2069 2924 enim
2133 2872 2229 2923 ali-

1238 2947 1441 3015 quando
1463 2946 1613 2998 finem
1638 2944 1919 3004 habebunt,
1945 2946 2045 2997 imo
2066 2962 2229 3014 quan·

1240 3024 1404 3090 doque
1444 3021 1508 3072 ab
1548 3020 1661 3071 aliis
1701 3018 1954 3071 debellata
1995 3020 2094 3072 cito
2115 3035 2232 3071 eva-

1243 3101 1478 3148 nescunt.
1533 3092 1717 3146 Christi
1782 3100 1955 3145 autem
2013 3108 2230 3162 regnum

151 573 286 625 vitae
325 571 451 630 dies,
493 567 581 622 sed
623 568 673 619 in
714 572 982 620 aeternum
1033 564 1139 617 feli-

151 662 234 699 ces
274 645 455 699 reddit.

221 721 275 779 2.
323 720 554 786 Regnum
594 714 778 768 Christi
822 712 1141 782 amplitudine

153 793 427 853 excellere,
464 791 631 844 omnia
664 789 816 841 huius
845 787 1020 840 mundi
1067 801 1144 839 re-

155 885 251 937 gna
302 867 474 919 divina
519 864 718 933 eloquia
767 868 1037 914 testantur.
1070 891 1143 899 —

155 943 235 995 ps,
268 940 332 1003 ll,
380 941 432 1001 8,
464 939 601 991 Deus
629 937 691 989 ad
719 936 955 989 Messiam
991 934 1138 986 dicit:

157 1016 349 1069 Postula
367 1031 396 1068 a
416 1029 510 1075 me,
541 1020 586 1065 et
606 1011 724 1064 dabo
747 1011 835 1062 tibi
854 1018 1010 1077 pentes
1039 1009 1146 1060 hae-

158 1091 403 1144 reditatem
429 1098 577 1152 tuam,
590 1094 633 1139 et
645 1085 989 1155 possessiouem
1014 1091 1145 1135 tuam

161 1165 386 1218 terminos
402 1172 575 1215 terrae.
593 1189 635 1202 --
652 1161 731 1212 Ps.
752 1157 930 1218 LXX1‚
950 1157 1002 1216 8,
1023 1163 1145 1224 etc.,

162 1239 385 1308 potentia
449 1236 683 1293 Messiae,
752 1239 803 1285 et
867 1231 1147 1299 amplitudo

163 1313 303 1382 regni
345 1312 453 1364 eius
501 1308 743 1377 graphice
807 1306 1144 1375 exprimitur:

168 1385 513 1442 Dominabitur
538 1401 565 1436 a
588 1382 718 1434 mari
738 1397 889 1450 usque
910 1381 971 1433 ad
992 1395 1144 1439 mare,

166 1470 211 1515 et
264 1477 294 1513 a
345 1460 546 1530 flumine
603 1472 752 1525 usque
797 1456 859 1508 ad
924 1456 1149 1506 terminos

166 1535 294 1588 orbis
341 1542 657 1586 terrarum...
708 1529 980 1583 adorabunt
1040 1544 1151 1580 eum

164 1625 328 1661 omues
371 1624 503 1677 reyes
558 1614 734 1666 terrae,
791 1620 951 1656 omnes
996 1610 1153 1671 qentes

168 1684 364 1736 servient
402 1685 445 1735 ei
476 1678 572 1751 (l).
605 1679 897 1747 Amplitudo
926 1677 1151 1730 eiusdem

165 1758 305 1826 regni
347 1756 535 1809 clarius
574 1754 919 1822 cognoscitur,
982 1752 1021 1802 si
1083 1758 1156 1802 at-

166 1832 425 1892 tendatur,
469 1829 725 1882 Christum
780 1834 835 1879 ut
895 1826 1154 1878 hominem

167 1922 276 1959 esse
316 1911 470 1972 caput
509 1904 736 1956 omnium
779 1901 1043 1954 hominum
1104 1900 1153 1951 in

167 1996 296 2035 terra
362 1979 678 2039 viventium,
747 1977 796 2028 in
865 1975 1156 2043 purgatorio

170 2056 514 2114 detentorum,
558 2058 611 2104 et
663 2053 712 2103 in
774 2050 914 2102 coelo
979 2050 1158 2101 trium·

171 2128 455 2199 phantium.
488 2157 557 2166 —
586 2125 724 2178 Haec
766 2124 995 2176 doctrina
1061 2129 1162 2174 tra-

173 2204 305 2256 ditur
343 2202 495 2254 etiam
537 2216 562 2252 a
604 2199 657 2252 S.
706 2199 904 2258 leoma,
951 2197 1034 2266 qui
1084 2194 1159 2267 (Q)

175 2278 365 2349 probat,
409 2274 668 2328 Christum
716 2289 829 2326 esse
893 2279 1046 2340 caput
1112 2287 1163 2323 o-

175 2353 363 2406 mnium
425 2350 688 2401 hominum
751 2363 814 2398 ex
880 2362 978 2407 eo,
1044 2346 1160 2414 quia

178 2427 391 2478 dicitur:
452 2422 676 2475 Salvator
725 2421 943 2472 omnium
1006 2418 1165 2471 homi-

180 2516 335 2561 num,
391 2498 605 2550 maaeiuze
654 2495 867 2560 fidelium
909 2492 1023 2563 (3),·
1074 2500 1162 2544 etz

181 2574 281 2644 Ipse
345 2580 413 2624 est
471 2569 754 2640 propitiatio
817 2584 909 2637 pro
964 2566 1168 2635 peccatis

182 2647 396 2711 nostri33
458 2662 556 2697 non
609 2660 704 2712 pro
765 2644 946 2694 nostris
1011 2650 1170 2692 autem

186 2731 415 2780 tautum,
471 2719 550 2771 sed
594 2725 637 2770 et
676 2733 769 2787 pro
815 2720 958 2769 totius
997 2715 1172 2767 mundi

186 2794 282 2866 (lt).
328 2794 404 2847 Ex
454 2792 635 2861 quibus
675 2791 846 2843 verbis
885 2791 952 2842 ita
986 2790 1173 2842 Doctor

186 2869 447 2938 angelicus
503 2866 686 2918 infert:
741 2884 767 2913 (ι
818 2864 1028 2916 Salvare
1089 2880 1175 2916 au-

186 2953 285 2996 tem
343 2942 610 2998 homines,
663 2945 715 2991 et
767 2938 1173 3007 propitiationem

187 3006 295 3070 e'sse
355 3031 458 3084 pro
496 3015 717 3081 peccatis
781 3029 956 3064 eorum
984 3053 996 3073 ‚
1040 3027 1176 3063 com-

187 3092 309 3161 petit
348 3089 547 3142 Christo
587 3087 867 3139 secundum
923 3085 1054 3155 quod
1102 3092 1179 3138 est

189 3170 377 3234 caput3
439 3178 560 3228 ergo
612 3160 845 3213 Christus
901 3167 978 3213 est
1028 3167 1180 3228 caput

190 3240 419 3291 omnium
461 3235 746 3288 hominum.
781 3254 807 3283 n
840 3234 1017 3287 Postea
1059 3250 1181 3286 vero

194 3328 285 3382 per
327 3312 493 3365 varias
540 3309 891 3362 distinctiones
930 3308 1179 3370 declarat,

1245 3176 1548 3239 perpetuum
1589 3174 1666 3220 est
1705 3173 1755 3218 et
1793 3173 2080 3220 aeternum.
2137 3167 2231 3219 Ec-

1244 3245 1451 3296 clesiam
1491 3243 1629 3295 enim
1669 3242 2062 3295 indefectibilem
2102 3256 2232 3308 esse,

1245 3327 1295 3372 et
1335 3333 1495 3387 usque
1535 3317 1585 3370 in
1627 3317 1780 3370 finem
1823 3318 1997 3369 mundi
2055 3316 2234 3368 immo·

255 3441 290 3483 1)
313 3442 380 3478 Th.
407 3451 488 3486 gen.
516 3440 540 3488 S
565 3440 629 3477 286
652 3446 688 3476 et
710 3439 787 3482 290,
812 3449 848 3475 n·
873 3439 905 3476 3.

252 3486 291 3532 2)
316 3488 348 3530 3,
372 3496 406 3530 q.
418 3486 453 3531 8,
477 3493 545 3523 art.
568 3487 600 3521 3.
1292 3450 1349 3522 (3(
1364 3450 1457 3485 Tim.
1484 3449 1516 3493 4,
1542 3449 1598 3484 10.
1842 3449 1894 3493 (4)
1918 3449 1933 3482 1
1956 3448 2052 3482 Ioan.
2087 3445 2122 3488 2,
2146 3445 2177 3482 2.

1306 3493 1330 3515 ¹²
1369 3495 1502 3531 Coloss.
1527 3494 1563 3537 2,
1586 3493 1639 3530 10.
