2332 3860
355 79 463 134 56&

282 174 511 249 Denique
548 174 781 234 Christus
809 196 899 250 per
925 182 1096 235 omnia
1123 181 1267 238 nohis

281 253 460 307 similis
486 253 652 307 factus
671 255 862 325 absque
889 263 1118 325 peccato,
1143 271 1266 311 con-

281 328 645 398 cupiscentiam
685 336 856 382 tamen
917 346 1016 383 non
1069 345 1268 384 assum-

281 403 380 456 sit:
448 403 576 457 haec
613 417 735 473 ergo
775 419 956 457 verum
997 412 1266 474 peccatum

282 485 377 531 est.

353 551 493 622 Resp.
536 551 778 607 Rationes
816 551 1002 606 allatae
1064 559 1269 607 senten-

279 626 407 681 tiam
473 627 769 679 nullatenus
832 628 1068 696 probant.
1137 628 1266 680 Nam

277 700 400 770 Sap.
444 700 486 764 l,
532 701 633 754 13:
678 701 812 753 Deus
850 709 1053 756 mortem
1078 718 1179 755 non
1197 703 1267 771 fe-

279 775 387 838 cit,·
427 782 479 828 et
517 782 689 828 tamen
732 792 869 829 mors
909 793 1009 828 non
1050 784 1127 830 est
1155 793 1266 844 pec-

278 857 474 911 catum,
516 849 603 901 sed
640 865 802 918 poena
854 852 1066 919 peccati.
1124 851 1266 903 idem

278 923 553 977 dicendum
575 923 637 975 de
664 926 1073 994 concupiscentia
1098 943 1114 991 3
1142 926 1267 978 baec

277 999 415 1051 enim
460 999 691 1052 consistit
754 999 804 1051 in
867 999 1067 1052 defectu
1129 1000 1267 1052 illius

278 1074 490 1136 ordinis,
533 1074 616 1142 qui
658 1074 790 1125 inter
829 1081 1026 1143 partem
1068 1074 1267 1126 inferio-

277 1163 385 1203 rem
425 1155 476 1200 et
514 1148 826 1216 superiorem
894 1156 1108 1201 naturae
1174 1149 1265 1200 bu-

276 1237 459 1275 manae
498 1222 676 1274 adesse
716 1223 956 1287 deberet3
1002 1223 1152 1275 liuius
1180 1223 1265 1274 de-

276 1295 440 1350 fectus
461 1312 614 1349 causa
640 1303 715 1349 est
738 1304 1026 1366 peccatum,
1053 1305 1102 1350 et
1131 1297 1264 1349 Deus

277 1370 374 1423 dici
415 1377 580 1440 potest
619 1387 774 1424 causa
814 1373 957 1441 quasi
998 1374 1260 1438 negativa,

278 1446 604 1514 quatenusin
634 1446 879 1500 ultionem
922 1447 1114 1514 peccati
1155 1446 1266 1497 abs-

275 1519 394 1573 tulit
430 1521 676 1574 iustitiam
715 1520 1014 1586 originalem
1063 1527 1114 1573 et
1157 1535 1266 1587 spe-

275 1595 405 1647 ciale
443 1596 638 1663 gratiae
679 1595 945 1656 auxilium,
1007 1596 1052 1646 vi
1119 1596 1264 1646 cuius

276 1685 394 1722 caro
434 1670 656 1739 perfecte
695 1670 1009 1722 subdebatur
1049 1669 1168 1721 Deo.
1192 1699 1265 1708 —

274 1744 418 1797 Deus
458 1744 562 1796 odit
601 1746 1070 1812 concupiscentiam
1110 1761 1168 1795 eo
1216 1761 1265 1795 o-

276 1819 378 1881 dio,
421 1835 520 1888 quo
560 1819 663 1871 odit
704 1820 865 1870 malos
899 1818 1109 1871 effectus
1153 1834 1265 1886 pec-

276 1894 398 1955 cati,
443 1900 585 1961 puta,
629 1893 832 1945 babitus
872 1893 1097 1953 vitiosoS‚
1141 1908 1263 1960 qua·

277 1974 428 2020 tenus
470 1967 581 2019 vult
621 1983 706 2020 cos
747 1983 961 2029 sanare,
1030 1968 1261 2018 minuere

276 2048 328 2095 et
367 2042 659 2103 destruere,
722 2057 823 2094 non
887 2050 1061 2093 autem
1125 2041 1257 2103 odic,

275 2116 410 2186 quod
450 2116 702 2169 redundet
742 2117 790 2168 in
835 2132 1102 2184 personam
1144 2131 1262 2167 con·

275 2192 644 2260 cupiscentem‚
687 2190 727 2243 si
770 2191 813 2242 ei
856 2207 954 2242 non
978 2191 1264 2243 consentiat

275 2263 371 2337 (1).
427 2294 497 2304 -
549 2256 778 2333 Denique
836 2263 1068 2317 Chiistus
1131 2266 1262 2316 sicut

275 2340 765 2406 concupiscentiam,
811 2339 876 2390 ita
912 2345 962 2390 et
1025 2341 1263 2405 ignoran-

274 2415 399 2466 tiam
437 2430 536 2466 non
577 2414 841 2475 assumsit,
885 2429 1118 2483 quamvis
1141 2413 1264 2465 haec

274 2490 335 2540 in·
367 2505 422 2541 se
463 2495 729 2557 peccatum
776 2504 873 2539 non
899 2490 981 2540 sit.
1013 2487 1261 2540 Nimirum

274 2563 686 2630 concupiscentia
727 2570 778 2615 et
798 2562 1082 2628 ignorantia
1116 2578 1262 2630 repu-

273 2638 502 2704 gnabant
540 2637 842 2706 plenitudini
888 2638 1172 2703 gratiarum
1214 2641 1265 2686 et

277 2711 549 2773 donorum,
567 2727 698 2780 quae
725 2709 926 2763 Christo
955 2710 1258 2771 debebatur,

276 2785 502 2854 nihilque
523 2785 586 2839 ad
610 2785 1010 2854 redemptionem
1037 2790 1260 2839 nostram

275 2860 564 2927 proderant.

676 3034 714 3092 ς
752 3034 898 3080 mo.

408 3143 454 3178 11.
481 3143 726 3179 Verosimilior
751 3145 927 3180 sententia
951 3144 1156 3180 declaratur

608 3210 645 3238 et
667 3205 940 3249 comprobatur.

315 3298 699 3355 -Verosimilior
755 3302 1008 3353 sententia
1070 3300 1268 3370 reponit
1328 3295 1410 3367 (ut
1448 3297 1657 3350 inferius
1695 3299 1721 3366 5
1763 3297 1866 3348 199
1895 3293 2269 3379 ostendetur)e
2258 3363 2270 3377 ⁸

280 3374 555 3428 essentiam
585 3375 781 3442 peccati
807 3375 1070 3442 originalis
1089 3375 1140 3426 in
1173 3373 1270 3442 pri·
1329 3373 1429 3423 iam
1469 3371 1664 3438 peccati
1709 3370 1925 3423 actualis
1959 3370 2247 3422 essentiam
2276 3375 2303 3444 j⁴

320 3471 423 3521 (us
445 3475 503 3517 ετ,
529 3484 565 3509 n.
591 3474 626 3510 2.

686 98 747 136 ne
786 98 880 138 nso
917 99 968 137 m
1007 98 1284 140 nsnanon
1318 105 1383 140 Αυ
1418 102 1622 147 munaum
1660 99 1923 144 spaera-ro.
1941 74 1945 81 ’

1330 183 1534 240 vatione
1572 185 1794 240 iustitiae
1830 186 2110 256 originaliS,
2148 200 2277 259 quoa

1329 258 1628 326 primarium
1665 260 1775 313 eius
1824 260 2083 317 effectum.
2137 293 2212 304 —-
2247 263 2292 318 U

1328 331 1456 384 haec
1507 335 1761 387 sententia
1818 335 1914 388 rite
1974 335 2315 405 intelligaturr‘

1330 407 1733 474 praenotandum
1773 415 1876 472 est,
1919 410 2166 464 iustitiam
2219 412 2323 469 oriss

1327 479 1552 548 ginalem
1590 481 1661 534 nil
1723 481 1861 535 aliud
1919 484 2094 546 fuisse,
2161 501 2256 555 qua

1330 555 1604 623 perfectam
1646 556 2004 610 rectitudinem
2047 558 2201 612 totius
2229 558 2332 613 ho&

1329 629 1499 689 miniS,
1543 629 1678 682 unde
1719 630 1814 683 tria
1842 631 2183 700 importabat:
2209 633 2323 702 pri--

1327 719 1461 755 mum
1500 703 1890 758 fundamentum
1932 713 1983 759 et
2021 723 2175 762 causa
2203 721 2325 761 cae-

1327 783 1553 830 terorum
1594 785 1704 831 erat
1743 779 1990 833 subiectio
2030 782 2239 833 rationis
2266 788 2332 834 ett

1328 852 1606 904 voluntatis
1667 852 1729 905 ad
1790 853 1991 917 Deum3
2053 856 2332 908 secundum

1327 927 1574 979 subiectio
1642 927 1825 978 virium
1891 928 2188 982 inferiorum
2252 928 2332 982 affl

1328 1003 1614 1065 rationem3
1678 1002 1874 1053 tertium
1907 1003 2171 1056 »subiectio
2210 1018 2328 1057 cor-

1329 1076 1461 1143 poris
1501 1075 1562 1127 ad
1599 1077 1842 1129 animam.
1883 1075 2027 1129 Hanc
2073 1077 2329 1131 iustitiam·

1327 1149 1624 1217 originalem
1666 1149 1829 1202 Adam
1870 1157 1920 1202 et
1959 1151 2051 1203 sibi
2086 1158 2138 1203 et
2174 1152 2332 1204 nobisc

1329 1224 1562 1291 perdidit,
1608 1230 1659 1275 et
1701 1224 1811 1276 ideo
1853 1224 2039 1296 dicitur
2065 1231 2171 1276 tum
2204 1241 2326 1294 pec-

1326 1297 1678 1360 catumAdae
1705 1339 1717 1359 ,
1770 1305 1878 1349 tum
1930 1298 2067 1351 illius
2106 1299 2318 1352 effectus

1326 1388 1415 1423 seu
1484 1387 1675 1440 poenae
1739 1371 1804 1423 ad
1861 1388 2039 1426 omnes
2089 1380 2318 1441 posteros

1330 1448 1607 1498 transiisse.
1655 1445 1886 1497 Essentia
1927 1462 2067 1513 ergO,
2099 1463 2189 1499 seu
2221 1448 2318 1499 for-

1327 1521 1459 1572 male
1500 1520 1887 1573 constitutivum
1931 1522 2123 1588 peccati
2165 1522 2318 1591 origi-

1329 1595 1456 1647 nalis
1474 1594 1704 1647 consistit
1724 1594 1773 1645 in
1792 1596 2072 1662 privatione
2095 1596 2318 1648 iustitiae

1326 1670 1585 1736 originalis
1626 1668 1788 1737 quoad
1849 1669 2159 1736 primarium·
2205 1672 2317 1722 eius

1326 1743 1584 1806 effectum,
1629 1749 1684 1794 ut
1727 1742 2014 1795 voluntaria
2057 1743 2201 1796 nobis
2230 1759 2318 1796 vo·

1328 1819 1523 1870 luntate
1564 1816 1772 1885 capitis:
1818 1833 1908 1869 seu
1951 1819 2170 1871 essentia
2201 1833 2318 1885 pee-

1325 1893 1423 1944 cati
1464 1891 1724 1963 originalis
1765 1898 1842 1943 est
1881 1892 2097 1959 privatio
2154 1892 2318 1945 subie-

1325 1968 1506 2019 ctionis
1546 1966 1746 2019 debitae
1785 1966 1996 2018 rationis
2037 1973 2088 2018 et
2137 1966 2332 2018 votum.

1328 2042 1444 2092 tatis
1506 2041 1570 2092 ad
1635 2040 1797 2092 Deum
1833 2081 1845 2101 ,
1913 2055 2043 2108 quae
2109 2041 2314 2108 quidem

1324 2116 1571 2167 subiectio
1610 2114 1666 2166 fit
1707 2131 1795 2183 per
1834 2113 2138 2167 charitatem
2173 2114 2332 2166 habi·v

1326 2189 1534 2256 tualcm,
1550 2205 1637 2241 seu
1655 2190 1871 2256 gratiam
1889 2189 2316 2244 sanctificantem.

1323 2293 1396 2303 —
1447 2263 1525 2315 Ex
1575 2263 1670 2314 hac
1728 2263 2031 2330 privatione,
2099 2263 2149 2314 in
2215 2278 2315 2330 qua

1323 2337 1527 2405 formale
1551 2344 1795 2405 peccalum
1811 2338 2060 2395 consistit,
2084 2337 2315 2404 sequitur

1325 2413 1499 2473 etiam,
1545 2413 1680 2463 vires
1720 2411 1983 2462 inferiores
2013 2425 2108 2462 non
2133 2410 2315 2462 subiici

1325 2486 1529 2547 rationi,
1573 2491 1624 2536 et
1664 2500 1848 2552 corpus
1887 2500 1986 2536 non
2034 2483 2211 2536 subiici
2259 2499 2314 2535 a·

1327 2561 1513 2611 nimae
1559 2558 1689 2610 Istae
1729 2574 1849 2633 ergo
1891 2558 2332 2620 inordinationeS,

1325 2650 1454 2702 quae
1493 2621 1932 2697 concupiscentiam
1971 2631 2332 2692 constituimus

1326 2723 1423 2759 non
1457 2714 1577 2758 sunt
1618 2706 1827 2758 formale
1869 2713 2156 2772 peccatum,
2223 2704 2332 2758 sed

1327 2782 1477 2833 huius
1504 2779 1764 2849 sequelae,
1795 2779 2006 2832 effectus
2025 2787 2074 2832 et
2099 2794 2332 2847 poenae,

1327 2862 1377 2907 et
1443 2862 1702 2938 tamquam
1749 2854 2023 2923 quidquam
2063 2840 2332 2965 materiale}

1329 2929 1523 2998 peccati
1562 2929 1824 2994 originalis
1862 2927 2168 2980 considerari
2198 2942 2312 2994 pos-

1327 3010 1466 3056 sunt.
1510 3032 1581 3041 —
1633 3002 1770 3054 Haec
1817 3002 2070 3054 sententia
2110 3007 2221 3052 tum
2247 3016 2275 3052 e
2312 3031 2314 3034 -

1327 3077 1631 3136 auctoritate,
1659 3083 1766 3128 tum
1790 3092 1856 3128 ex
1882 3074 2162 3127 rationibus
2189 3075 2265 3126 the

1329 3151 1491 3220 loqicis
1531 3151 1731 3218 probari
1771 3156 1955 3218 potest.
2271 3185 2300 3212 ·.

1404 3225 1455 3276 1.
1486 3222 1539 3275 S.
1570 3222 1872 3292 Auqustinus
1898 3221 2083 3289 aliique
2111 3220 2316 3286 Patres-7

1331 3446 1633 3515 privatione,
1695 3459 1786 3499 seu
1849 3443 2050 3497 defectu
2112 3442 2278 3496 debita

2271 3612 2291 3658 ἶ,
