2332 3860
130 0 241 37 yr,
269 0 412 44 “5³'‘.‘''‘3
450 0 475 27 ι
491 0 579 19 >⁶²-
599 0 639 29 ·.·
661 0 687 43 J
710 0 731 27 -z
753 0 785 30 ⁷³«,
820 0 1001 42 guz-0⁷..

158 311 372 382 &tetulit
407 331 461 379 et
505 324 806 409 perlectiora
861 324 1146 389 muniuit,

53 440 70 449 -
158 402 416 456 internam
463 396 736 469 praecipue
792 398 961 452 cordis
1014 401 1152 469 pori·

159 481 319 534 tatem
356 481 410 528 et
428 475 755 531 nemimem
778 473 1147 543 praescribens.

158 550 216 606 6.
258 548 365 604 Lex
402 563 536 604 noue
573 549 731 601 etiam
765 548 1043 602 observatu
1078 547 1152 601 sa·

21 639 58 677 .·
157 625 305 680 cilior
340 630 396 680 et
427 623 636 678 suavior
672 637 828 692 quam
866 622 954 676 lex
996 629 1150 675 vetus

156 699 386 758 dicenda-
424 704 525 762 ως
590 712 712 751 nam
770 698 823 750 in
877 695 943 750 V.
1002 692 1143 749 Test.

156 774 321 831 multa
341 780 611 842 praecepta
633 769 1025 826 caeremonialia
1058 770 1148 824 ha·

158 849 412 905 bebantur
449 847 725 900 observatu
776 842 1019 908 difficilia,
1075 845 1147 898 ita

157 929 217 978 nt
250 939 313 976 ea
353 921 601 976 Petrusin
621 920 739 974 Act.
770 919 869 989 Ap.
899 918 1143 989 appellet:

155 999 397 1067 iniquia...
426 995 554 1065 quod
583 1010 737 1064 neque
762 1000 927 1064 patres
950 995 1112 1047 nostri
1128 1034 1143 1055 ,

156 1088 311 1141 neque
359 1087 447 1124 nos
490 1076 690 1139 portare
743 1069 989 1138 potuimus
1041 1067 1141 1139 (l).

157 1145 393 1200 Christus
429 1153 601 1197 autem
630 1143 824 1211 figuras
861 1142 1147 1211 adimplens

156 1236 218 1274 ac
255 1220 368 1273 ideo
405 1219 571 1287 legem
597 1218 1026 1271 caeremonialem
1057 1218 1146 1270 ab·

155 1310 374 1364 rogans,
414 1310 447 1346 a
484 1294 631 1361 gravi
671 1293 789 1360 iugo
829 1307 923 1344 nos
960 1291 1145 1344 libera·

155 1370 250 1422 vit.
298 1367 484 1435 Negari
536 1366 741 1436 quidem
800 1381 899 1419 non
955 1373 1141 1435 potest,

156 1443 415 1498 Christum
453 1458 484 1495 a
522 1443 627 1494 suis
663 1441 871 1510 exigere
903 1480 918 1502 ,
978 1447 1035 1493 ut
1092 1457 1146 1494 o·

155 1534 302 1572 mnes
339 1516 654 1570 inordinatas
684 1517 945 1584 passiones
983 1522 1035 1567 et
1061 1530 1147 1568 cu-

155 1593 394 1663 piditates
410 1592 687 1657 abnegent.
713 1590 1143 1659 perfectioresque

154 1668 406 1721 virtutum
444 1673 591 1719 actus
619 1672 846 1734 ponant;
887 1670 939 1717 et
967 1680 1032 1717 ex
1050 1664 1144 1717 hoc

156 1749 391 1810 respectu
413 1740 509 1792 dici
534 1746 717 1808 potest,
742 1740 977 1807 graviora
1000 1755 1144 1808 prae·

157 1822 304 1886 cepta
343 1816 395 1868 in
438 1830 571 1868 nova
612 1813 744 1880 lege,
787 1829 940 1883 quam
981 1814 1032 1865 in
1060 1829 1146 1866 ve-

157 1892 251 1943 teri
311 1891 520 1956 imponi.
581 1887 683 1941 Sed
742 1889 860 1956 quia
919 1888 969 1940 in
1010 1903 1143 1941 nova

156 1964 270 2032 lege
309 1962 589 2017 efficaciora
610 1963 790 2015 salutis
811 1962 975 2015 media
1004 1978 1147 2030 prae-

157 2045 236 2092 sto
273 2044 422 2097 sunt,
464 2038 683 2090 maiores
720 2038 916 2104 gratiae
971 2053 1148 2106 super·

158 2112 420 2166 naturales
450 2112 848 2171 distribuuntur,
908 2111 1144 2181 bonaque

158 2188 408 2240 immensa
435 2186 601 2254 legem
628 2186 1017 2240 observantibus
1038 2203 1148 2255 pro-

159 2262 467 2325 mittuntur3
510 2259 707 2313 facilius
746 2267 1015 2328 praecepta
1061 2278 1148 2314 no-

160 2352 254 2390 vae
293 2351 445 2404 quarn
486 2337 674 2388 veteris
714 2334 841 2402 legis
865 2334 1144 2403 adimplen-

152 2417 261 2465 tur.
304 2409 576 2478 Denique,
615 2409 668 2461 7.
713 2407 818 2462 Lex
859 2415 1005 2462 vetus
1062 2411 1144 2463 lex

160 2491 270 2538 erat
299 2485 515 2548 timoris3
558 2483 643 2536 lex
681 2499 814 2535 nova
853 2491 931 2538 est
971 2484 1056 2536 lex
1093 2501 1147 2538 a·

161 2559 314 2612 moris
328 2577 344 2623 3
386 2557 475 2611 illa
512 2573 801 2619 servorum,
843 2559 971 2612 haec
1020 2558 1148 2612 filio·

162 2649 308 2699 rum;
348 2632 485 2684 unde
524 2631 715 2685 Paulus
750 2633 814 2685 ad
850 2634 995 2687 Rom.
1027 2635 1150 2686 scri·

162 2708 271 2761 bit:
313 2706 425 2760 Non
450 2708 695 2775 &cepistis
731 2708 961 2777 spiritum
1004 2709 1150 2761 seroi-

164 2780 282 2834 tim's
331 2783 509 2833 iter-um
548 2781 602 2832 in
649 2784 847 2843 timore,
888 2783 969 2835 sed
1019 2799 1148 2836 acce·

163 2855 299 2925 pistis
346 2855 577 2924 spiritum
617 2856 891 2924 adoptianis
915 2857 1147 2927 filiorum,

164 2931 330 2997 inquo
365 2929 654 2981 clamamus.-
675 2930 804 2983 Abba
826 2930 1016 3000 (Pater)
1046 2932 1143 3002 (Ξ).

165 3003 226 3058 Et
265 3002 324 3057 S.
354 3002 657 3073 Augustinus
682 3003 759 3076 (3)
790 3007 880 3059 ait:
914 3027 942 3054 ι
973 3005 1150 3060 Brevis

165 3077 450 3136 differentia
487 3084 566 3131 est
603 3077 731 3147 legis
768 3086 819 3133 et
858 3079 1145 3151 Evangelii,

166 3153 317 3207 timor
354 3159 407 3206 et
444 3168 606 3205 amor.
646 3172 674 3202 ι

237 3221 370 3281 Noto
395 3227 449 3280 3.
484 3225 590 3280 Lex
616 3234 766 3281 vetus
791 3228 935 3283 iuxta
958 3227 1015 3282 S.
1046 3230 1152 3283 Au·

165 3302 428 3368 gustmum
466 3308 518 3354 et
555 3300 608 3355 S.
646 3301 893 3356 Thomam
929 3306 1150 3358 cessavit

166 3374 221 3428 in
260 3380 424 3428 morte
459 3375 681 3429 Christi:
722 3378 868 3430 iuxta
905 3376 1150 3432 Scotistas

126 3505 137 3511 ,
166 3463 292 3502 vero
328 3449 381 3501 in
419 3449 502 3503 die
540 3450 884 3506 Pentecostes.
925 3452 1150 3523 Utraque

210 3550 266 3595 (1)
287 3550 372 3595 Cup.
396 3549 452 3596 13,
474 3549 520 3588 10
848 3553 901 3597 ι’)
924 3555 1010 3599 Ε*-
1031 3555 1070 3598 ⁸,
1092 3555 1151 3593 15.

55 158 217 218 ζ’·
684 158 1759 219 mni.mtot1;7ururm.‘'

42 231 56 269 ”
160 257 265 308 etc.
303 190 931 306 ssirismsntenhaec
977 250 1149 306 omnin
1205 223 2203 390 verb‘oentenemmontpofflffi·

1211 399 1403 455 veterio
1439 397 1576 470 legi·
1598 404 1816 456 omnem
1848 397 2058 473 quidem
2101 401 2203 458 vir·

1209 480 1392 528 tutem
1401 480 1455 527 et
1475 471 1760 529 efficaciam
1786 478 1840 529 in
1868 477 2033 533 morte
2057 472 2204 532 Chri·

1209 550 1274 602 sti
1300 549 1555 612 amisime,
1581 548 1675 602 sed
1704 556 1876 603 tamen
1901 550 1958 604 in
1983 550 2068 604 die
2092 558 2203 606 tan·

1209 629 1320 676 tum
1359 622 1687 678 Pentecosten
1724 623 1969 693 legalium
2008 625 2203 697 obliga·

1211 698 1404 751 tionem
1440 713 1690 760 cessasse,
1721 713 1843 751 eum
1868 699 2204 770 evangelicae

1210 771 1338 841 legis
1375 772 1655 827 necessitas
1692 779 1745 826 et
1773 773 1964 826 veteris
1989 774 2204 845 abroga-

1210 847 1280 900 tio
1317 847 1642 916 promulgata
1681 847 1795 901 fuit.
1850 846 1980 912 Quia
2028 856 2203 903 autem

1206 919 1483 990 synagoga
1521 937 1642 974 eum
1681 921 1875 976 honore
1913 928 2027 976 erat
2064 937 2204 993 sepc-

1210 995 1399 1059 fienda,
1443 996 1564 1049 bine
1601 995 1790 1065 legalia
1829 996 2053 1051 mosaica
2101 1014 2205 1051 non

1207 1072 1382 1123 statim
1422 1070 1683 1124 mortifera
1735 1071 1870 1125 sacta
1908 1078 2070 1134 sunt,
2113 1073 2204 1126 sed

1208 1144 1257 1196 id
1326 1147 1466 1199 iu'xta
1520 1145 1719 1216 aliquos
1778 1162 1868 1215 per
1916 1144 2205 1200 Concilium

1208 1220 1566 1287 Apostolorum
1640 1220 2201 1290 hierosolymitanum3

1210 1295 1349 1346 iuxta
1391 1293 1519 1347 alios
1544 1310 1669 1348 vero
1702 1297 1752 1347 in
1781 1295 1982 1349 excidio
2005 1294 2205 1368 Templi

1208 1368 1650 1439 hierosolymitani
1689 1370 1883 1424 iactum
1922 1377 2020 1425 est.

1594 1545 1634 1605 ς
1665 1545 1803 1593 ess.

1227 1642 1278 1677 De
1301 1642 1571 1687 sapientissimo
1607 1644 1792 1680 &tiniae
1821 1644 1960 1682 mani
1985 1645 2184 1690 residua

1279 1739 1512 1794 Christus
1538 1741 1824 1795 Ecclesiam
1854 1757 2024 1806 suam,
2054 1744 2206 1798 cuius

1206 1831 1477 1882 supremus
1519 1816 1625 1869 Rex
1656 1822 1708 1869 et
1741 1815 1908 1884 Caput
1946 1817 2206 1871 invisibile

1206 1906 1408 1958 semper
1446 1898 1647 1952 manet,
1693 1891 1894 1945 infinita
1932 1892 2204 1962 sapientia,

1209 1966 1433 2033 potentia
1488 1973 1538 2018 et
1597 1966 1826 2019 bonitate
1886 1973 2200 2030 conservat,

1207 2055 1320 2091 eam
1360 2046 1540 2092 contra
1581 2040 1805 2093 hostium
1845 2041 2205 2110 iesnltuspro-

1209 2115 1325 2166 vide
1360 2115 1585 2176 tuendo,
1638 2115 1960 2185 eandemque
2012 2115 2202 2183 guber-

1207 2196 1325 2250 nat,
1368 2187 1721 2242 efficacissima
1762 2191 1930 2242 media
1968 2190 2206 2259 suppedi-

1208 2263 1362 2316 tando
1387 2306 1400 2326 ,
1442 2265 1627 2333 quibus
1675 2264 1739 2317 ad
1782 2264 2005 2317 nobilem
2045 2264 2204 2318 finem

1207 2354 1357 2390 suum
1399 2341 1668 2406 pervenire
1725 2341 1905 2407 possit.
1955 2334 2204 2402 Quamvis

1208 2419 1380 2464 autem
1407 2412 1643 2466 Christus
1665 2420 1910 2482 tanquam
1938 2412 2104 2482 Caput
2128 2414 2206 2467 in-

1209 2486 1406 2539 visibile
1445 2488 1497 2540 in
1535 2488 1706 2540 omnia
1746 2487 2006 2542 Ecclesiae
2048 2504 2205 2542 mem-

1211 2562 1299 2613 bra
1340 2561 1543 2621 influat,
1572 2569 1624 2614 et
1653 2579 1745 2631 per
1771 2563 2203 2632 omnipotentiam

1209 2651 1353 2689 suam
1374 2644 1562 2690 cuncta
1583 2637 1716 2690 bona
1745 2638 2040 2691 immediate
2061 2654 2206 2707 prae-

1210 2717 1347 2763 stare
1387 2713 1571 2780 possit,
1612 2713 1988 2781 sapientissime
2026 2719 2203 2767 tamen

1209 2786 1503 2846 ordinavit,
1548 2793 1605 2839 ut
1652 2788 1703 2839 in
1758 2786 2015 2848 Ecclesia,
2070 2802 2207 2858 qnae

1209 2876 1395 2929 corpus
1434 2861 1633 2914 visibile
1672 2863 1986 2915 constituere
2025 2860 2200 2925 debet,

1211 2937 1365 2988 etiam
1404 2935 1568 3004 Caput
1608 2936 1829 2998 visibile,
1871 2951 1965 2988 seu
2001 2935 2205 2991 Primas

1209 3010 1432 3071 adesset,
1476 3018 1527 3062 et
1565 3026 1684 3063 cum
1724 3012 1832 3079 ipso
1870 3026 1933 3063 ac
1970 3010 2068 3064 suli
2093 3012 2204 3080 ipso

1211 3084 1295 3136 alii
1325 3084 1592 3137 praesules
1618 3092 1669 3137 et
1690 3086 1910 3138 ministri
1937 3085 2203 3150 darentur,

1213 3175 1301 3226 per
1338 3175 1466 3228 quos
1508 3159 1738 3212 Ecclesia
1789 3161 1946 3214 etiam
1985 3167 2206 3213 externo

1211 3239 1262 3286 et
1287 3234 1473 3286 visibili
1501 3233 1649 3286 modo
1675 3241 1969 3302 regeretur,
1999 3250 2061 3287 ac
2086 3234 2204 3287 finis

1211 3308 1322 3359 eius
1360 3315 1766 3376 promoveretur.
1792 3339 1872 3349 --
1894 3308 2204 3363 Nullatenns

1211 3397 1333 3448 ergo
1359 3381 1547 3434 Christi
1572 3384 1866 3437 auctoritati
1901 3385 2200 3447 derogatur,

1211 3455 1333 3509 dum
1371 3457 1599 3510 visibiles
1645 3457 1909 3512 Ecclesiae
1959 3458 2204 3511 nectores

1254 3558 1309 3602 (3)
1330 3558 1410 3595 ΠΙ».
1430 3559 1664 3597 elam-t.
1687 3561 1812 3605 m!-
