2332 3860
379 206 487 260 588

709 225 770 262 DE
811 225 903 264 nsso
941 226 994 263 m
1031 215 1300 265 RELA'HOW
1341 227 1421 263 AD
1438 225 1639 264 mmm
1675 223 1930 264 SPECTATO

299 303 511 358 eaedem
549 304 776 358 actiones
813 307 1165 361 consideratae
1221 324 1286 360 ex
1347 308 1683 371 constituunt,
1726 308 1967 377 quoniam
2008 304 2235 374 docent,
2228 299 2332 382 gas}

286 385 469 459 parte
482 379 805 447 patientium,
848 381 933 450 qui
961 397 1046 435 eas
1077 382 1285 435 iniurias

286 452 459 522 aequo
497 454 667 507 animo
707 455 899 518 ferunt,
931 463 1007 508 est
1033 472 1159 524 opus
1186 458 1286 508 vir·

296 527 419 580 tutis
456 543 487 579 a
526 528 631 581 Deo
670 529 883 582 volitum
942 537 992 582 et
1023 530 1283 598 praedefi-

293 602 480 654 nitum:
524 603 660 655 idem
688 604 961 656 dicendum
1002 612 1079 657 est
1106 605 1167 656 de
1204 605 1285 657 bo·

293 676 372 728 nis
412 676 704 739 effec‘tibuS,
749 679 811 729 ad
853 694 977 747 quos
1028 680 1283 746 praefatae

291 751 518 803 actiones
547 751 856 820 diriguntur.
901 753 976 804 Ex
1018 753 1096 806 his
1136 754 1307 806 facile¹

289 826 635 894 cognoscitur,
667 827 761 879 sub
788 843 887 895 qua
915 828 1111 880 ratione
1139 845 1285 896 prae·

290 898 424 952 satae
463 901 689 952 actiones
746 902 798 952 in
846 900 899 952 S.
951 901 1215 970 Scriptura
1254 919 1283 955 a

289 971 394 1026 Deo
435 973 651 1035 volitae,
695 981 746 1027 et
794 975 1158 1043 praedefinitae
1209 977 1281 1028 di·

288 1055 512 1111 cantur,
574 1050 816 1101 nimirum
872 1066 971 1102 non
1031 1060 1280 1119 quatenus

288 1129 410 1175 sunt
451 1129 658 1191 peccata
686 1166 698 1186 ‚
743 1140 872 1193 quae
923 1141 951 1176 a
997 1124 1151 1179 libera
1193 1127 1280 1179 bo-

289 1198 488 1249 minum
539 1198 805 1251 voluntate
846 1200 1080 1251 oriuntur
1107 1242 1118 1262 ,
1164 1208 1212 1254 et
1252 1218 1278 1253 a

287 1270 393 1324 Deo
433 1272 597 1324 solum
651 1281 1028 1341 cognoscuntur
1079 1282 1129 1327 et
1171 1292 1279 1344 per-

286 1346 582 1409 mittuntur,
626 1348 715 1399 sed
756 1355 1008 1417 quatenus
1048 1350 1099 1400 in
1136 1351 1279 1403 iustis

287 1421 508 1473 virtutes
565 1428 616 1474 et
655 1424 837 1474 merita
894 1432 1145 1490 generant
1190 1432 1279 1476 aut

286 1493 414 1547 alios
443 1496 600 1548 bonos
624 1497 835 1548 effectus
858 1498 1162 1565 producunt.
1190 1499 1278 1551 His

284 1571 619 1636 praenotatiS,
662 1571 809 1624 facile
838 1573 1142 1635 ostenditur,
1169 1576 1278 1625 nul-

285 1641 372 1695 libi
413 1645 463 1696 in
504 1644 558 1697 S.
602 1645 865 1714 Scriptura
900 1646 1065 1699 Deum
1104 1656 1277 1701 aucto·

280 1732 393 1770 rem
434 1721 630 1787 peccati
673 1722 931 1774 constitui.

356 1793 489 1845 Nota
533 1797 584 1846 ⁰2.
629 1794 770 1858 Quod
804 1797 844 1847 si
874 1797 1066 1849 instent
1096 1796 1277 1849 adver-

281 1867 425 1927 sarii,
467 1868 631 1920 Deum
672 1885 783 1921 esse
811 1886 1019 1922 causam
1047 1872 1273 1923 omnium

284 1942 478 1994 entium
518 1944 942 2012 contingentium,
982 1952 1134 2013 atque
1165 1947 1275 1998 ideo

280 2016 437 2068 etiam
476 2018 733 2070 actionum
763 2019 991 2071 omnium
1032 2036 1162 2088 quae
1190 2037 1273 2088 po-

285 2097 501 2152 nuntur,
545 2099 596 2145 et
636 2108 723 2161 per
763 2109 1082 2162 consequens
1121 2095 1271 2147 etiam

286 2173 635 2232 peccatorum,
679 2183 810 2235 quae
849 2175 969 2220 sunt
1007 2169 1127 2237 quid
1155 2186 1274 2221 con-

283 2239 506 2307 tingenS‚
530 2257 619 2293 seu
647 2243 894 2303 actioneS,
920 2259 1049 2311 quae
1080 2260 1273 2310 ponun-

279 2320 384 2374 tur,
412 2316 722 2383 respondent
749 2318 1090 2369 communiter
1118 2318 1275 2371 Theo·

278 2386 414 2454 logi,
457 2391 508 2441 in
552 2398 759 2459 peccato
798 2392 897 2443 duo
946 2409 1056 2444 esse
1097 2392 1275 2444 distin-

278 2463 513 2531 guenda,
561 2466 799 2518 nimirum
853 2466 1137 2527 materiale,
1181 2484 1271 2520 seu

279 2537 543 2606 physicam
595 2540 812 2592 actionis
863 2542 1166 2599 entitatem,
1222 2550 1273 2594 et

275 2611 480 2677 formale
518 2629 608 2665 seu
649 2615 806 2682 ipsius
855 2616 1068 2679 actionis
1109 2616 1271 2667 defor-

279 2684 530 2745 mitatem,
563 2703 654 2739 seu
681 2690 1058 2740 aberrationem
1082 2707 1109 2741 a
1135 2691 1266 2755 lege3

276 2765 331 2810 et
349 2760 545 2822 dicunt,
574 2761 737 2814 Deum
762 2779 873 2815 esse
894 2779 1101 2815 causam
1133 2781 1272 2831 prae·

277 2831 410 2884 fatae
458 2837 674 2888 actionis
733 2838 1104 2895 materialiter.
1170 2854 1267 2890 non

276 2913 450 2959 autem
490 2910 770 2963 formaliter
802 2922 1056 2979 sumptae.
1099 2912 1149 2963 ln
1183 2930 1270 2964 ex-

276 2979 509 3046 plicauda
538 2991 711 3037 autem
744 2986 839 3038 hac
867 2986 1191 3037 distinetione
1222 2990 1266 3037 in

276 3056 446 3105 varias
486 3062 794 3111 sententias.
809 3062 1019 3112 abeunt.
1079 3060 1271 3113 ἸΙιοιηι-

273 3135 373 3178 stae
429 3130 651 3194 docent,
699 3135 859 3187 Deum
915 3150 1002 3202 per
1045 3151 1269 3202 praemo-

277 3201 463 3255 tionem
509 3206 790 3274 physicam,
837 3210 883 3260 id
925 3216 1021 3268 est,
1069 3225 1156 3276 per
1181 3226 1269 3277 ap-

275 3275 597 3344 plicationem
658 3297 779 3333 suae
842 3281 1095 3359 potentiae
1149 3276 1280 3334 con-1

273 3363 483 3406 currere
540 3354 639 3404 ad
671 3371 848 3408 omnes
913 3365 1264 3409 creaturarum

265 3431 452 3484 actus,
496 3427 651 3479 etiam
691 3429 753 3479 ad
798 3430 934 3490 illos,
993 3433 1041 3482 in
1084 3432 1281 3499 quibus.

261 3499 406 3550 ‘ratio
429 3502 620 3566 peccati
654 3502 930 3554 invenitur.
964 3503 1267 3556 Nullatenus

274 3579 445 3624 autem
513 3574 677 3627 Deum
735 3585 999 3629 auctorem
1074 3559 1280 3645 peceffnti

1349 381 1605 438 luntatem
1637 389 1868 437 creatam
1910 398 1941 435 a
1977 380 2091 435 Deo
2133 381 2332 449 praede,

1349 458 1625 510 terminari
1666 463 1868 510 tantum
1916 457 1987 509 ad
2043 455 2332 520 materiale,

1346 546 1528 599 nempe
1584 530 1649 583 ad
1688 531 1850 584 solam
1906 525 2178 600 physicam·
2211 527 2332 587 entia*

1348 611 1504 658 tatem
1531 612 1679 658 actus
1715 605 1858 667 mali,
1889 621 1990 660 non
2018 605 2082 658 ad
2109 604 2332 671 formale,

1344 695 1443 747 quo
1485 680 1690 732 nomine
1717 679 1962 733 moralem
1988 679 2148 747 ipsius
2175 678 2332 737 defor-

1344 755 1576 807 mitatem
1601 795 1613 816 ‚
1669 761 1822 823 atque
1861 754 2111 807 malitiam
2150 752 2332 811 intellis

1343 836 1492 896 gunt.
1538 828 1604 881 Ut
1645 844 1766 881 vero
1805 829 2062 881 distinctio
2104 828 2201 881 ista
2241 827 2332 880 rite

1345 903 1682 970 intelligatur,
1727 903 2011 955 notandum
2049 908 2160 961 est,
2203 900 2332 970 quod

1344 978 1487 1030 iuxta
1529 978 1834 1046 principium
1875 977 1933 1030 S.
1977 975 2248 1043 Auqustini
2285 981 2332 1029 et

1342 1050 1393 1103 S.
1461 1051 1669 1104 leomae
1722 1059 1989 1121 peccatum
2055 1049 2332 1105 formaliter

1342 1133 1569 1179 sumtum
1603 1143 1703 1179 non
1744 1129 1810 1179 sit
1841 1143 1932 1179 ens
1972 1127 2190 1195 positive
2228 1124 2332 1177 exi·

1342 1207 1501 1263 stens,
1544 1202 1633 1254 sed
1687 1203 1904 1271 privatio
1944 1201 2144 1253 debitae
2185 1199 2331 1254 recti-

1344 1277 1553 1338 tudiniS,
1585 1282 1636 1328 et
1675 1276 1808 1345 quod
1838 1276 1953 1328 talis
1984 1274 2201 1343 privatio
2232 1289 2332 1326 non

1343 1352 1609 1417 positivam
1649 1367 1739 1402 seu
1770 1350 2098 1410 efficientem,
2141 1347 2231 1400 sed
2258 1364 2332 1400 so·

1342 1423 1447 1476 lum
1489 1425 1779 1493 negativam
1804 1465 1816 1486 ,
1860 1441 1950 1477 seu
2007 1423 2332 1477 deficientem

1340 1515 1548 1551 causam
1577 1505 1850 1567 supponat:
1895 1499 2044 1551 sicuti
2079 1504 2251 1550 autem
2279 1498 2331 1550 in

1339 1573 1447 1626 Deo
1472 1615 1485 1635 ,
1528 1574 1614 1643 qui
1654 1580 1730 1626 est
1781 1580 1927 1626 actus
1988 1573 2327 1641 purissimus,

1342 1664 1434 1700 nec
1475 1666 1539 1701 ex
1584 1654 1724 1716 parte
1777 1648 2029 1702 essentiae
2055 1687 2067 1708 ,
2132 1662 2226 1699 nec
2265 1661 2332 1699 ex

1342 1730 1484 1790 parte
1525 1724 1806 1775 vol-uniatis
1833 1730 1883 1775 et
1911 1721 2220 1790 operationis
2243 1720 2330 1772 de-

1339 1798 1501 1850 sectus
1541 1814 1652 1850 esse
1683 1804 1867 1866 potest,
1899 1798 1969 1848 ita
2000 1798 2048 1848 in
2091 1796 2187 1849 hac
2215 1811 2329 1847 sen-

1341 1874 1498 1923 tentia
1541 1872 1945 1923 luculentissime
1975 1877 2133 1939 patet,
2158 1870 2326 1925 Deum

1336 1954 1598 2000 auctorem
1639 1947 1834 2016 peccati
1874 1962 1976 1999 non
2015 1961 2147 1999 csse.

1735 2107 1774 2165 ς
1791 2108 1942 2154 zoe.

1396 2205 1452 2240 IV.
1487 2205 1538 2240 De
1560 2204 1748 2240 effectibus
1770 2209 2001 2248 peccatorum
2032 2202 2246 2240 actualium.

1408 2318 1551 2371 Sicut
1591 2320 1691 2370 iam
1733 2319 1952 2386 primum
2001 2334 2032 2371 a
2093 2325 2314 2385 protopa-

1337 2394 1569 2446 rentibus
1584 2395 1910 2445 commissum
1930 2399 2194 2459 pecca-tum
2210 2405 2323 2456 gra-

1339 2468 1557 2520 vissimis
1621 2468 1792 2534 poenis
1839 2467 2144 2532 castigatum
2203 2464 2318 2526 fuit,

1336 2544 1403 2594 ita
1431 2543 1585 2594 etiam
1612 2542 1843 2593 mortalia
1868 2547 2183 2608 posterorum
2208 2554 2301 2606 pec

1334 2623 1448 2668 cata
1489 2616 1858 2667 funestissimos
1900 2614 2111 2666 effectus
2139 2613 2302 2680 produ

1333 2697 1477 2742 cunt.
1521 2689 1798 2741 Primanus
1840 2689 2029 2773 peccati
2096 2686 2317 2741 mortalis

1333 2764 1546 2815 effectus
1584 2769 1661 2815 est
1698 2763 1896 2815 amissio
1931 2763 2132 2831 mattae
2147 2760 2325 2816 sancti

1330 2839 1543 2908 ficantes
1588 2837 1722 2889 unde
1763 2837 1839 2897 fit,
1885 2843 1940 2888 ut
1979 2837 2214 2888 bomne-x
2244 2836 2322 2887 iu*

1332 2922 1409 2964 sto
1470 2913 1560 2965 fiat
1618 2913 1856 2973 iniustuS,
1915 2927 1980 2963 ex
2021 2911 2185 2962 amico
2223 2902 2322 2961 Dei

1335 2987 1571 3039 eiusdem
1603 2987 1854 3046 inimicus.
1890 2984 2021 3049 ldS.
2054 2976 2328 3051 Scripturas

1336 3068 1549 3112 testatur
1591 3061 1709 3112 dum
1752 3061 1891 3119 dicit,
1939 3058 2118 3110 Deum
2133 3052 2332 3126 peccas-2

1333 3143 1467 3187 tores
1506 3136 1691 3195 odisse,
1735 3135 1798 3186 ab
1839 3134 1911 3184 iis
1939 3132 2196 3191 recedere,
2277 3144 2332 3202 ‘j

1330 3209 1496 3274 parari
1536 3216 1636 3260 etc.
1682 3207 1798 3260 Sic.
1824 3196 1942 3269 Odia
1963 3203 2244 3256 sammon·

1326 3286 1457 3350 pins,
1493 3292 1537 3333 et
1575 3284 1797 3351 impietas
1835 3281 1939 3332 eius
1992 3274 2090 3349 (4.):
2146 3277 2266 3353 Neq„
2291 3275 2332 3350 J}

1331 3355 1560 3407 habitabit
1599 3357 1742 3407 iuxta
1783 3365 1824 3406 ee
1865 3353 2136 3420 malignam,
2181 3374 2217 3399 ἰ

1326 3429 1872 3498 ρεννηαηεὺιιηιιὴίιιειέ
1890 3435 2004 3479 anta
2015 3427 2173 3479 oculos
2193 3433 2219 3476 t*
2251 3433 2314 3496 μζ

1326 3505 1470 3556 odei-sti
1509 3504 1792 3570 omnesqui
1829 3509 2105 3570 operamun.
2130 3500 2270 3571 τως
2319 3541 2326 3562 ,,

1373 3603 1424 3648 (ι)
1445 3603 1526 3646 sap.
1552 3601 1606 3641 ιε.
1630 3599 1664 3638 ο.
2277 3583 2285 3590 ’
2313 3583 2318 3587 '
