2332 3860
349 107 419 159 '72⁴2

953 127 1015 163 nr„
1054 128 1147 164 neo
1187 128 1235 164 m
1276 129 1334 165 SE·
1372 120 1631 167 SPEC'I'ATO.

275 211 349 256 tes
377 203 686 272 detegimus,
731 222 861 275 quae
902 208 1024 276 ipsis
1065 209 1261 269 insunt,
1323 223 1462 269 'mus
1490 209 1660 269 Pater,
1686 209 1843 270 DeuS,
1869 208 2222 278 Omnipotens,
2249 212 2317 264 ni-

273 278 600 349 ip'sorumque
641 287 880 334 naturam
931 288 983 334 et
1040 282 1262 335 indolem
1327 282 1397 334 hil
1426 282 1586 344 aliud,
1618 299 1774 352 quam
1799 285 1928 346 eius,
1954 285 2038 352 qui
2075 291 2171 344 est,
2203 287 2319 338 sub·

269 348 495 405 afficiunt
556 360 606 406 et
665 354 1030 407 determinant.
1100 356 1260 409 Simili

269 427 416 480 modo
442 428 597 480 etiarn
628 428 677 480 in
699 428 803 481 Deo
828 430 966 481 varia
990 431 1257 492 attributa,

265 517 355 554 seu
387 502 722 572 perfectio-nes
754 510 859 554 tum
889 520 917 555 a
945 503 1025 555 Ss.
1060 503 1255 565 Biblos,

266 581 372 630 tum
415 593 441 627 a
472 575 561 627 SS.
597 577 858 636 Patribus,
897 585 1004 629 tum
1035 594 1060 630 a
1093 578 1259 630 Philo-

263 650 436 718 sopbis
497 651 901 718 distinguuntur.
959 651 1027 704 Ut
1085 660 1256 705 autem

263 724 390 778 haec
414 725 671 777 distinctio
713 732 852 778 recte
893 727 1214 794 concipiatur
1237 767 1254 785 ,

262 799 418 866 probe
459 799 832 851 attendendum
875 806 978 861 est,
1023 801 1257 853 attributa

261 874 428 925 divina
458 875 583 924 inter
612 889 658 924 sc
703 882 744 925 et
785 874 846 926 ab
879 876 1086 926 essentia
1115 876 1257 926 reali-

262 949 333 998 ter
358 963 452 998 non
472 947 728 1015 distinqui,
758 949 844 999 sed
870 949 954 1000 itta.
981 949 1256 1001 mentaliter

261 1028 552 1074 tantum-seu
592 1023 644 1073 in
684 1032 907 1090 concepta
946 1031 1111 1075 nostro
1153 1031 1255 1075 tum

260 1095 518 1163 distinqui,
545 1103 645 1147 tum
675 1097 845 1149 (liridi.

333 1169 382 1221 1.
415 1169 467 1221 Si
496 1170 558 1221 de
587 1171 848 1222 attributis
872 1170 1058 1222 divinis
1086 1187 1252 1223 sermo

257 1249 354 1304 est,
389 1243 516 1295 baec
539 1261 705 1313 neque
731 1246 865 1296 inter
886 1262 961 1306 se,
997 1262 1162 1313 neque
1189 1246 1252 1298 ab

255 1318 474 1369 essentia
493 1317 664 1370 divina
695 1319 902 1371 realiter
931 1319 1252 1386 distinguun-

254 1397 358 1455 tur3
391 1391 479 1443 sed
511 1393 704 1454 omnia,
730 1409 860 1461 quae
886 1395 947 1445 de
975 1393 1080 1445 Deo
1111 1410 1252 1461 prac-

253 1464 511 1528 dicantur‚
556 1467 805 1519 attributa
860 1475 980 1520 sunt
1021 1484 1122 1519 una
1163 1484 1246 1519 ea-

252 1538 470 1608 demque
495 1540 874 1610 simplicissima
913 1543 1135 1594 essentia
1176 1542 1250 1593 di-

251 1613 393 1665 vina:
421 1630 542 1681 ergo
563 1616 776 1667 scientia
801 1615 890 1667 Dei
918 1616 1124 1668 realiter
1149 1632 1246 1667 non

250 1686 586 1755 distinguitur
614 1691 677 1742 ab
702 1691 810 1741 eius
834 1689 1120 1751 voluntate,
1155 1707 1249 1742 nec

250 1760 347 1813 Dei·
364 1764 645 1815 aeternitas
667 1765 731 1815 ab
753 1765 862 1815 eius
882 1765 1246 1817 immensitate:

248 1835 351 1887 imo
392 1852 509 1888 cum
563 1837 766 1905 aliquod
808 1838 1114 1890 attributum
1155 1838 1245 1890 Dei

247 1910 556 1975 concipitur,
576 1911 714 1963 Deus
739 1912 844 1980 ipse
867 1912 1143 1978 cogitatur,
1177 1914 1245 1964 ita

247 1989 305 2034 ut
331 1987 467 2036 omni
511 1986 620 2036 iure
662 1986 758 2036 dici
801 1987 977 2053 possit:
1022 1987 1245 2053 omnipo-

249 2059 410 2110 tentia
439 2060 489 2110 in
520 2057 625 2111 Deo
653 2058 791 2111 Deus
819 2067 914 2126 est,
934 2060 1124 2112 iustitia
1157 2060 1245 2112 Dei

247 2130 497 2193 Deus-estu,
518 2133 758 2185 voluntas
776 2133 866 2186 Dei
881 2133 1018 2185 Deus
1033 2140 1130 2195 est,
1146 2141 1242 2187 etc.

254 2203 307 2257 ln
339 2206 446 2274 ipsa
486 2206 538 2258 S.
572 2204 842 2276 Scriptura
882 2209 1126 2260 attributa
1168 2209 1243 2260 di-

245 2279 389 2340 vina,
415 2281 570 2333 etiam
588 2283 637 2333 in
655 2283 912 2334 abstracto
930 2289 1153 2351 sumpta,
1174 2284 1243 2335 ita

243 2356 601 2417 enuntiantur,
619 2362 675 2407 ut
697 2356 1113 2424 clareappareat,
1135 2357 1243 2424 ipsa

244 2429 789 2497 unumidernquecum
807 2427 978 2481 divina
995 2433 1237 2491 essentia,

243 2519 334 2555 seu
354 2502 519 2569 ipsum
547 2503 711 2555 Deum
742 2520 872 2556 esse.
901 2503 984 2556 Sic
1009 2504 1156 2556 Prov.
1184 2505 1235 2564 8,

249 2577 315 2628 1⁶2
342 2577 479 2629 Deus
507 2577 649 2630 dicit:
683 2579 790 2644 qu
811 2579 1050 2646 sapientia
1079 2578 1240 2630 habito

246 2652 298 2702 in
320 2651 539 2704 consilia.
572 2652 655 2704 Ps.
682 2653 771 2713 58,
791 2653 854 2704 21
887 2652 1023 2703 Deus
1047 2653 1242 2704 meseri-

243 2726 409 2778 cordia
447 2725 756 2793 appellatur.
810 2725 1043 2778 Christus
1085 2727 1146 2778 dc
1185 2742 1240 2778 se

242 2799 354 2866 ipso
376 2800 466 2851 ait}
493 2800 596 2868 qu
613 2816 720 2851 sum
742 2800 841 2861 via,
868 2801 1042 2852 ceritas
1059 2809 1103 2851 et
1126 2800 1238 2854 vita.

243 2871 300 2923 ln
331 2873 508 2924 eodem
539 2890 692 2926 sensu
724 2873 912 2926 Paulus
942 2872 1016 2944 (i)
1047 2874 1233 2942 inquit:

242 2945 628 2999 PraedicamuS.
655 2988 698 2999 ..
745 2946 998 3000 Christum
1022 2947 1114 2999 Dei
1146 2948 1239 3000 vir-

242 3028 409 3079 tatem,
441 3027 483 3071 et
505 3020 596 3071 Dei
618 3022 925 3090 sapientiam.
961 3020 978 3072 t
1007 3020 1078 3073 lo,
1100 3021 1151 3083 lt,
1179 3023 1232 3083 8,

242 3093 372 3146 Deus
405 3093 620 3146 charitas
669 3104 756 3148 est.
799 3095 992 3152 Eadem
1034 3101 1110 3148 est
1150 3096 1237 3147 do-

242 3167 407 3226 ctrina
433 3164 531 3220 SS.
561 3165 796 3222 Patram.
839 3166 896 3223 S.
933 3166 1237 3234 Athanasius

244 3237 320 3312 (Q)
349 3241 547 3294 scribit:
584 3261 610 3290 «
642 3241 769 3294 Cum
798 3243 888 3296 lias
920 3259 1069 3297 voces
1096 3243 1234 3296 audi-

304 3398 341 3443 1)
366 3399 379 3432 1
405 3398 484 3434 Cor.
511 3397 544 3440 1,
569 3398 624 3433 24.
694 3443 702 3452 .

288 3397 341 3533 {a
360 3443 406 3529 1¹1.-
421 3442 716 3532 a

1325 358 1567 408 stantiam
1591 356 1802 409 indicari
1834 359 2168 426 concipimus,
2208 378 2229 408 »
2261 360 2314 413 S.

1325 428 1590 498 Greqorius
1604 431 1754 500 Nysa
1782 429 1859 502 (3)
1882 433 1973 483 ait:
1991 452 2015 480 «
2045 432 2202 495 DeuS,
2230 449 2318 486 eu-

1324 504 1402 555 ius
1440 510 1625 556 natura
1667 506 1865 557 bonitas
1905 512 2000 557 est:
2027 506 2138 558 dieo
2184 508 2314 574 ipse,

1322 577 1663 646 quodcunque
1716 585 1931 630 naturae
1977 595 2088 631 esse
2130 581 2311 634 intelli-

1321 653 1478 718 gitur,
1511 653 1733 720 idipsum
1761 659 1812 704 et
1839 659 1936 713 est,
1970 660 2019 704 et
2050 670 2317 722 nuncupa-

1320 732 1423 778 tur.
1472 746 1498 775 »
1542 725 1600 780 S.
1645 726 1950 796 Αῑιῃῑιειὶηυε
1991 724 2067 797 (lt)
2109 729 2311 797 inquit:

1325 819 1346 847 «
1379 799 1518 852 Deus
1561 817 1781 868 magnus
1820 807 1931 860 est,
1975 802 2064 853 sed
2111 818 2165 854 se
2207 804 2314 870 ipso

1319 889 1539 942 magnus
1568 882 1664 935 est,
1697 876 1813 943 quia
1843 875 1950 940 ipse
1979 890 2070 927 sua
2101 883 2177 928 est
2209 893 2314 928 man

1317 949 1552 1014 gnitudo.
1605 949 1712 1000 Hoc
1746 956 1797 1001 et
1837 949 1899 1001 de
1961 949 2217 1010 bonitate,
2263 959 2314 1004 et

1317 1022 1379 1074 de
1407 1023 1736 1083 aeternitate,
1770 1030 1820 1075 et
1850 1023 1912 1074 de
1940 1025 2312 1092 omnipotentia

1318 1097 1511 1148 dietum
1553 1098 1652 1159 sit,
1705 1097 2046 1165 omnibusque
2103 1100 2311 1152 omnino

1317 1172 1767 1238 praedicamentiS,
1811 1188 1910 1240 que
1950 1172 2011 1222 de
2052 1171 2158 1225 Deo
2199 1189 2310 1241 pos-

1315 1246 1836 1312 suntpronuntiari.»
1854 1245 1916 1297 Et
1937 1244 2054 1297 alibi
2072 1245 2311 1317 (5):«V0-

1316 1318 1488 1370 luntas
1516 1321 1651 1371 enim
1683 1326 1735 1371 et
1770 1320 1995 1387 potentia
2039 1319 2126 1372 Dei
2171 1320 2307 1374 Deus

1315 1394 1419 1460 ipse
1442 1401 1537 1445 est.
1563 1413 1583 1442 »
1617 1392 1672 1446 S.
1707 1391 1972 1460 Greyoritts
1994 1394 2067 1445 M.
2090 1392 2164 1464 (6)
2185 1396 2310 1447 seri-

1314 1467 1405 1519 bit:
1442 1487 1466 1515 «
1502 1468 1636 1519 Deus
1664 1468 1759 1520 boc
1787 1474 1884 1525 est,
1917 1468 2050 1536 quod
2091 1471 2311 1521 aeterni-

1314 1547 1472 1593 tatem
1501 1541 1675 1602 habet,
1721 1548 1768 1593 et
1813 1543 1919 1608 ipse
1959 1548 2035 1593 est
2078 1544 2305 1595 aeterni-

1314 1622 1483 1667 tas...
1530 1632 1629 1667 non
1673 1622 1751 1667 est
1790 1631 1912 1681 ergo
1952 1616 2001 1666 in
2042 1615 2129 1668 illo
2168 1617 2306 1670 aliud

1312 1706 1443 1751 esse,
1477 1696 1526 1741 et
1548 1689 1687 1741 aliud
1717 1689 1925 1741 babere.
1957 1708 1979 1738 »
2014 1688 2153 1741 Idem
2179 1692 2307 1744 ratio

1311 1765 1506 1831 probat.
1530 1763 1658 1815 Nam.
1673 1763 1715 1814 si
1736 1763 1981 1815 attributa
1999 1762 2172 1815 divina
2198 1781 2307 1817 rea-

1312 1838 1426 1888 liter
1457 1838 1591 1888 inter
1625 1852 1699 1897 se,
1744 1835 1823 1887 vel
1867 1837 1931 1889 ab
1970 1838 2194 1890 essentia
2236 1839 2307 1891 di-

1312 1911 1429 1961 vina
1470 1910 1943 1977 distinguerentur3
2009 1927 2098 1978 per
2157 1928 2212 1964 se
2253 1921 2305 1966 et

1309 1986 1519 2036 seorsim
1562 1984 1781 2052 spectari
1826 1992 2052 2052 possent,
2097 1992 2149 2038 et
2189 1987 2304 2039 ideo

1308 2059 1661 2127 quaerendum
1689 2065 1844 2119 esset,
1869 2075 1933 2109 an
1951 2059 2054 2110 sint
2081 2059 2300 2122 infinita,

1308 2149 1371 2184 an
1405 2131 1543 2185 non?
1569 2163 1642 2171 —
1667 2132 1718 2184 Si
1749 2132 2043 2184 dicerentur
2072 2133 2298 2196 infinita,

1309 2213 1382 2259 tot
1409 2210 1759 2259 statuerentur
1788 2207 1922 2259 entia
1954 2206 2173 2270 infinita,
2195 2224 2304 2260 rea-

1308 2281 1425 2332 liter
1466 2281 1739 2342 distincta,
1784 2287 1907 2349 quot
1963 2289 2303 2334 numerantur

1305 2356 1572 2406 attributa:
1606 2356 1646 2406 si
1675 2361 1852 2406 autem
1883 2361 2196 2422 negarentur
2224 2357 2302 2407 in-

1306 2429 1469 2489 finita,
1495 2428 1599 2480 Deo
1622 2429 2038 2481 adscriberentur
2055 2430 2300 2482 attributa

1306 2503 1447 2555 finita
1477 2509 1526 2554 et
1556 2503 1793 2563 limitata,
1826 2509 1877 2553 et
1906 2503 1978 2554 sic
2008 2504 2144 2555 notio
2167 2504 2301 2555 entis

1304 2576 1501 2627 infinite
1545 2576 1751 2643 perfecti
1801 2583 2141 2628 everteretur.
2202 2576 2301 2629 Ad·

1305 2651 1459 2702 missa
1488 2665 1609 2716 ergo
1638 2650 1762 2700 reali
1793 2650 1927 2702 inter
1954 2650 2203 2702 attributa
2229 2650 2295 2701 di-

1305 2725 1421 2775 vina
1463 2723 1829 2784 distinctione,
1877 2723 1957 2774 vel
2009 2723 2181 2791 plures
2218 2723 2297 2776 Dii

1301 2804 1674 2858 statuerentur,
1708 2797 1786 2849 vel
1817 2800 1969 2849 etiam
2000 2813 2135 2850 unus
2160 2797 2297 2850 Deus

1301 2888 1328 2924 e
1359 2871 1526 2923 medio
1556 2871 1843 2923 tolleretur.
2043 2932 2045 2935 ι

1373 2946 1426 2998 9..
1460 2945 1705 3007 Quamvis
1732 2945 1978 2997 attributa
2009 2943 2184 2996 divina
2222 2945 2297 2996 in-

1302 3026 1378 3072 ter
1412 3035 1466 3071 se
1496 3019 1704 3070 realiter
1746 3035 1845 3070 non
1876 3018 2294 3086 distinguantur,

1302 3093 1424 3144 nibil
1459 3099 1626 3145 tamen
1657 3093 1850 3156 obstat,
1897 3093 2171 3161 quominus
2237 3106 2298 3143 ea

1301 3174 1473 3219 nostro
1515 3166 1773 3233 cogitandi
1824 3166 1973 3219 modo
2013 3165 2296 3233 distingua-

1297 3256 1432 3302 muS,
1465 3246 1516 3292 et
1556 3240 1877 3294 utdistincta
1917 3238 2290 3308 concipiamus·

1342 3399 1392 3485 54)
1435 3402 1453 3432 ι’.
1479 3398 1500 3433 5
1517 3399 1561 3433 (le
1585 3398 1687 3433 Trin.
1713 3409 1733 3432 c
1765 3396 1820 3470 {0-

1341 3442 1394 3533 (33
1415 3444 1458 3522 1¹1.
1477 3443 1519 3523 1⁷0
1529 3443 1687 3524 5335&
1707 3452 1796 3522 vcia*

1725 3680 1737 3707 ὀ
