2332 3860
1216 129 1280 138 »ἦ

674 169 738 206 DE
773 170 871 207 nno
907 169 958 206 :N
994 167 1264 222 acti-riom
1294 142 1366 221 ,Ab
1404 169 1611 208 munuum
1644 169 1906 208 spmrno.

267 247 411 303 nulla
451 264 677 319 unquam
706 250 842 302 inter
882 251 1154 303 veritatem
1182 266 1262 302 re-
1334 249 1649 305 Vidw³alioem
1673 237 1822 320 leqem
1847 251 1902 305 'in
1927 246 2171 304 membru

334 149 456 206 »570

267 322 511 390 velatam,
539 339 600 376 ac
627 325 880 378 rationem
908 324 1263 392 contradictio,

267 395 350 449 vel
390 399 733 466 repugnantia
772 414 886 451 esse
927 399 1103 467 possit:
1134 399 1265 450 ratio

265 476 439 524 tamen
483 471 709 525 humana
736 473 789 524 in
818 472 914 525 hoc
941 488 1001 524 eo
1019 473 1265 540 promtior

251 559 378 615 esse
395 545 549 599 debet
577 546 639 599 ad
656 547 957 615 obsequium
978 546 1096 598 fidei
1119 562 1263 615 prae-

264 619 529 679 standum,
573 636 673 690 quo
702 622 865 689 magis
898 622 1006 689 ipsa
1048 637 1114 672 ex
1143 636 1264 672 con-

263 693 576 746 sideratione
648 695 932 762 praesentis
996 694 1262 746 hominum

262 773 429 819 status
468 768 533 819 ad
573 776 847 836 peccatum
885 767 1134 836 originale
1174 768 1265 820 ad-

262 841 572 894 mittendum
612 843 922 910 impellitur,
952 850 1004 894 et
1030 859 1131 911 quo
1169 844 1263 894 mi-

263 930 362 967 nus
418 916 555 968 inter
595 916 884 968 doctrinam
942 917 1258 978 revelatam,

262 996 315 1042 et
352 996 495 1042 certa
536 991 748 1043 rationis
788 991 1036 1059 principia
1059 998 1262 1043 contra-

262 1063 542 1117 dictionem
581 1065 853 1118 ostendere
894 1066 1052 1118 valet.
1099 1064 1258 1117 Hinc:

260 1210 286 1243 1.
307 1209 559 1246 consideratio
578 1210 782 1255 praesentis
806 1210 999 1245 hominum
1016 1215 1134 1245 status
1154 1210 1262 1246 ratio-

305 1278 388 1304 nem
412 1271 457 1306 ad
482 1275 674 1314 peccatum
695 1270 878 1315 originale
901 1271 1169 1307 admittendum
1192 1272 1261 1306 im-

303 1328 415 1372 pellit.

648 1412 686 1470 ς
725 1417 874 1459 196.

336 1510 361 1562 4
379 1551 390 1562 .
433 1508 584 1562 quta
611 1509 899 1564 doctrinam
927 1510 1260 1564 revelationis

264 1585 412 1653 primi
451 1584 673 1636 hominis
714 1592 985 1652 peccatum
1024 1602 1140 1637 cum
1183 1586 1259 1637 fu-

261 1660 420 1711 nestis
459 1660 566 1711 suis
605 1659 874 1712 effectibus
925 1662 974 1711 in
1031 1667 1260 1727 posteros

259 1733 479 1785 transiit.
513 1732 698 1785 Nullus
725 1741 898 1786 autem
930 1734 1259 1802 philosophus

260 1823 452 1874 negare
495 1814 679 1875 potest,
712 1808 1009 1874 indigitatos
1044 1809 1259 1860 effectus

258 1883 312 1933 in
353 1881 648 1933 hominibus
687 1883 991 1949 conspicuos
1032 1882 1162 1934 fieri.
1194 1881 1258 1934 Ο-

259 1971 407 2008 mnes
447 1956 582 2007 enim
626 1955 1026 2020 infi1·mitatibuS‚
1066 1957 1257 2008 morbis

259 2037 312 2083 et
353 2030 502 2081 morti
556 2030 774 2082 subiecti
815 2037 968 2082 sunt:
1015 2030 1257 2082 mulieres

258 2105 310 2156 in
352 2103 529 2155 dolore
570 2105 778 2171 pariunt
814 2104 967 2165 filios,
1012 2103 1164 2157 bomo
1204 2104 1254 2156 in

257 2177 444 2231 sudore
485 2177 662 2230 vultus
716 2179 942 2230 vescitur
998 2194 1163 2245 pane;
1206 2186 1256 2230 et

257 2253 309 2304 in
339 2253 446 2319 ipso
467 2251 766 2304 verificatur
793 2252 919 2304 illud
950 2251 1069 2305 lobi:
1101 2253 1256 2304 Homo

255 2334 400 2379 natus
426 2326 481 2377 de
509 2326 732 2387 muliere,
765 2326 893 2379 brevi
937 2326 1098 2378 vivens
1144 2335 1256 2378 tem-

255 2416 397 2468 pore,
440 2399 655 2468 repletur
693 2400 861 2452 multis
899 2399 1114 2452 miseriis
1156 2399 1248 2471 (1).

255 2474 306 2527 Si
348 2480 522 2527 autem
563 2474 779 2526 effectus
830 2477 1066 2542 peccati,
1128 2489 1255 2543 quos

255 2547 505 2600 revelatio
557 2548 833 2616 indigitat,
877 2554 1163 2601 cernuntur
1203 2550 1253 2600 in

257 2622 588 2684 hominibuS‚
650 2621 902 2691 quomodo
960 2639 1085 2675 sana
1126 2624 1254 2675 ratio

257 2696 540 2748 eorundem
580 2712 790 2748 causam
827 2712 1016 2764 negare
1046 2698 1250 2763 poterit,

257 2785 411 2838 quam
450 2770 631 2822 eadem
670 2771 919 2822 revelatio
965 2771 1213 2837 assignat.

328 2844 384 2895 2.
431 2843 545 2911 lpsa
593 2860 721 2897 sana
771 2844 900 2896 ratio
951 2845 1250 2910 cognoscit,

258 2915 519 2969 bominem
558 2919 609 2970 in
652 2918 790 2970 bunc
825 2918 982 2970 finem
1020 2924 1254 2970 creatum

259 3005 394 3049 esse,
422 2998 477 3043 ut
505 2993 778 3044 veritatem
798 3008 1115 3057 cognoscens
1144 3008 1255 3060 per-

256 3063 443 3117 fectam
502 3066 1160 3134 moralitatem-sectetur,
1205 3072 1255 3117 et

257 3136 517 3188 mediante
558 3140 654 3191 ista
681 3180 693 3202 ‚
738 3155 916 3191 veram
957 3139 1254 3192 felicitatem

258 3217 634 3277 promereatur.
697 3212 850 3281 Atqui
905 3213 1075 3266 homo*
1107 3213 1255 3265 facile

258 3285 542 3352 cognoscit,
586 3300 640 3336 se
668 3301 759 3352 per
785 3287 1021 3339 stimulos
1049 3287 1251 3338 inferio-

237 3370 346 3424 res
378 3374 408 3411 a
447 3358 552 3410 fine
590 3373 683 3409 suo
712 3359 910 3412 sortiter
950 3360 1164 3420 retrahi,
1190 3374 1256 3411 ac

257 3426 474 3500 quisque
504 3430 652 3485 fateri
674 3431 963 3484 debetcum
987 3432 1250 3500 Apostolm

302 3527 357 3574 (1)
380 3530 457 3566 lob.
483 3529 535 3566 14.
549 3528 582 3567 Ι.
924 3530 978 3577 (2)
1004 3532 1108 3568 Rom.
1133 3530 1166 3568 7.
1191 3530 1244 3567 24.

1654 81 1658 88 .
1665 79 1677 90 ὀ
1697 79 1734 93 ,οΜ
1760 77 1822 89 *ν’-αν,

1647 85 1864 124 ..dh-¹?

1430 118 1457 125 “’
1514 126 1616 135 ..-μ
1623 130 1642 133 -.
1651 112 1697 132 .Φὸ-
1704 115 1713 120 ’

1325 322 1672 407 repuqnamem
1691 320 1786 395 legi
1804 321 1978 378 mentis
1997 340 2157 386 meae,
2180 333 2226 377 ez

1317 395 1587 465 patrantem
1632 415 1706 452 me
1743 400 1798 452 in
1834 399 1931 468 leqe
1952 398 2154 469 peccati,
2195 414 2226 467 q
2290 398 2298 471 J

1325 472 1466 524 estin·
1485 471 1715 525 membris
1731 474 1850 526 meis
1873 473 1972 544 (Ξ).
1997 473 2063 526 Et
2089 472 2226 542 quod
2264 469 2332 540 ig}

1329 546 1503 608 nobiS‚
1546 546 1597 598 id
1637 546 1805 600 etiam‘
1830 547 1882 599 in
1922 547 2040 600 aliis
2076 539 2332 614 observa}

1327 635 1477 681 muS,
1532 621 1776 673 nimirum
1830 622 2001 674 varios
2051 620 2332 695 deiectum}

1326 694 1644 747 inordinatas
1669 694 1952 763 passioneS,
1996 694 2332 765 intellectum

1325 769 1680 830 obcaecatum,
1723 770 2041 822 voluntatem
2079 769 2133 820 in
2171 767 2332 831 devifl

1326 850 1547 911 raptam.
1621 842 1912 909 Paedagogi
1979 839 2332 905 communitefl

1324 918 1685 985 experiuntur,
1730 933 1914 985 pueros
1940 916 2045 969 iam
2071 933 2102 970 a
2129 908 2332 979 tenerii

1324 992 1474 1043 annis
1491 992 1755 1060 proniores
1776 1007 1888 1043 esse
1908 991 1971 1043 ad
1995 991 2141 1053 vitia,
2165 1006 2285 1060 quas

1323 1064 1388 1117 ad
1436 1066 1680 1119 virtutem
1708 1106 1720 1127 ,
1783 1063 2183 1134 difficillimeque
2233 1081 2292 1119 eo

1325 1139 1506 1193 deduci
1573 1156 1662 1207 per
1743 1146 1940 1192 rectam
2014 1139 2332 1202 moralitati!

1325 1215 1482 1266 viam.
1544 1214 1941 1267 Observationes
1963 1214 2093 1267 istae
2133 1217 2332 1271 verunt

1323 1288 1601 1340 ostendunt
1622 1287 1747 1340 illud
1777 1288 1911 1357 quod
1939 1289 2186 1356 scriptum
2215 1288 2332 1349 estas

1321 1361 1500 1414 Sensus
1526 1371 1569 1414 et
1595 1364 1819 1430 copitalio
1848 1363 2052 1414 humani
2077 1361 2238 1415 cordis
2262 1361 2332 1420 ivl

1322 1439 1509 1489 mal-um
1546 1452 1708 1505 prona
1745 1439 1863 1488 sunt
1898 1436 1956 1487 ab
2001 1435 2332 1505 adolescentie!

1321 1526 1410 1562 sua
1440 1510 1537 1581 (3).
1572 1511 1805 1578 Denique
1834 1517 2026 1578 quanta
2054 1510 2199 1562 sitin
2228 1508 2332 1565 hod

1322 1585 1545 1636 minibus
1619 1584 1917 1652 proclivitas
1994 1584 2058 1636 ad
2123 1581 2326 1650 malum]

1325 1660 1595 1727 praecipue
1635 1675 1699 1710 ex
1742 1658 1951 1711 historia
1993 1658 2227 1725 patescit.
2284 1694 2295 1700 ‚

1324 1733 1526 1799 periodo
1566 1733 1932 1800 patriarchali,
1976 1732 2061 1784 ubi
2108 1729 2308 1797 Adamij.

1324 1814 1403 1859 tae
1432 1807 1495 1858 ad
1521 1807 1674 1858 talem
1702 1822 1906 1858 morum
1933 1806 2260 1872 corruptione
2286 1803 2315 1877 '

1322 1881 1681 1942 devenerunt,
1727 1887 1783 1932 ut
1839 1880 1978 1933 Deus
2026 1880 2245 1932 decreve

1322 1962 1487 2008 totum
1525 1971 1690 2022 genus
1731 1954 2015 2007 humanum
2057 1970 2147 2023 per
2186 1951 2311 2007 dilt'z

1323 2030 1458 2083 vium
1500 2029 1765 2082 destruere
1791 2069 1804 2091 ,
1865 2035 2082 2096 excepta
2121 2026 2283 2080 famil‘

1320 2103 1441 2164 Noe,
1487 2120 1578 2172 per
1604 2102 1868 2171 periodum
1899 2103 2196 2164 mosaicam,
2226 2104 2311 2172 ],.

1319 2177 1581 2231 israelitae
1620 2178 1916 2245 saepissime
1954 2194 1983 2230 a
2037 2176 2143 2229 Deo
2183 2175 2244 2228 de
2260 2179 2310 2227 Δ

1318 2253 1513 2304 cientes
1540 2293 1553 2313 ,
1614 2251 1932 2319 gravissimis
1994 2250 2201 2318 flagitiis
2263 2258 2306 2278 ⁸·

1318 2327 1776 2384 contaminarunt,
1822 2341 1982 2394 usque
2033 2324 2096 2376 ad
2148 2323 2310 2392 peri

1319 2401 1442 2452 dum
1480 2400 1845 2461 christianam,
1888 2401 1938 2451 in
1991 2413 2092 2466 qua
2132 2413 2231 2466 qua
2264 2419 2293 2466 νἸ

1321 2475 1545 2541 plurimi,
1588 2490 1688 2526 non
1722 2472 2042 2526 obstantibus
2081 2471 2299 2524 salub.'⁷

1319 2548 1459 2600 rimis
1498 2546 1685 2599 Christi
1726 2546 2078 2608 documentis,
2134 2552 2186 2597 et

1319 2621 1575 2673 lidissimis
1614 2620 1795 2673 salutis
1842 2620 2052 2681 mediiS‚
2107 2621 2286 2687 genti

1318 2701 1395 2747 ter
1435 2695 1618 2746 vivunt
1644 2694 1926 2747 sceleribus
1964 2709 2018 2745 se
2057 2699 2209 2745 conta
2243 2715 2267 2741 ιι,

1320 2775 1520 2830 nanteS‚
1558 2768 1737 2820 eadem
1778 2767 2072 2837 proclivitas
2110 2767 2174 2819 ad
2230 2775 2262 2813 ι’

1320 2844 1424 2896 lum
1463 2843 1794 2911 conspicitur.
1826 2841 1998 2894 -Ex
2036 2841 2186 2894 dictis
2236 2863 2258 2887 0·

1318 2925 1411 2979 tet‚
1454 2919 1763 2985 pronitatem
1792 2916 2056 2970 bominum
2084 2915 2134 2967 in
2159 2914 2206 2967 vi
2224 2923 2260 2988 ι’ς,

1317 3008 1406 3044 seu
1448 2991 1825 3059 proclivitatem
1862 2991 1927 3042 ad
1969 2988 2160 3041 malum

1320 3065 1656 3137 universalem,
1689 3066 1807 3132 quia
1840 3063 1891 3116 in
1919 3063 2156 3115 omnibus
2183 3068 2235 3114 t

1320 3138 1545 3206 poribuS‚
1589 3139 1711 3190 locis
1750 3144 1800 3190 et
1829 3137 2238 3205 personarum-c*

1318 3213 1593 3264 ditionibus
1653 3211 1939 3278 reperitur3
2010 3211 2223 3262 con-nata?

1317 3287 1434 3354 quia
1475 3286 1523 3337 in
1568 3286 1743 3354 primis
1770 3284 2030 3352 pueritiae
2069 3285 2221 3335 anni

1320 3359 1502 3426 prodit,
1546 3365 1599 3411 et
1636 3360 1790 3412 etiam
1810 3357 1888 3410 >ab
1925 3356 2027 3409 illis
2065 3373 2142 3410 sc

1317 3432 1401 3501 qui
1441 3432 1536 3484 sibi
1578 3431 1776 3485 nullam
1803 3444 2148 3500 unquamver

1359 3529 1525 3577 (eicon.
1550 3528 1586 3574 ε,
1609 3530 1650 3566 21
2183 3511 2217 3539 ·”
