2332 3860
51 1750 54 1755 .
51 1666 79 1719 l:
39 1263 83 1651 ’ζ.ῥιί,ῥ,4,ζαυρ”εὖῗδ.νᾶἦῇ
54 1202 86 1247 ἸηῃτιῚ
47 1149 94 1174 H:
46 1103 81 1130 '‘A''
47 1045 66 1069 iv'.
59 999 70 1015 ,-
63 978 74 986 .⁴
67 959 71 964 .
55 926 77 938 *z
59 809 85 843 -Ύΐ

752 123 874 161 PARS
909 123 964 162 n.

142 524 168 555 ι(
196 503 322 568 Quia
362 518 514 570 saepe
554 504 602 553 in
646 501 918 555 levissimis
948 509 1000 554 et
1035 502 1127 553 ali-

79 602 88 621 v
135 577 341 649 quando
362 577 580 628 incautis
595 576 821 644 subrepit
839 584 1125 644 peccatum,

90 656 101 684 ‘-
140 659 192 705 et
210 652 327 704 iusti
350 650 556 702 fuerunt
577 657 628 702 et
655 651 764 702 sine
787 657 996 719 peccato
1026 667 1122 702 non

138 725 363 780 fuerunt.
400 745 425 773 »
469 724 525 777 ln
568 724 775 777 Eneliir.
810 724 886 795 (2)
915 725 1121 776 scribit:

141 819 167 851 «
182 799 260 853 De
277 799 603 868 quotidianiS,
624 800 881 865 brevibuS,
906 798 1127 850 levibus-

108 890 232 944 ·que
257 874 494 942 peccatis,
526 874 636 924 sine
664 874 850 941 quibus
873 873 997 923 baec
1021 874 1125 923 vita

137 964 237 1001 non
295 947 520 1005 ducitur,
562 948 856 1015 quotidiana
897 946 1125 998 fidelium

137 1022 297 1076 oratio
334 1022 600 1074 satisfacit.
648 1021 835 1073 Eorum
877 1025 1011 1072 enim
1049 1030 1124 1071 est

137 1096 348 1150 dicere.-
403 1094 558 1148 Pater
608 1106 787 1156 noster,
850 1096 936 1163 qui
982 1111 1030 1145 es
1069 1097 1123 1145 in

102 1170 314 1232 'coeli33
354 1172 437 1239 qui
481 1171 579 1221 iam
623 1170 709 1222 tali
751 1169 885 1221 Patri
916 1185 1124 1236 regene-

136 1248 228 1298 rati
252 1251 373 1296 sunt
394 1261 460 1295 ex
487 1260 618 1313 aqua
640 1250 689 1296 et
711 1243 900 1311 Spiritu
919 1243 1123 1295 Sancto.

138 1318 287 1371 Delet
325 1318 531 1370 omnino
573 1318 699 1370 haec
727 1319 887 1370 oratio
916 1318 1122 1369 minima

138 1399 188 1445 et
226 1393 520 1461 quotidiana
563 1399 786 1459 peccata.
834 1392 896 1444 Et
944 1392 1029 1444 lib.
1063 1393 1124 1442 de

138 1467 260 1534 spir.
290 1474 340 1518 et
382 1467 476 1517 litt.
507 1466 583 1535 (5)
615 1467 739 1519 baec
778 1466 966 1518 habet:
1001 1486 1027 1514 «
1054 1465 1127 1517 Si-

136 1547 225 1592 cut
266 1556 364 1592 non
406 1541 690 1608 impediunt
727 1557 755 1592 a
792 1542 893 1592 vita
915 1547 1122 1592 aeterna

137 1617 324 1666 iustum
361 1615 612 1682 quaedam
656 1623 864 1682 peccata
888 1614 1124 1680 venialia,

137 1689 247 1741 sine
274 1689 456 1756 quibus
488 1689 612 1740 haec
641 1691 747 1740 vita
774 1705 872 1741 non
897 1688 1121 1749 ducitur,

138 1764 209 1814 sic
247 1763 310 1814 ad
351 1762 571 1814 salutem
599 1769 863 1815 aeternam
903 1763 970 1814 nil
1014 1779 1125 1830 pro-

136 1843 258 1889 sunt
309 1837 463 1902 impio
521 1837 691 1905 aliqua
751 1838 882 1890 bona
948 1852 1121 1904 opera,

63 1914 83 1923 ”
137 1912 246 1963 sine
284 1911 468 1979 quibus
507 1910 801 1963 difficillime
832 1912 934 1963 vita
962 1913 1128 1962 cuius-

66 2004 77 2037 -·,
141 1985 262 2037 libet
328 1985 527 2053 pessimi
586 1987 803 2053 bominis
843 1988 1121 2038 invenitur.

0 2063 3 2081 ‘²
55 2077 85 2126 ς,
140 2057 196 2113 S.
225 2057 491 2127 Greyorins
520 2059 598 2112 M.
634 2058 709 2129 (lt)
740 2061 948 2112 scribit:
978 2080 1002 2108 «
1023 2059 1127 2111 Hoc

0 2128 5 2149 ¹*
70 2135 74 2182 ἰ
140 2133 274 2185 inter
316 2139 579 2200 peccatum
620 2134 793 2196 distat,
838 2141 889 2186 et
915 2135 1126 2200 crimen,

84 2215 96 2279 J
139 2206 274 2276 quod
314 2223 464 2259 omne
498 2209 690 2260 crimen
735 2217 1002 2276 peccatum
1027 2215 1123 2269 est,

141 2298 239 2334 non
282 2288 453 2334 tamen
497 2298 647 2334 omne
707 2290 971 2350 peccatum
1032 2284 1128 2334 cri-

0 2350 2 2404 l
75 2356 83 2415 f
142 2371 258 2407 men
300 2363 394 2408 est.
440 2355 504 2407 Et
542 2356 591 2407 in
651 2355 747 2408 hac
814 2358 917 2409 vita
984 2358 1127 2408 multi

78 2443 102 2494 ss
143 2430 252 2482 sine
309 2430 546 2491 crimine,
610 2431 782 2483 nullus
839 2446 963 2482 vero
1020 2432 1129 2482 sine

60 2504 83 2564 ἶ·
144 2504 368 2573 peccatis
406 2520 517 2556 esse
558 2503 764 2556 valet...

135 2577 325 2630 >delicet
367 2584 690 2646 peccatorum
745 2584 796 2630 et
838 2581 1129 2631 criminum

809 2503 866 2556 ln
908 2521 1007 2573 qua
1057 2507 1130 2556 vi-

59 2651 465 2726 ,Jdistinctione
509 2652 827 2721 pensandum
867 2660 965 2714 est,
1014 2654 1130 2721 quia

145 2726 390 2778 nonnulla
415 2733 619 2794 peccata
637 2727 862 2780 animam
880 2727 1131 2795 polluunt,

62 2818 78 2863 ξ,
143 2814 294 2870 quam
334 2801 548 2852 crimina
587 2803 918 2867 extinguunt.
956 2821 982 2850 η

213 2874 267 2926 2.
328 2873 514 2940 Negari
572 2890 602 2926 a
660 2876 865 2926 nemine
926 2881 1128 2943 potest,

132 2946 330 3016 ’ubique
373 2948 599 3000 locorum
625 2949 676 3000 in
704 2948 931 3001 Ecclesia
960 2948 1133 3000 catho-

146 3019 241 3074 lica
274 3020 408 3074 hane
447 3022 620 3089 vigere
643 3022 928 3075 doctrinam
955 3039 968 3073 :
1002 3022 1131 3091 quod

44 3146 85 3194 Jjjt,

59 3095 118 3152 ²⁷22-
148 3102 358 3162 peccata
399 3095 655 3158 mortalia,
697 3113 796 3148 non
836 3103 1008 3149 autem
1044 3111 1133 3148 ve-

148 3168 300 3220 nialia
340 3170 561 3237 gratiam
600 3170 1009 3223 sanctificantem
1049 3186 1137 3222 au-

52 3244 83 3302 ζ
134 3239 331 3304 atei-ant,
377 3243 734 3312 hominemque
772 3251 1015 3297 aeternae
1053 3243 1137 3295 da-

64 3299 138 3326 ἧχ’,

60 3348 91 3373 »
148 3316 421 3368 mnationis
460 3333 605 3369 reum
626 3319 866 3370 constitu
868 3324 960 3371 int
997 3318 1135 3370 Haec

62 3401 86 3424 ἢ

29 3449 34 3451 ’
64 3458 86 3482 τ

71 3591 94 3612 ι

70 3614 105 3661 ³2⁵.
114 3655 115 3658 ,

151 3385 379 3440 doctrina
417 3389 484 3442 in
510 3390 654 3444 libris
691 3391 1003 3461 symbolicis,
1044 3406 1133 3442 seu

190 3484 376 3530 amsa
862 3491 958 3537 ομ,
991 3491 1045 3527 τι

190 3837 196 3843 -
251 3839 257 3850 ,

24 3858 29 3860 a
202 3853 206 3860 .

1007 122 1183 162 sceno
1219 123 1258 163 ι.
1301 122 1459 171 (ἌρηϊῚ
1490 123 1560 161 iv.
1623 139 1625 142 <

3 207 193 274 ;,’8.
233 205 536 278 Auyuseinus
570 203 855 258 doctrinam
915 204 1127 263 catholi-

11 279 264 338 *poam
270 280 487 335 multis
477 296 527 332 in
556 278 681 332 loeis
703 279 956 347 prononit.
991 279 1044 333 L.
1064 279 1126 332 de
1193 295 1394 349 porum,
1435 295 1527 332 seu
1568 279 1724 332 etiam
1747 281 1894 330 Rom.
1921 276 2182 332 Pontificis

0 363 245 420 >‚xssuat
286 360 339 408 et
375 361 509 421 grat.
555 352 628 424 (l)
671 353 885 438 loquens
934 355 996 406 de
1043 353 1128 406 bo-

54 429 354 505 {minibus
392 428 664 480 sanctitate
704 429 994 495 conspicuis
1031 429 1122 480 ait.

2002 107 2103 162 581

1187 206 1239 259 in
1279 204 1645 268 catechismis,
1710 202 1909 272 publica
1969 203 2178 273 Episco

1190 354 1496 408 auctoritate
1535 347 1704 414 editis,
1749 351 1982 419 exposita
2034 352 2180 405 inve-

1192 431 1347 482 nitur.
1417 427 1647 481 Eandem
1711 426 1933 493 theologi
1998 441 2178 478 omnes
2236 432 2239 434 ’

1192 503 1422 564 tradunt,
1465 508 1518 554 et
1556 507 1735 554 contra
1774 500 2061 553 haereticos
2090 499 2180 552 de-

1190 578 1421 629 fendunt.
1467 575 1697 628 Eandem
1737 582 1966 643 pastores
1986 573 2182 626 anima-

1189 666 1301 703 rum
1342 651 1391 703 in
1416 651 1748 703 concionibus
1776 650 1846 701 ita
1869 655 2178 716 proponunt,

1189 732 1244 776 ut
1284 724 1424 776 illam
1463 725 1574 776 sine
1615 724 1952 776 haesitatione
1978 722 2040 774 ad
2068 737 2180 790 pra·

1186 796 1295 850 xim
1358 798 1609 851 reducant
1674 798 1938 858 docenteS,
2007 796 2179 849 omnia

1189 879 1397 940 peecata
1438 872 1692 933 mortalia,
1738 888 1838 925 non
1878 872 2002 923 item
2021 870 2178 922 etiam

1190 947 1409 999 venialia
1450 947 1739 999 necessario
1781 947 1830 998 in
1861 945 2179 997 confessione

1187 1022 1489 1088 exponenda
1517 1037 1649 1082 esse,
1674 1028 1726 1073 et
1753 1020 1806 1072 S.
1839 1019 2073 1088 Synaxin
2103 1034 2183 1071 sa-

1187 1095 1430 1163 crilegam
1459 1096 1589 1158 fieri,
1615 1096 1656 1148 si
1684 1095 1797 1163 quis
1824 1094 1874 1146 in
1905 1099 2041 1146 statu
2074 1108 2186 1161 pec-

1186 1171 1283 1221 cati
1318 1170 1567 1231 mortalis,
1608 1186 1707 1221 non
1747 1175 1941 1230 autem,
1979 1169 2022 1220 si
2070 1167 2185 1236 quis

1186 1259 1304 1295 cum
1330 1251 1536 1311 peccato
1558 1244 1745 1296 veniali
1774 1242 1915 1295 illam
1957 1242 2182 1309 recipiat.

1189 1317 1385 1370 Fideles
1404 1319 1536 1370 banc
1550 1319 1833 1370 doctrinam
1853 1317 2046 1376 sciunt,
2074 1331 2183 1383 pro-

1186 1391 1416 1452 fitentur,
1444 1392 1618 1461 illique
1637 1398 1692 1444 ut
1713 1397 1883 1443 certae
1910 1398 1960 1443 et
1984 1389 2185 1442 iudubi-

1189 1473 1322 1518 tatae
1344 1467 1632 1518 inhaerent.
1659 1466 1797 1518 Haec
1815 1465 2044 1517 doctrina
2059 1479 2182 1531 ergo

1190 1547 1291 1591 tam
1314 1548 1452 1593 certa
1480 1548 1577 1601 est,
1609 1556 1763 1608 quam
1791 1545 1929 1591 certo
1957 1544 2178 1599 constat,

1189 1615 1478 1667 universale
1545 1614 1831 1675 Ecclesiae,
1883 1614 2038 1664 etiam
2093 1626 2183 1680 per

1186 1690 1359 1741 orbem
1401 1690 1678 1756 dispersae,
1723 1687 2075 1755 magisterium
2129 1685 2180 1737 in

1189 1763 1248 1814 iis
1287 1779 1418 1831 quae
1457 1764 1521 1815 ad
1563 1763 1716 1815 fidem
1758 1768 2034 1829 spectant,
2096 1759 2183 1812 do-

1187 1838 1382 1897 eendiS,
1427 1853 1601 1889 errare
1642 1852 1741 1888 non
1786 1851 1950 1903 posse.
1995 1831 2186 1886 -Ac-

1188 1911 1344 1976 cedit,
1387 1911 1521 1980 quod
1561 1911 1625 1964 ab
1655 1909 1966 1963 adversariis
1985 1907 2182 1960 ostendi

1192 2002 1291 2038 non
1334 1986 1509 2053 possit,
1554 1986 1881 2054 quandonam
1911 1983 2037 2035 haec
2058 1981 2184 2034 fides

1190 2060 1473 2128 inceperit:
1519 2059 1656 2111 unde
1698 2060 1880 2111 merito
1921 2056 2183 2109 concludi-

1191 2141 1294 2194 tur,
1327 2138 1635 2201 propositam
1666 2133 1954 2194 doctrinam
1980 2145 2182 2199 semper

1192 2208 1376 2277 ubique
1417 2216 1468 2261 et
1506 2209 1570 2261 ab
1630 2208 1868 2261 omnibus
1931 2206 2178 2259 creditam

1193 2283 1377 2334 luisse:
1422 2299 1487 2334 ex
1528 2299 1626 2351 quo
1650 2288 2014 2350 argumentum
2040 2295 2181 2348 prae-

1191 2357 1480 2424 scriptionis
1521 2356 1705 2424 prodit.

1266 2431 1318 2483 5.
1366 2431 1484 2482 Dari
1527 2436 1735 2498 peccata
1776 2444 1838 2481 ex
1884 2434 2068 2480 natura
2088 2442 2182 2479 sua

1194 2504 1435 2566 venialia,
1478 2520 1607 2573 quae
1650 2504 1895 2556 iustitiam
1939 2518 2039 2554 non
2090 2500 2184 2553 tol-

1195 2579 1326 2640 lunt,
1371 2580 1526 2630 etiam
1584 2579 1708 2631 satis
1767 2578 1906 2629 clare
1963 2574 2185 2628 Concilio

1193 2654 1522 2705 adseverant.
1566 2652 1722 2704 Conc.
1767 2650 2113 2706 Milevitanum
2145 2647 2186 2700 11

1194 2743 1328 2779 anno
1372 2727 1478 2778 [216
1502 2727 1755 2788 habitum,
1780 2741 1868 2777 seu
1892 2726 2033 2777 iuxta
2059 2722 2187 2775 alios

1196 2800 1582 2869 Carchaqinense
1620 2816 1757 2852 anno
1798 2798 1905 2851 [⁸18
1958 2797 2186 2850 celebra-

1198 2883 1323 2942 tum,
1363 2892 1479 2928 can.
1526 2875 1579 2936 6,
1624 2874 1674 2939 7,
1715 2880 1765 2925 et
1806 2875 1838 2925 8
1868 2872 2036 2925 docet:
2066 2870 2188 2924 San·

1194 2958 1290 3001 clos
1329 2960 1372 3002 et
1412 2951 1564 3001 iustos
1604 2948 1655 2999 in
1696 2948 1784 3000 hac
1822 2946 1917 3001 vita
1956 2963 2058 2999 non
2080 2954 2187 2998 tan-

1197 3031 1300 3075 tum
1339 3023 1611 3083 humiliter,
1655 3022 1735 3074 sed
1771 3028 1814 3074 et
1855 3021 2086 3074 veraciter
2118 3019 2188 3071 di-

1196 3113 1338 3149 cere:
1378 3097 1563 3149 dimitte
1601 3094 1736 3148 nobis
1774 3094 1931 3148 debita
1978 3101 2143 3147 nostra
2168 3110 2185 3141 .-

1196 3171 1329 3240 quod
1368 3170 1422 3223 S.
1466 3170 1706 3239 Synodus
1745 3169 1997 3238 exemplis
2019 3167 2189 3220 decla-

1198 3261 1318 3296 rans
1357 3245 1458 3297 ait:
1501 3243 1711 3298 Sanctus
1737 3285 1750 3307 ‚
1792 3251 1836 3296 el
1885 3243 2047 3296 iustus
2085 3246 2189 3293 erat

1199 3318 1451 3387 Apostolus
1503 3318 1726 3382 Iacobus,
1793 3333 1904 3370 cum
1960 3314 2143 3369 dicebat
2166 3329 2187 3364 .·

1244 3490 1297 3536 (3)
1321 3491 1360 3526 e.
1384 3490 1441 3528 27.
1715 3489 1768 3531 u)
1793 3491 1832 3526 ι..
1852 3458 1914 3531 ἐι,
1937 3487 2025 3523 titur.
2051 3492 2083 3523 c.
2108 3482 2144 3524 ⁹.
