2332 3860
937 183 1090 222 CAPUT
1128 183 1194 222 tv,

1944 176 2005 228 Μ

51 277 155 326 ναι,
183 268 312 324 Nam
337 268 424 337 qui
472 283 527 320 se
572 266 634 319 ad
683 266 730 318 id
762 306 775 327 ,
817 266 868 318 in
911 264 1045 334 quod
1107 265 1219 319 Dei.
1262 265 1361 319 Sed
1401 265 1463 319 ad
1493 264 1632 319 liunc
1658 267 1911 336 triplicem
1934 271 2089 327 finem

52 344 235 413 tendit,
267 340 564 413 pervenisse
605 339 912 408 praesumit,
944 355 1044 392 non

50 420 278 489 quaesita
292 415 503 484 reperit,
529 415 616 469 sed
641 415 694 466 in
716 413 1047 482 inquisitione

51 492 245 546 deficit.
275 511 297 540 »
319 489 534 543 Celebre
559 488 851 540 estdictum
875 485 928 539 S.
954 486 1047 539 Isi-

52 566 163 620 dori
186 563 336 634 Hisp.
367 564 454 633 qui
492 562 748 616 sacerdoti
778 562 1050 614 scientiam

54 656 153 693 non
195 641 388 700 minue,
419 652 575 707 quam
604 637 850 704 pietatem
876 651 1051 687 neces·

56 714 247 767 sariam
271 712 503 765 iudicans
544 711 742 779 inquit:
774 730 796 758 «
822 709 1048 762 Scientia

53 789 165 842 sine
219 787 408 856 pietate
456 791 789 852 arrogantem
835 783 1046 847 reddit3

54 863 218 931 pietas
268 863 379 913 sine
439 859 654 912 scientia
708 857 964 910 inutilem.
1022 877 1046 906 »

57 934 284 988 Concilia
312 949 534 1003 quoque,
566 939 617 986 et
647 932 796 985 Rom.
842 930 1050 984 Pontifi-

56 1026 142 1062 ces
194 1008 360 1062 studia
411 1006 697 1075 theologica
749 1014 807 1058 ut
852 1006 1052 1058 clericis

58 1084 284 1136 maxime
314 1082 603 1135 necessaria
645 1082 942 1150 frequenter
981 1080 1054 1131 in-

58 1158 350 1210 calcarunt.

145 1230 439 1284 5.Chi’istus
460 1230 524 1282 ad
540 1228 832 1297 ApostoloS,
851 1243 1056 1281 eorum-

60 1321 160 1375 que
189 1321 516 1359 successores
538 1304 687 1356 dixit:
727 1303 815 1357 Vos
837 1306 945 1355 estis
968 1302 1056 1354 tux

59 1380 235 1432 ”tund-i
286 1378 403 1452 (t),
458 1385 510 1431 et
555 1378 703 1430 iussit
755 1393 842 1429 eos
893 1378 1056 1430 docere

62 1455 225 1506 onmia
268 1451 376 1525 (ἓ),
420 1469 549 1522 quae
590 1451 878 1524 mandavit.
911 1451 1056 1503 Fide·

62 1527 137 1580 les
178 1527 332 1596 igitur
379 1544 469 1596 per
517 1526 809 1579 sacerdotes
867 1525 1055 1577 illumi-

67 1602 242 1662 nandi,
288 1608 338 1654 et
378 1603 430 1654 in
468 1600 774 1653 veritatibus
814 1600 930 1651 fidei
978 1600 1056 1650 in-

64 1676 295 1729 struendi
337 1682 478 1736 sunt,
522 1690 584 1728 ac
624 1681 893 1742 propterca
920 1673 1069 1725 hisce.

72 1750 231 1810 clara,
264 1749 520 1816 completa
562 1755 612 1799 et
650 1748 811 1800 solida
846 1747 1057 1813 (logma-

72 1831 180 1876 tum
211 1823 434 1888 cognitio
464 1822 751 1873 necessaria
794 1828 890 1871 est.
934 1820 1059 1882 Quia

71 1898 230 1957 enirn,
263 1911 577 1965 quaecunque
620 1895 799 1963 scripta
826 1902 958 1955 sunt,
1001 1894 1062 1945 act

71 1979 293 2024 nostram
320 1971 591 2023 doctrinam
619 1971 799 2038 scripta
826 1977 938 2019 sunt
961 1966 1058 2037 (5),

73 2053 123 2098 et
144 2045 404 2114 quaelibet
439 2044 671 2096 doctrina
712 2043 958 2094 divinitus
987 2058 1065 2093 re-

72 2119 244 2172 velata
273 2119 412 2171 utilis
439 2126 506 2170 est
533 2118 595 2170 ad
634 2117 917 2177 docendum,
950 2123 1060 2168 etc:

74 2199 274 2263 oportet
314 2194 522 2245 omnino
574 2197 632 2243 ut
671 2191 965 2244 sacerdotes
1004 2190 1064 2241 de

76 2267 313 2320 omnibus
352 2265 702 2319 Revelationis
746 2265 1067 2318 documentis

75 2341 268 2394 claram
298 2347 349 2394 et
367 2341 580 2393 solidam
604 2341 950 2407 cognitionem
973 2336 1066 2390 sibi

79 2431 380 2484 comparare
421 2414 682 2474 studeant,
720 2422 776 2466 ut
806 2415 909 2466 sint
936 2413 1069 2465 sicut

80 2489 309 2558 Apostoli
337 2491 550 2542 docentes
598 2489 761 2540 omma
805 2487 902 2558 (lt);
944 2486 1071 2537 nihil

79 2563 281 2615 utilium
302 2563 658 2627 subtrahent083
672 2604 681 2613 .
697 2604 733 2615 ..
762 2579 900 2614 omne
920 2561 1073 2615 consi-

38 2698 41 2699 ,
91 2637 212 2691 lium-
251 2637 343 2691 Det
375 2638 728 2690 anmmciantes
751 2634 848 2708 (tt).

490 2783 528 2842 ς
556 2783 661 2828 za.

530 2887 620 2942 vl.

99 2990 211 3033 Finis,
236 2991 278 3025 ad
298 2999 407 3033 quem
425 2990 500 3034 ipsa
515 2989 645 3032 tendit,
660 2994 715 3024 est
729 2990 1076 3033 praestantissimus.

163 3082 510 3135 Praestantior
538 3080 654 3134 finis
683 3082 966 3149 excogitari
996 3098 1078 3134 ne-

13 3203 20 3212 ,.
93 3157 222 3224 quit,
271 3171 422 3224 quam
475 3155 813 3209 sanctificatio
852 3158 1076 3224 propria,

13 3255 28 3293 χ
79 3229 230 3300 μΒεὶΙυις
271 3229 538 3282 bominum
579 3236 811 3294 aeterna,
842 3237 895 3283 et
918 3231 1081 3300 gloria

138 3371 190 3416 (1)
215 3375 343 3411 litattli.
369 3375 404 3413 5.
426 3374 481 3410 14.

157 3418 178 3452 2
214 3419 343 3453 Manli.
368 3419 422 3453 28.

157 3462 175 3495 3
214 3462 319 3497 Rom.
344 3463 399 3500 15,
424 3463 455 3498 4.

141 3504 173 3546 (4
216 3507 342 3541 Mattn.
368 3505 422 3547 28,
448 3506 500 3541 2⁰.

0 3497 64 3860 ἰ
142 3547 178 3583 ‘z
218 3551 295 3586 Act.
319 3549 378 3594 2⁰,
402 3551 458 3592 20,
483 3551 541 3587 ετ.

1110 340 1273 393 tendit
1297 340 1572 418 Theologtia
1601 341 1908 409 dogmatica.

1183 415 1234 467 4.
1269 414 1538 469 Proximus
1559 421 1611 467 et
1632 416 1959 470 immediatus
1977 418 2092 472 finis

1109 488 1415 555 'theologiae
1455 488 1776 555 dogmaticae
1811 491 1980 543 studio
2019 493 2095 544 in-

1111 562 1403 615 cumbentis
1430 563 1563 614 alius
1591 565 1817 630 profecto
1855 580 1955 616 non
1997 573 2094 627 est,

1111 652 1264 705 quam
1293 621 1351 688 ιῆ
1399 635 1461 688 de
1501 635 1744 690 revelatis
1795 639 2098 692 veritatibus

1114 709 1408 763 theoreticis
1459 710 1655 763 claram
1680 751 1697 771 ,
1752 712 2060 781 completam
2084 754 2096 775 ,

1112 785 1328 836 solidam
1366 790 1417 835 et
1456 782 1714 838 efficacem
1756 788 2100 853 cognitionem

1114 859 1460 910 nanciscatur.
1481 857 1574 910 Ast
1592 860 1833 912 veritates
1853 862 1983 914 istae
2000 877 2100 914 non

1114 933 1280 986 solum
1322 931 1643 985 intellectum
1689 933 1975 998 illustrant,
2013 935 2102 988 sed

1114 1009 1267 1060 etiam
1307 1006 1623 1059 voluntatem
1663 1016 1902 1075 movent,
1951 1016 2001 1062 et
2039 1010 2100 1062 ad

1115 1088 1252 1134 recte
1270 1081 1547 1133 vivendum
1566 1081 1837 1150 impellunt
1853 1080 2106 1153 (6).lpsae

1116 1157 1271 1224 igitur
1324 1155 1568 1208 veritates
1594 1197 1605 1216 ‚
1669 1172 1885 1223 quarum
1938 1158 2107 1210 studio

1115 1229 1420 1295 Theologiae
1448 1229 1767 1296 dogmaticae
1795 1229 2107 1284 Candidatus

1117 1310 1418 1372 occupatur,
1446 1304 1574 1356 tales
1595 1311 1735 1366 sunt,
1762 1311 1820 1357 ut
1853 1307 2107 1374 propriam

1119 1380 1275 1447 ipsius
1303 1378 1764 1431 sanctificationem
1797 1386 1849 1432 et
1886 1381 2108 1432 salutem
2168 1388 2172 1393 “

1119 1451 1471 1505 efficacissime
1500 1460 1864 1520 promoveant3
1898 1454 2033 1507 unde
2052 1454 2103 1507 S.

1120 1528 1423 1596 Augustinus
1464 1525 1535 1596 (7)
1579 1527 1920 1593 dogmaticam
1945 1528 2107 1582 Theo-

1123 1601 1308 1669 logiam
1364 1615 1480 1652 eam
1519 1602 1789 1654 scientiam
1841 1602 2104 1670 appellat,

1122 1692 1221 1743 qua
1275 1674 1401 1727 fides
1457 1674 1818 1738 saluberrima,
1869 1692 2000 1745 quae
2046 1677 2109 1729 ad

1122 1750 1422 1802 beatitatem
1447 1763 1626 1800 veram
1665 1749 1825 1810 ducit,
1855 1751 2106 1818 gignitur,

1123 1824 1369 1882 nutritur,
1402 1822 1714 1884 defenditur,
1747 1824 2034 1876 roboratur.

1197 1897 1250 1948 ⁶2.
1303 1895 1397 1968 Qii
1437 1895 1502 1948 ad
1542 1895 1898 1948 Sacerdotium
1943 1898 2109 1965 adspi-

1126 1978 1261 2032 rant,
1294 1970 1343 2021 in
1374 1970 1514 2022 hunc
1541 1986 1743 2038 quoque
1769 1970 1926 2023 finem
1946 1970 2113 2024 Theo-

1129 2045 1291 2111 logiae
1326 2045 1646 2112 dogmaticae
1697 2045 1863 2098 studio
1907 2053 2113 2107 vacant,

1128 2125 1185 2171 ut
1217 2119 1428 2171 idoneos
1450 2134 1504 2170 se
1527 2118 1748 2170 reddant
1770 2118 1834 2170 ad
1858 2119 2112 2172 salutares

1129 2193 1390 2261 religionis
1423 2192 1686 2245 revelatae
1708 2194 1961 2246 ,veritates
2002 2194 2115 2246 aliis

1128 2275 1245 2335 apte
1274 2275 1323 2319 et
1351 2267 1612 2319 fructuose
1641 2267 1935 2330 tradendaS‚
1961 2283 2021 2320 ac
2047 2269 2115 2319 ita

1130 2342 1410 2394 eorundem
1445 2340 1926 2403 sanctificationem,
1951 2348 2116 2394 aeter-

1131 2432 1351 2484 namque
1416 2413 1650 2467 salutem'
1695 2416 2114 2482 promovendam.

1132 2490 1363 2553 Quantae
1416 2495 1590 2540 autem
1638 2489 2012 2550 excellentiae,
2068 2496 2120 2542 et

1133 2565 1308 2633 quanti
1336 2563 1503 2616 meriti
1532 2578 1658 2630 opus
1679 2563 1764 2625 sit,
1796 2563 1922 2615 alios
1947 2564 1997 2615 in
2022 2561 2120 2615 tide

1134 2641 1411 2698 instruere,
1438 2652 1625 2705 eosque
1665 2637 1715 2687 in
1756 2637 1894 2689 viam
1940 2636 2122 2689 salutis

1136 2713 1355 2778 dirigere
1383 2753 1394 2772 ‚
1438 2710 1493 2762 S.
1548 2709 1811 2778 Scriptura
1859 2726 2121 2763 common-

1137 2793 1266 2839 strat
1291 2783 1388 2856 (8),
1423 2785 1619 2837 dicens:
1653 2784 1748 2847 Qui
1768 2785 1895 2836 docti
1915 2786 2122 2852 suerint,

1136 2861 1386 2930 fulgebunt
1406 2862 1547 2927 quasi
1566 2858 1788 2926 splendor
1805 2859 2131 2928 firmamenti!

1138 2944 1180 2987 et
1207 2935 1293 3003 qui
1314 2934 1375 2986 ad
1403 2934 1643 2986 iustitiam
1664 2933 1898 2986 erudiunt
1926 2932 2122 2994 multoc,

1140 3010 1282 3078 quasi
1320 3007 1482 3060 stellae
1520 3008 1573 3059 in
1609 3015 1870 3076 perpetuas
1919 3006 2128 3060 aeterni-

1143 3091 1259 3136 tates
1287 3082 1382 3153 (9).

1215 3157 1268 3210 5.
1314 3155 1566 3219 Quoniam
1590 3154 1821 3208 zarzivcrsa
1842 3161 2041 3225 propter
2060 3169 2129 3206 se·

1143 3232 1396 3300 metipsum
1416 3237 1645 3298 operatu-s
1659 3237 1727 3282 est
1740 3230 1979 3284 Dominus
1993 3227 2037 3299 (l
2052 3226 2128 3298 0);

1206 3373 1242 3418 6)
1267 3374 1291 3419 5
1314 3374 1372 3414 27,
1399 3384 1434 3408 u.
1459 3373 1492 3408 2.

1207 3420 1226 3452 7
1267 3420 1305 3453 L.
1333 3418 1387 3459 14,
1407 3421 1452 3452 (le
1474 3418 1575 3453 Trin.
1600 3428 1632 3453 c.
1660 3418 1693 3461 1,
1719 3427 1756 3452 n.
1783 3417 1817 3453 3.

1269 3465 1356 3497 Dan.
1383 3462 1438 3505 12,
1465 3462 1497 3497 3.

1233 3507 1244 3550 )
1268 3507 1320 3542 Gt.
1343 3507 1426 3541 Mat.
1454 3506 1488 3548 ὅ,
1514 3505 1569 3541 19.
1595 3507 1610 3540 l
1636 3506 1729 3542 Tim.
1757 3505 1790 3550 ὅ,
1817 3505 1872 3542 17.

1231 3551 1266 3593 0)
1291 3553 1397 3588 Prov.
1423 3550 1482 3592 16,
1506 3551 1540 3588 4.
