2332 3860
700 118 821 157 PARS
856 119 929 158 111.
971 118 1137 158 steno
1173 118 1210 157 1.
1253 116 1406 156 ΕΑΡΙΙΤ
1441 115 1479 154 1.

1938 100 2048 157 Atti

0 182 230 272 {libris
255 201 369 259 lesu
408 198 608 255 Christo
635 201 858 254 tributae
883 207 964 254 sat
991 200 1070 253 lu·
1128 201 1179 253 in
1205 198 1478 271 SymboliS,
1522 204 1631 251 tum
1658 196 1711 258 ia
1748 194 1988 252 Conciliis
2014 212 2126 252 cre-

0 258 281 354 '‘'iffiulenta
319 275 382 327 de
409 291 532 327 vera
559 276 719 342 ipsius
746 273 1066 329 humanitate

18 343 362 407 &testimonia
402 348 590 400 ferunt.
711 388 723 401 .

35 439 38 445 ’
147 421 200 475 5.
244 423 325 476 Ss.
380 420 559 474 Patres
618 419 883 474 Christum
935 421 1067 474 sieut

48 510 252 550 verum
293 494 497 556 Deum,
558 494 628 546 ita
689 494 843 547 etiam
885 510 1066 546 verum

42 559 330 625 hominem
359 583 561 635 semper
600 568 809 635 professi
837 574 976 620 sunt
1008 566 1059 619 S.

61 638 288 707 &lustinus
328 639 403 713 (l)
446 641 508 693 de
548 640 661 692 lesu
702 640 902 693 Christo
942 641 1066 692 scri-

43 704 164 770 bit:
211 735 236 764 «
280 715 426 767 Prius
447 714 654 783 quidem
683 714 844 783 Moysi
873 722 923 766 et
950 730 1066 766 cae-

73 790 195 846 teris
231 788 497 856 Prophetis
536 789 586 840 in
628 790 798 855 specie
838 789 986 855 igniS,
1015 794 1066 839 et

72 863 291 931 imagine
314 863 614 930 incorporea
644 862 783 914 visus
804 869 900 923 est,
926 877 1064 912 nune

72 945 240 990 autem
270 936 490 1004 Augusti
520 937 834 1004 temporibus
862 952 927 987 ex
954 933 1066 989 Vir-

68 1011 187 1078 gine
224 1011 376 1063 homo
431 1012 596 1062 sactus
646 1016 723 1061 est
778 1010 1062 1062 secundum

69 1082 232 1156 Patris
288 1085 607 1137 voluntatem
649 1099 738 1150 pro
777 1083 944 1135 salute
985 1100 1065 1134 eo-

68 1174 216 1219 rum,
256 1158 340 1226 qui
381 1158 453 1209 illi
493 1157 731 1210 credunt.
768 1177 794 1206 η
838 1156 890 1209 S.
923 1157 1066 1225 [qna-

67 1232 167 1288 tius
210 1232 285 1286 M.
308 1229 384 1302 (2)
425 1232 516 1284 ait:
564 1230 659 1282 «ln
704 1231 908 1283 nomine
948 1231 1061 1283 lesu

70 1304 254 1370 Christi
307 1306 477 1358 omnia
518 1305 646 1357 haec
695 1306 924 1357 sustineo
951 1347 962 1367 ‚
1008 1312 1064 1356 ut

56 1375 139 1432 ‘ini
180 1381 496 1446 compatiar:
540 1381 646 1446 ipse
689 1380 897 1446 praebet
940 1379 1061 1431 mihi

70 1453 344 1515 yirtutem,
400 1453 483 1521 qui
544 1454 595 1503 in
652 1453 870 1505 veritate
913 1452 1062 1505 homo

67 1525 231 1580 factus
259 1533 355 1577 est.
393 1546 415 1574 »
459 1525 512 1578 S.
547 1524 767 1578 Clemens
795 1524 939 1578 Ateae.
986 1525 1061 1597 (5)

65 1600 207 1652 dicit:
255 1598 451 1651 «Nunc
490 1601 728 1667 apparuit
773 1600 1063 1651 hominibus

67 1672 149 1727 hic
176 1676 281 1741 ipse
310 1671 462 1744 (Λογος
490 1672 759 1743 Christus)
795 1675 880 1742 qui
926 1675 1064 1726 solus

0 1812 1 1815 Ἴ
69 1754 144 1808 est
183 1748 373 1804 ambo.
419 1746 554 1799 Deus
611 1754 661 1799 et
714 1747 880 1799 home.
939 1768 960 1796 »
1004 1747 1057 1799 S.

0 1828 1 1835 ’
74 1818 349 1891 Qrprianus
391 1820 453 1871 de
494 1821 745 1873 idolorum
785 1822 941 1873 vanit.
989 1824 1061 1872 in-

55 1891 211 1965 *quitz
260 1915 283 1943 «
331 1896 471 1947 lesus
525 1894 758 1946 Christus
817 1897 972 1959 igitur
1012 1903 1062 1948 et

70 1975 145 2022 est
183 1967 343 2021 Filius
402 1968 492 2021 Dei
534 1977 585 2020 et
624 1968 760 2020 filius
801 1969 1020 2021 horninis
1046 2010 1058 2031 ,

72 2041 206 2103 Deus
245 2042 396 2095 simul
438 2051 490 2095 et
530 2043 698 2095 homo.
737 2063 762 2092 »
805 2041 861 2096 S.
893 2042 1061 2109 Auqu-

69 2116 330 2185 slinestti)
375 2117 499 2169 haec
540 2118 710 2169 habet:
761 2138 786 2165 «
831 2118 1062 2169 Christus

72 2188 208 2243 lesus
252 2191 338 2241 Dei
382 2189 539 2242 Filius
579 2199 688 2251 est,
743 2199 795 2242 et
837 2191 971 2243 Deus
1012 2200 1061 2243 et

71 2262 241 2319 homo:
286 2263 423 2315 Deus
460 2271 580 2316 ante
620 2265 789 2316 omnia
831 2266 1058 2326 saecula,

71 2337 220 2392 homo
262 2340 308 2389 in
355 2346 526 2390 nostro
582 2340 826 2390 saeculo:
884 2339 1020 2390 Deus
1047 2381 1058 2397 ,

71 2411 183 2478 'quia
217 2411 304 2463 Dei
348 2411 591 2478 Verbum,
635 2412 761 2463 Deus
797 2415 931 2463 enim
958 2421 1063 2464 erat

74 2483 282 2548 ssVerbam
322 2485 392 2538 lo.
439 2485 479 2550 13
525 2486 674 2538 homo
713 2494 907 2545 autem,
946 2489 1060 2554 quia

72 2556 124 2613 in
144 2559 389 2611 unitatem
408 2576 652 2627 personae
664 2563 879 2611 accessit
902 2560 1064 2612 Verbo

72 2636 239 2702 anima
275 2629 563 2686 rationalis.
601 2654 626 2682 »
681 2634 954 2687 Vincentius
985 2634 1065 2686 Li-

74 2706 172 2759 riu.
219 2708 292 2772 (5)
335 2710 400 2758 ita
447 2709 687 2775 loquitur:
736 2708 870 2759 ldem
924 2710 1066 2760 Chri·

73 2788 183 2832 stus
221 2789 298 2832 est
341 2781 475 2833 Deus
501 2789 554 2833 et
582 2782 774 2833 homo..
788 2822 799 2834 .
837 2782 970 2834 idem
1001 2799 1065 2834 ex

76 2851 223 2909 Patre
262 2861 382 2906 ante
422 2854 628 2906 saecula
664 2855 889 2923 genitusu
933 2857 1068 2908 idem

63 2924 126 2995 ‚in
165 2929 373 2980 saeculo
414 2944 479 2979 ex
530 2936 692 2980 matre
749 2938 1063 2996 generatuS,

74 3001 329 3070 perfectus
369 3001 544 3063 Deus,
600 3003 854 3069 perfectus
894 3003 1064 3055 homo·

71 3072 135 3133 ‘ist
167 3073 277 3126 Deo
315 3091 515 3127 summa
567 3075 847 3136 divinitaS,
891 3079 941 3129 in
980 3077 1068 3130 ho·

74 3147 216 3213 mine
258 3149 404 3215 plena
447 3150 759 3202 humanitas
796 3168 822 3198 n

78 3225 107 3279 {-
151 3221 203 3273 Ιι.
248 3221 461 3275 Ecclesia
518 3224 651 3275 sicut
704 3224 1065 3286 divinitatem,

74 3291 173 3359 {ta
204 3303 257 3346 et
312 3295 686 3349 humanitatem
726 3296 909 3351 Christi
962 3306 1067 3351 tum

124 3417 175 3463 (1)
205 3419 300 3462 Apol.
311 3419 348 3464 1,
371 3431 406 3456 n.
418 3421 472 3459 63.
573 3423 623 3467 (Ω)
614 3425 714 3467 ).Ep
737 3425 783 3459 ad
801 3425 946 3469 Smyrn.
972 3434 1008 3460 n
1034 3425 1068 3462 6.

68 3519 81 3528 ›
125 3462 179 3507 (3)
201 3448 348 3501 counit:
369 3467 415 3500 nd
435 3473 535 3509 gent
562 3468 597 3508 l,
623 3467 676 3504 10.
791 3496 795 3499 .

1128 275 1348 327 dendam
1379 274 1631 342 proponit.
1674 269 1732 325 ln
1758 269 2002 339 Symbolo
2028 271 2126 328 Ni-

1127 364 1295 402 caeno·
1275 345 1483 416 -Gptano
1536 345 1779 414 professio
1819 343 1936 397 fidei
1985 345 2126 398 exhi-

1129 422 1278 475 betur
1315 422 1368 473 in
1409 406 1594 473 Filium
1636 419 1726 472 Dei
1768 418 2120 486 unigenitum,

1128 494 1264 548 Patri
1294 492 1796 557 consubstantialem
1824 532 1838 554 ,
1880 492 1968 559 qui
2016 507 2126 559 pro·

1123 577 1230 636 pter
1249 585 1336 620 nos
1359 567 1596 627 homiues,
1627 574 1669 618 et
1686 573 1884 634 propter
1907 573 2126 617 nostram

1126 642 1329 694 salutem
1355 641 1592 694 descendit
1631 641 1699 692 de
1714 639 1841 691 coelo
1876 647 1919 690 et
1956 639 2126 691 incar-

1127 723 1359 767 natusest
1391 715 1446 767 de
1483 712 1684 782 Spiritu
1711 715 1885 766 Sancto
1911 728 1975 765 ex
2014 713 2127 767 Ma-

1125 791 1205 841 ria
1242 789 1438 855 Viryine
1487 797 1530 839 et
1559 788 1697 839 homo
1726 788 1884 855 factus
1933 793 2020 838 est.
2067 785 2124 838 ln

1126 862 1372 932 Symbolo
1411 861 1749 913 Athanasiano
1789 861 1997 912 dicitur:
2036 859 2127 911 Est

1125 953 1236 1005 erqo
1262 937 1379 1005 fides
1407 943 1556 996 recta„
1588 943 1639 986 ut
1668 935 1924 987 credamus
1950 942 1993 985 et
2019 943 2127 985 con*

1125 1013 1370 1079 fiteamur,
1410 1010 1528 1077 quia
1570 1010 1810 1061 Dominus
1845 1016 2008 1060 noster
2053 1009 2126 1059 Ie-

1125 1101 1206 1135 sus
1242 1083 1468 1135 Christus
1519 1083 1611 1134 Dei
1663 1082 1847 1143 Filius,
1907 1081 2036 1134 Deus
2081 1088 2125 1133 et

1127 1158 1262 1209 homo
1290 1166 1424 1209 est...
1452 1157 1692 1225 perfectus
1714 1156 1861 1216 Deus,
1882 1157 2125 1224 perfectus

1126 1232 1284 1293 homo,
1315 1247 1376 1282 em
1414 1234 1584 1282 aalma
1628 1229 1896 1289 rationali,
1941 1238 1984 1281 et
2027 1228 2123 1281 hu·

1126 1322 1270 1357 mana
1316 1321 1460 1356 carne
1502 1304 1780 1356 subsistens.
1825 1303 2125 1355 Oecumeni-

1125 1396 1243 1431 cum
1283 1378 1565 1431 Concilium
1594 1377 1973 1430 Chalcedonense
2002 1376 2117 1430 Act.

1128 1454 1156 1503 5
1201 1453 1351 1505 fidem
1390 1453 1697 1504 catholicam
1735 1450 1797 1503 de
1837 1452 1950 1504 lesu
1979 1451 2125 1503 Chri-

1125 1535 1202 1578 sto
1245 1527 1322 1579 his
1365 1528 1533 1579 verbis
1572 1527 1837 1578 enunciat:
1867 1525 2124 1593 Sequentes

1126 1602 1280 1668 iyitur
1319 1600 1401 1653 Ss.
1458 1601 1699 1652 Patres...
1744 1608 2020 1652 constanter
2073 1615 2125 1651 o·

1126 1692 1258 1726 mnes
1294 1675 1518 1726 docemus
1544 1675 1750 1725 eundem
1779 1675 2043 1741 perfectam
2070 1673 2125 1724 in

1127 1748 1331 1809 Deitate,
1362 1757 1404 1800 et
1431 1750 1642 1799 eundem
1665 1749 1931 1815 perfectum
1952 1748 2006 1797 in
2033 1747 2123 1798 hu·

1124 1822 1375 1881 maemitate,
1426 1821 1582 1873 Deum
1636 1837 1760 1881 rere,
1809 1830 1853 1872 et
1882 1821 2124 1872 hominem

1125 1912 1247 1957 vere,
1280 1896 1481 1947 eundem
1508 1912 1570 1947 ecc
1595 1898 1769 1946 anima
1796 1894 2048 1955 rationali,
2078 1902 2124 1946 et

1124 1986 1338 2038 corpore,
1365 1969 1825 2022 consubstantialem
1867 1969 2015 2020 Patri
2050 1983 2123 2019 se-

1123 2045 1338 2095 cundum
1383 2044 1714 2104 Divim‘tatem,
1745 2050 1788 2094 et
1815 2042 2124 2095 consubstan-

1125 2118 1289 2168 tialem
1331 2117 1464 2169 nobis
1502 2119 1707 2169 eundem
1745 2118 2009 2168 secundum
2036 2116 2125 2168 hu·

1125 2193 1423 2251 eternitatem,
1447 2208 1532 2259 per
1557 2192 1722 2243 omnia
1755 2190 1888 2243 nobis
1914 2190 2123 2243 similem

1124 2265 1300 2332 absque
1336 2273 1524 2333 peccato
1565 2263 1664 2335 (6).

1200 2340 1251 2390 ὅ.
1300 2339 1439 2390 Buteo
1479 2339 1738 2406 theotoyica
1773 2337 1943 2390 allatis
1969 2353 2122 2404 argu·

1129 2415 1313 2465 inentis
1354 2413 1494 2471 addi,
1537 2428 1597 2463 ac
1639 2415 1708 2464 ita
1750 2412 1959 2479 proponi
2014 2418 2123 2478 pot·

1127 2494 1237 2538 est:
1283 2485 1425 2537 lesus
1465 2486 1699 2538 Christus
1739 2493 1817 2537 est
1858 2501 2013 2540 verus
2035 2486 2123 2538 ho·

1129 2576 1231 2618 mo,
1258 2561 1298 2610 si
1322 2561 1487 2611 omnia
1509 2559 1865 2611 substantialia
1885 2559 2122 2624 hominiS,

1128 2634 1322 2685 scilicet
1360 2650 1545 2700 corpus
1588 2634 1892 2693 humanum,
1936 2641 1987 2684 et
2013 2635 2122 2686 ani·

1131 2724 1211 2759 ma
1254 2708 1478 2759 humana
1519 2709 1568 2759 in
1613 2709 1720 2774 ipso
1760 2707 2118 2760 inveniuntur.

1128 2783 1226 2833 Sed
1269 2783 1317 2833 in
1361 2782 1474 2833 lesu
1516 2781 1717 2834 Christo
1765 2781 2123 2834 substantialia

1131 2856 1370 2912 hominis,
1414 2872 1599 2923 corpus
1640 2855 1924 2907 humanum
1965 2862 2017 2907 et
2066 2871 2124 2908 a·

1132 2932 1268 2982 nima
1311 2931 1534 2981 humana
1571 2945 1690 2981 vere
1748 2929 2118 2982 inveniuntur:

1130 3020 1253 3071 ergo
1292 3011 1369 3056 est
1414 3019 1565 3055 verus
1607 3004 1776 3056 homo,
1819 3032 1892 3042 --
1940 3003 2125 3071 Propo·

1130 3079 1245 3128 sitio
1271 3080 1430 3128 maior
1455 3077 1747 3144 probatione
1781 3093 1880 3130 non
1907 3078 2119 3142 indiget3

1133 3151 1215 3202 ubi
1256 3153 1392 3202 enim
1422 3150 1735 3208 essentialia,
1764 3164 1858 3205 seu
1887 3151 2123 3204 substan·

1134 3224 1269 3276 tialia
1313 3228 1382 3275 rei
1423 3224 1630 3284 adsunt,
1667 3225 1738 3277 ibi
1781 3225 1946 3293 ipsam
2001 3240 2123 3294 quo·

1131 3313 1230 3366 que
1270 3313 1377 3349 rem
1418 3298 1618 3360 adesse,
1662 3299 1990 3353 manifestum
2022 3303 2133 3351 est.⁴

1176 3425 1773 3471 (ornencmraeap.1³‚at35

1175 3471 1227 3514 (ὃ)
1253 3471 1471 3506 Gomtuuuit.
1498 3470 1607 3506 n.13
1788 3470 1842 3517 (8)
1865 3471 1976 3507 Hebr.
2000 3468 2033 3513 6,
2057 3467 2111 3505 l&
