2332 3860
653 328 1447 417 INTRODUCTIO
1510 403 1521 417 .

78 690 194 816 ιΝ
275 687 1057 819 THEOLOGIAM
1139 683 2004 810 THEORETICAM

454 1323 574 1383 §1.

92 1450 233 1505 Inter
253 1450 549 1519 disciplinas
575 1446 891 1516 theologicas
915 1446 1015 1515 pri-

23 1539 163 1578 mum
206 1533 257 1578 et
297 1527 630 1594 praecipuum
674 1523 843 1575 locum
874 1526 1015 1574 tenet

25 1599 282 1667 Theoloyia
311 1600 584 1658 theoretica,
616 1614 747 1666 quae
772 1597 1014 1648 veritates

22 1673 162 1733 fidei,
206 1689 296 1724 seu
327 1674 566 1741 dogmata
607 1673 668 1723 de
706 1671 834 1731 Dee,
878 1669 1014 1722 etde

24 1747 169 1816 regni
212 1747 371 1814 ipsius
400 1745 609 1797 moralis
649 1746 1015 1796 constitutione

20 1821 278 1873 credenda
310 1825 610 1888 pertractat,
644 1825 695 1870 et
721 1825 899 1870 contra
928 1833 1015 1884 op·

20 1895 213 1964 positos
241 1910 441 1947 errores
471 1893 675 1952 refellit,
720 1900 874 1961 atque
902 1892 1015 1943 ideo

24 1968 329 2037 Theoloyiam
373 1968 692 2034 doqmaticam
732 1974 782 2018 et
811 1966 1013 2035 polemi—

21 2059 127 2096 cam
155 2044 205 2094 in
228 2060 283 2095 se
311 2043 690 2110 complectitur.
717 2041 781 2094 Ut
801 2042 1031 2109 scientia,

22 2120 117 2171 ista
148 2117 318 2170 debito
346 2117 494 2169 modo
523 2117 777 2174 tradatur,
811 2115 1016 2182 praevie

29 2193 87 2244 1⁰
127 2191 579 2251 determinandum
621 2197 700 2242 est
739 2190 850 2242 eius
889 2189 1015 2241 obie-

23 2274 176 2326 ctum,
219 2273 298 2327 ut,
341 2282 441 2334 qua
463 2266 525 2317 de
559 2280 613 2316 re
657 2270 863 2331 aga-tur,
906 2279 1016 2316 ma«

27 2341 272 2392 nifestum
296 2339 406 2403 fiat3
433 2340 488 2390 2⁰
532 2339 869 2391 describenda
898 2343 1018 2390 sunt

26 2414 205 2484 officia,
249 2420 324 2475 ut,
356 2413 607 2482 quomodo
636 2414 874 2464 tractatio
904 2428 1014 2479 pro-

28 2488 211 2540 cedere
239 2488 442 2549 debeat‚
476 2487 834 2555 perspiciatur3
866 2487 918 2538 5⁰
943 2502 1018 2537 as·

29 2561 266 2630 signandi
295 2569 418 2616 sunt
443 2562 620 2631 fonteS,
665 2567 722 2613 ut
748 2567 1015 2629 appareat,

29 2636 292 2689 undenam
333 2653 433 2689 non
475 2636 640 2688 solum
691 2636 830 2703 ipsae
886 2635 1018 2687 veri-

30 2717 164 2763 tates
189 2710 254 2763 ad
267 2711 535 2763 scientiam
557 2710 875 2778 pertinentes
897 2709 1021 2761 hau·

30 2783 261 2846 flendae,
292 2785 381 2837 sed
416 2785 569 2837 etiam
612 2790 817 2837 caetera
852 2784 1021 2836 omnia

31 2859 252 2927 petenda
292 2859 415 2921 sint,
458 2874 590 2927 quae
629 2859 693 2911 ad
734 2857 848 2910 illas
894 2858 1020 2910 dilu-

27 2932 299 2994 .cidandaS‚
325 2933 633 3002 probandas,
666 2939 717 2984 et
744 2931 1022 2984 defenden-

34 3006 126 3059 das
154 3007 506 3076 requiruntur3
534 3005 587 3058 [1⁰
608 3006 923 3060 ostendenda
948 3012 1025 3059 est

35 3077 282 3134 scientiae
322 3080 602 3134 excellentia
627 3122 639 3142 ,
696 3088 752 3133 ut
793 3080 1024 3133 eiusdem

35 3154 262 3208 studium
283 3171 402 3208 cum
442 3155 620 3208 maiori
649 3155 916 3208 alacritate
944 3171 1026 3207 su-

38 3229 306 3298 scipiatur3
349 3229 569 3299 denique
610 3229 670 3281 5⁰
704 3228 1027 3282 adiiciendus

41 3309 121 3356 est
140 3302 299 3376 brevis
338 3303 569 3357 historiae
609 3311 937 3373 conspectus,
971 3311 1028 3356 ut

39 3376 160 3444 quid
198 3378 336 3431 circa
373 3378 590 3431 eandem
630 3379 898 3433 scientiam
925 3381 1026 3432 iam

42 3452 345 3519 praestitum
383 3453 470 3514 sit,
514 3453 742 3522 patefiat.

3 3551 21 3613 ι’
83 3549 140 3597 (1)
163 3550 334 3586 Praeteet.
355 3554 466 3590 theol.
482 3555 571 3590 tom'.
593 3553 627 3597 1,
641 3554 722 3598 qs,
746 3559 814 3590 art.
842 3554 874 3589 8.

1429 1322 1708 1380 caputn.

1508 1473 1635 1532 ge.

1170 1586 1220 1613 m:
1245 1585 1409 1614 omnem
1432 1584 1680 1613 THEOLOGIAE
1703 1557 1995 1613 ’runonmlcns

1154 1670 1455 1723 Scholastici
1477 1670 1735 1723 obiectum
1763 1669 2071 1738 Theologiae

1081 1746 1221 1796 varie
1263 1745 1641 1808 distinxerunt3
1693 1745 1935 1813 quoniam
1978 1759 2071 1795 no·

1082 1820 1218 1870 mine
1239 1819 1422 1871 obiecti
1445 1834 1544 1870 non
1561 1818 1726 1870 solum
1750 1834 1859 1871 rem
1884 1818 2067 1886 ipsam,

1081 1894 1218 1944 circa
1273 1908 1427 1961 quam
1486 1891 1762 1961 Theologia
1813 1899 2068 1953 versatur,

1080 1968 1169 2019 sed
1198 1968 1353 2019 etiam
1375 1967 1529 2019 huius
1551 1967 1767 2020 formam
1788 1973 1840 2019 et
1866 1967 2075 2019 modum

1081 2058 1181 2110 quo
1222 2042 1501 2110 procedere
1530 2041 1702 2100 debet,
1746 2043 1846 2094 imo
1887 2047 1939 2093 et
1972 2056 2076 2093 me-

1083 2117 1244 2175 dium,
1290 2132 1382 2168 seu
1433 2117 1686 2168 motivum
1720 2158 1732 2178 ,
1794 2132 1885 2185 per
1936 2114 2074 2184 quod

1083 2190 1238 2243 finem
1260 2207 1411 2242 suum
1452 2192 1764 2258 assequitur,
1808 2184 2077 2242 intellexe-

1085 2273 1224 2318 runt.
1250 2265 1310 2319 V.
1331 2264 1591 2334 Tournely
1614 2264 1711 2335 (l),
1731 2264 1952 2316 Billuart
1973 2262 2074 2336 (2),

1083 2339 1178 2391 Th.
1224 2356 1291 2391 ex
1330 2338 1485 2391 Char.
1532 2338 1632 2410 (ὅ).

1158 2413 1259 2466 Nos
1314 2429 1404 2481 per
1455 2414 1715 2466 obiectum
1771 2411 2078 2478 Theologiae

1087 2488 1395 2541 theoreticae
1414 2487 1717 2555 simpliciter
1741 2486 2080 2552 intelligimus

1087 2579 1193 2614 rem
1212 2564 1395 2631 ipsam,
1427 2563 1562 2614 circa
1591 2576 1745 2630 quam
1774 2561 1904 2612 haec
1933 2561 2080 2611 disci-

1089 2636 1225 2704 plina
1256 2643 1514 2701 versatur3
1558 2642 1610 2688 et
1637 2636 1686 2686 in
1715 2634 1893 2686 eodem
1923 2650 2081 2686 sensu

1091 2713 1146 2762 1⁰
1208 2711 1493 2779 Theoloqiae
1532 2709 1830 2778 doqmaticae
1857 2750 1869 2769 ,
1932 2715 1983 2760 et
2022 2709 2081 2759 2⁰

1090 2785 1372 2854 Theoloqiae
1408 2785 1666 2853 polemieae
1698 2783 1957 2836 obiectum
1996 2797 2081 2835 ac-

1087 2861 1318 2913 curatius
1350 2859 1776 2912 determinamuS.

1414 2981 1702 3018 ARTICULUS
1726 2980 1759 3016 I.

1222 3067 1272 3101 De
1294 3065 1438 3101 obiecto
1461 3064 1682 3108 Theologiae
1700 3063 1942 3107 dogmaticae.

1521 3139 1651 3198 ga.

1163 3231 1439 3298 Theologia
1459 3231 1748 3297 dogmatica
1771 3235 1848 3281 est
1868 3228 2084 3280 scientia

1092 3322 1223 3375 quae
1253 3306 1496 3358 veritates
1523 3305 1803 3371 Religionis
1825 3302 2083 3355 revelatae

1093 3381 1400 3433 theoreticas
1464 3385 1763 3448 pertractat.
1830 3376 2083 3431 Veritates

1138 3510 1189 3599 (23
1215 3511 1317 3544 Tom.
1344 3510 1374 3551 1,
1402 3509 1488 3545 diss.
1513 3517 1688 3553 proaem„
1713 3513 1780 3542 art.
1808 3507 1842 3542 δ.

1136 3541 1172 3599 ἰ3
1211 3554 1414 3598 prolegom.
1440 3553 1532 3588 Diss.
1558 3552 1590 3588 3.
