<?xml version="1.0" encoding="UTF-8"?>
<!DOCTYPE html PUBLIC "-//W3C//DTD XHTML 1.0 Transitional//EN"
    "http://www.w3.org/TR/xhtml1/DTD/xhtml1-transitional.dtd">
<html xmlns="http://www.w3.org/1999/xhtml" xml:lang="en" lang="en">
 <head>
  <title>
</title>
<meta http-equiv="Content-Type" content="text/html;charset=utf-8" />
  <meta name='ocr-system' content='tesseract 3.04.00' />
  <meta name='ocr-capabilities' content='ocr_page ocr_carea ocr_par ocr_line ocrx_word'/>
</head>
<body>
  <div class='ocr_page' id='page_1' title='image "./theologiae00knoluoft_0140.png"; bbox 0 0 2332 3860; ppageno 0'>
   <div class='ocr_carea' id='block_1_1' title="bbox 282 149 389 223">
    <p class='ocr_par' dir='ltr' id='par_1_1' title="bbox 282 149 389 223">
     <span class='ocr_line' id='line_1_1' title="bbox 282 149 389 223; baseline 0 0"><span class='ocrx_word' id='word_1_1' title='bbox 282 149 389 223; x_wconf 66' lang='lat'><strong>132</strong></span> 
     </span>
    </p>
   </div>
   <div class='ocr_carea' id='block_1_2' title="bbox 1417 6 1448 32">
    <p class='ocr_par' dir='ltr' id='par_1_2' title="bbox 1417 6 1448 32">
     <span class='ocr_line' id='line_1_2' title="bbox 1417 6 1448 32; baseline 0 -5"><span class='ocrx_word' id='word_1_2' title='bbox 1417 6 1448 32; x_wconf 55' lang='grc' dir='ltr'><strong>β</strong></span> 
     </span>
    </p>
   </div>
   <div class='ocr_carea' id='block_1_3' title="bbox 882 182 1556 222">
    <p class='ocr_par' dir='ltr' id='par_1_3' title="bbox 882 182 1556 222">
     <span class='ocr_line' id='line_1_3' title="bbox 882 182 1556 222; baseline -0.003 -1"><span class='ocrx_word' id='word_1_3' title='bbox 882 184 947 221; x_wconf 75' lang='lat' dir='ltr'><strong>DE</strong></span> <span class='ocrx_word' id='word_1_4' title='bbox 982 183 1077 222; x_wconf 74' lang='grc' dir='ltr'><strong>ΒΕΘ</strong></span> <span class='ocrx_word' id='word_1_5' title='bbox 1112 182 1164 220; x_wconf 80' lang='grc' dir='ltr'><strong>ΙΝ</strong></span> <span class='ocrx_word' id='word_1_6' title='bbox 1202 183 1259 220; x_wconf 72' lang='lat' dir='ltr'><strong>SE</strong></span> <span class='ocrx_word' id='word_1_7' title='bbox 1294 182 1556 222; x_wconf 65' lang='lat' dir='ltr'><strong>specum.</strong></span> 
     </span>
    </p>
   </div>
   <div class='ocr_carea' id='block_1_4' title="bbox 199 257 2322 555">
    <p class='ocr_par' dir='ltr' id='par_1_4' title="bbox 199 257 2322 484">
     <span class='ocr_line' id='line_1_4' title="bbox 211 257 2312 335; baseline -0.003 -16"><span class='ocrx_word' id='word_1_8' title='bbox 211 265 343 321; x_wconf 73' lang='lat' dir='ltr'><strong>oium</strong></span> <span class='ocrx_word' id='word_1_9' title='bbox 367 263 657 323; x_wconf 21' lang='lat' dir='ltr'><strong>,sunioersale</strong></span> <span class='ocrx_word' id='word_1_10' title='bbox 688 262 788 335; x_wconf 78' lang='lat' dir='ltr'><strong>(l),</strong></span> <span class='ocrx_word' id='word_1_11' title='bbox 830 264 1075 317; x_wconf 79' lang='lat' dir='ltr'><strong>eoecidium</strong></span> <span class='ocrx_word' id='word_1_12' title='bbox 1112 262 1197 317; x_wconf 85' lang='lat' dir='ltr'><strong>So·</strong></span> <span class='ocrx_word' id='word_1_13' title='bbox 1258 262 1685 332; x_wconf 27' lang='lat' dir='ltr'><strong>correspondens..</strong></span> <span class='ocrx_word' id='word_1_14' title='bbox 1717 260 1953 316; x_wconf 72' lang='lat' dir='ltr'><strong>felicitas,</strong></span> <span class='ocrx_word' id='word_1_15' title='bbox 2005 257 2072 314; x_wconf 89' lang='lat' dir='ltr'><strong>Ut</strong></span> <span class='ocrx_word' id='word_1_16' title='bbox 2113 274 2246 329; x_wconf 61' lang='lat' dir='ltr'><strong>vwere</strong></span> <span class='ocrx_word' id='word_1_17' title='bbox 2305 283 2312 285; x_wconf 85' lang='lat'>-</span> 
     </span>
     <span class='ocr_line' id='line_1_5' title="bbox 206 333 2322 408; baseline -0.002 -16"><span class='ocrx_word' id='word_1_18' title='bbox 206 336 374 395; x_wconf 73' lang='lat' dir='ltr'><strong>domae</strong></span> <span class='ocrx_word' id='word_1_19' title='bbox 416 346 460 392; x_wconf 77' lang='lat' dir='ltr'><strong>ot</strong></span> <span class='ocrx_word' id='word_1_20' title='bbox 498 337 765 399; x_wconf 81' lang='lat' dir='ltr'><strong><em>Gomorrae</em></strong></span> <span class='ocrx_word' id='word_1_21' title='bbox 805 337 903 408; x_wconf 60' lang='grc' dir='ltr'>(ἓ),</span> <span class='ocrx_word' id='word_1_22' title='bbox 965 338 1196 391; x_wconf 79' lang='lat' dir='ltr'><strong>interitus</strong></span> <span class='ocrx_word' id='word_1_23' title='bbox 1256 337 1384 390; x_wconf 87' lang='lat' dir='ltr'><strong>haec</strong></span> <span class='ocrx_word' id='word_1_24' title='bbox 1441 337 1707 391; x_wconf 87' lang='lat' dir='ltr'><strong>harmonia</strong></span> <span class='ocrx_word' id='word_1_25' title='bbox 1746 334 2053 389; x_wconf 87' lang='lat' dir='ltr'><strong>moralitatis</strong></span> <span class='ocrx_word' id='word_1_26' title='bbox 2084 339 2139 397; x_wconf 77' lang='lat' dir='ltr'><strong>et</strong></span> <span class='ocrx_word' id='word_1_27' title='bbox 2172 333 2247 388; x_wconf 78' lang='lat' dir='ltr'><strong>fe·</strong></span> <span class='ocrx_word' id='word_1_28' title='bbox 2309 371 2322 403; x_wconf 86' lang='lat'><strong>·.</strong></span> 
     </span>
     <span class='ocr_line' id='line_1_6' title="bbox 199 409 2246 484; baseline -0.003 -18"><span class='ocrx_word' id='word_1_29' title='bbox 199 411 484 467; x_wconf 76' lang='lat' dir='ltr'><strong><em>Pharaonis</em></strong></span> <span class='ocrx_word' id='word_1_30' title='bbox 524 411 939 484; x_wconf 78' lang='lat' dir='ltr'><strong>(5).—Iustitia</strong></span> <span class='ocrx_word' id='word_1_31' title='bbox 988 411 1075 463; x_wconf 89' lang='lat' dir='ltr'><strong>Dei</strong></span> <span class='ocrx_word' id='word_1_32' title='bbox 1117 428 1193 463; x_wconf 86' lang='lat' dir='ltr'><strong>re·</strong></span> <span class='ocrx_word' id='word_1_33' title='bbox 1258 410 1460 463; x_wconf 89' lang='lat' dir='ltr'><strong>licitatis</strong></span> <span class='ocrx_word' id='word_1_34' title='bbox 1521 417 1641 464; x_wconf 86' lang='lat' dir='ltr'><strong>actu</strong></span> <span class='ocrx_word' id='word_1_35' title='bbox 1706 409 2002 478; x_wconf 82' lang='lat' dir='ltr'><strong>perficiatur</strong></span> <span class='ocrx_word' id='word_1_36' title='bbox 2033 449 2047 471; x_wconf 91' lang='lat'>‚</span> <span class='ocrx_word' id='word_1_37' title='bbox 2114 409 2246 461; x_wconf 86' lang='lat' dir='ltr'><strong>ratio</strong></span> 
     </span>
    </p>

    <p class='ocr_par' dir='ltr' id='par_1_5' title="bbox 200 481 2244 555">
     <span class='ocr_line' id='line_1_7' title="bbox 200 481 2244 555; baseline -0.003 -15"><span class='ocrx_word' id='word_1_38' title='bbox 200 487 526 547; x_wconf 80' lang='lat' dir='ltr'><strong>munerativa</strong></span> <span class='ocrx_word' id='word_1_39' title='bbox 572 487 808 555; x_wconf 88' lang='lat' dir='ltr'><strong>apparuit</strong></span> <span class='ocrx_word' id='word_1_40' title='bbox 834 486 885 538; x_wconf 90' lang='lat' dir='ltr'><strong>in</strong></span> <span class='ocrx_word' id='word_1_41' title='bbox 924 485 1057 537; x_wconf 91' lang='lat' dir='ltr'><strong>iusto</strong></span> <span class='ocrx_word' id='word_1_42' title='bbox 1083 485 1199 539; x_wconf 71' lang='lat' dir='ltr'><strong>Noe·</strong></span> <span class='ocrx_word' id='word_1_43' title='bbox 1255 485 1478 552; x_wconf 88' lang='lat' dir='ltr'><strong>practica</strong></span> <span class='ocrx_word' id='word_1_44' title='bbox 1520 483 1860 552; x_wconf 87' lang='lat' dir='ltr'><strong>postulatnon</strong></span> <span class='ocrx_word' id='word_1_45' title='bbox 1882 483 2050 545; x_wconf 86' lang='lat' dir='ltr'><strong>solum</strong></span> <span class='ocrx_word' id='word_1_46' title='bbox 2077 481 2244 539; x_wconf 83' lang='lat' dir='ltr'><strong>Deum</strong></span> 
     </span>
    </p>
   </div>
   <div class='ocr_carea' id='block_1_5' title="bbox 191 558 1191 3275">
    <p class='ocr_par' dir='ltr' id='par_1_6' title="bbox 191 558 1191 2468">
     <span class='ocr_line' id='line_1_8' title="bbox 199 558 1191 622; baseline -0.002 -10"><span class='ocrx_word' id='word_1_47' title='bbox 199 561 504 621; x_wconf 81' lang='lat' dir='ltr'><strong>conservato</strong></span> <span class='ocrx_word' id='word_1_48' title='bbox 530 601 543 622; x_wconf 95' lang='lat'><strong>,</strong></span> <span class='ocrx_word' id='word_1_49' title='bbox 605 562 655 612; x_wconf 91' lang='lat' dir='ltr'><strong>in</strong></span> <span class='ocrx_word' id='word_1_50' title='bbox 715 559 853 611; x_wconf 87' lang='lat' dir='ltr'><strong>fideli</strong></span> <span class='ocrx_word' id='word_1_51' title='bbox 914 558 1191 611; x_wconf 67' lang='lat' dir='ltr'><strong>Abraham«)</strong></span> 
     </span>
     <span class='ocr_line' id='line_1_9' title="bbox 199 633 1189 703; baseline -0.003 -17"><span class='ocrx_word' id='word_1_52' title='bbox 199 635 401 703; x_wconf 85' lang='lat' dir='ltr'><strong>magnis</strong></span> <span class='ocrx_word' id='word_1_53' title='bbox 439 633 879 687; x_wconf 82' lang='lat' dir='ltr'>benedictionibus</span> <span class='ocrx_word' id='word_1_54' title='bbox 897 633 1115 700; x_wconf 83' lang='lat' dir='ltr'><strong>repleto,</strong></span> <span class='ocrx_word' id='word_1_55' title='bbox 1140 633 1189 683; x_wconf 91' lang='lat' dir='ltr'><strong>in</strong></span> 
     </span>
     <span class='ocr_line' id='line_1_10' title="bbox 197 706 1186 775; baseline 0 -17"><span class='ocrx_word' id='word_1_56' title='bbox 197 708 457 761; x_wconf 90' lang='lat' dir='ltr'><strong>innocenti</strong></span> <span class='ocrx_word' id='word_1_57' title='bbox 479 708 676 775; x_wconf 79' lang='lat' dir='ltr'><strong>Iosepho</strong></span> <span class='ocrx_word' id='word_1_58' title='bbox 700 723 861 775; x_wconf 89' lang='lat' dir='ltr'><strong>usque</strong></span> <span class='ocrx_word' id='word_1_59' title='bbox 900 707 963 758; x_wconf 88' lang='lat' dir='ltr'><strong>ad</strong></span> <span class='ocrx_word' id='word_1_60' title='bbox 1006 706 1186 759; x_wconf 88' lang='lat' dir='ltr'><strong>solium</strong></span> 
     </span>
     <span class='ocr_line' id='line_1_11' title="bbox 195 780 1187 850; baseline -0.003 -16"><span class='ocrx_word' id='word_1_61' title='bbox 195 783 396 850; x_wconf 87' lang='lat' dir='ltr'><strong>regium</strong></span> <span class='ocrx_word' id='word_1_62' title='bbox 419 781 666 842; x_wconf 87' lang='lat' dir='ltr'><strong>exaltato,</strong></span> <span class='ocrx_word' id='word_1_63' title='bbox 689 781 739 832; x_wconf 91' lang='lat' dir='ltr'><strong>in</strong></span> <span class='ocrx_word' id='word_1_64' title='bbox 758 782 968 848; x_wconf 89' lang='lat' dir='ltr'><strong>patienti</strong></span> <span class='ocrx_word' id='word_1_65' title='bbox 984 780 1086 842; x_wconf 89' lang='lat' dir='ltr'><strong>Iob,</strong></span> <span class='ocrx_word' id='word_1_66' title='bbox 1107 781 1187 831; x_wconf 89' lang='lat' dir='ltr'><strong>cui</strong></span> 
     </span>
     <span class='ocr_line' id='line_1_12' title="bbox 193 855 1183 923; baseline -0.001 -16"><span class='ocrx_word' id='word_1_67' title='bbox 193 857 487 923; x_wconf 83' lang='lat' dir='ltr'><strong>septuplum</strong></span> <span class='ocrx_word' id='word_1_68' title='bbox 510 855 757 907; x_wconf 92' lang='lat' dir='ltr'><strong>bonorum</strong></span> <span class='ocrx_word' id='word_1_69' title='bbox 792 855 1056 906; x_wconf 88' lang='lat' dir='ltr'><strong>redditum·</strong></span> <span class='ocrx_word' id='word_1_70' title='bbox 1088 862 1183 915; x_wconf 89' lang='lat' dir='ltr'><strong>est,</strong></span> 
     </span>
     <span class='ocr_line' id='line_1_13' title="bbox 194 927 1182 989; baseline -0.001 -9"><span class='ocrx_word' id='word_1_71' title='bbox 194 930 247 980; x_wconf 93' lang='lat' dir='ltr'><strong>in</strong></span> <span class='ocrx_word' id='word_1_72' title='bbox 267 928 451 983; x_wconf 63' lang='lat' dir='ltr'><strong>Doride</strong></span> <span class='ocrx_word' id='word_1_73' title='bbox 477 930 540 981; x_wconf 95' lang='lat' dir='ltr'><strong>ob</strong></span> <span class='ocrx_word' id='word_1_74' title='bbox 563 929 909 981; x_wconf 81' lang='lat' dir='ltr'><strong>innocentiam</strong></span> <span class='ocrx_word' id='word_1_75' title='bbox 937 927 1182 989; x_wconf 87' lang='lat' dir='ltr'><strong>exaltat0‚</strong></span> 
     </span>
     <span class='ocr_line' id='line_1_14' title="bbox 195 1002 1182 1056; baseline 0.004 -4"><span class='ocrx_word' id='word_1_76' title='bbox 195 1002 450 1055; x_wconf 78' lang='lat' dir='ltr'><strong>inDaniele</strong></span> <span class='ocrx_word' id='word_1_77' title='bbox 464 1019 490 1055; x_wconf 92' lang='lat' dir='ltr'><strong>e</strong></span> <span class='ocrx_word' id='word_1_78' title='bbox 505 1002 620 1054; x_wconf 90' lang='lat' dir='ltr'><strong>lacu</strong></span> <span class='ocrx_word' id='word_1_79' title='bbox 635 1002 841 1054; x_wconf 90' lang='lat' dir='ltr'><strong>leonum</strong></span> <span class='ocrx_word' id='word_1_80' title='bbox 857 1002 1069 1055; x_wconf 85' lang='lat' dir='ltr'><strong>liberato</strong></span> <span class='ocrx_word' id='word_1_81' title='bbox 1082 1007 1182 1056; x_wconf 87' lang='lat' dir='ltr'><strong>etc.</strong></span> 
     </span>
     <span class='ocr_line' id='line_1_15' title="bbox 194 1075 1188 1144; baseline 0.001 -17"><span class='ocrx_word' id='word_1_82' title='bbox 194 1075 320 1128; x_wconf 80' lang='lat' dir='ltr'><strong>Tota</strong></span> <span class='ocrx_word' id='word_1_83' title='bbox 342 1076 551 1130; x_wconf 87' lang='lat' dir='ltr'><strong>historia</strong></span> <span class='ocrx_word' id='word_1_84' title='bbox 576 1076 746 1144; x_wconf 90' lang='lat' dir='ltr'><strong>populi</strong></span> <span class='ocrx_word' id='word_1_85' title='bbox 767 1076 1026 1128; x_wconf 72' lang='lat' dir='ltr'><strong>israelitici</strong></span> <span class='ocrx_word' id='word_1_86' title='bbox 1048 1076 1188 1128; x_wconf 91' lang='lat' dir='ltr'><strong>iusti-</strong></span> 
     </span>
     <span class='ocr_line' id='line_1_16' title="bbox 195 1147 1155 1220; baseline -0.002 -18"><span class='ocrx_word' id='word_1_87' title='bbox 195 1150 297 1203; x_wconf 87' lang='lat' dir='ltr'><strong>tiae</strong></span> <span class='ocrx_word' id='word_1_88' title='bbox 319 1151 522 1204; x_wconf 88' lang='lat' dir='ltr'><strong>divinae</strong></span> <span class='ocrx_word' id='word_1_89' title='bbox 561 1158 927 1217; x_wconf 82' lang='lat' dir='ltr'><strong>argumentum</strong></span> <span class='ocrx_word' id='word_1_90' title='bbox 954 1157 1031 1202; x_wconf 90' lang='lat' dir='ltr'><strong>est</strong></span> <span class='ocrx_word' id='word_1_91' title='bbox 1059 1147 1155 1220; x_wconf 71' lang='lat' dir='ltr'><strong>(li).</strong></span> 
     </span>
     <span class='ocr_line' id='line_1_17' title="bbox 205 1222 1182 1292; baseline 0 -17"><span class='ocrx_word' id='word_1_92' title='bbox 205 1248 208 1251; x_wconf 42' lang='lat'>*</span> <span class='ocrx_word' id='word_1_93' title='bbox 268 1225 322 1276; x_wconf 73' lang='lat'><strong>2.</strong></span> <span class='ocrx_word' id='word_1_94' title='bbox 377 1225 462 1277; x_wconf 73' lang='lat' dir='ltr'><strong>Ex</strong></span> <span class='ocrx_word' id='word_1_95' title='bbox 511 1224 790 1277; x_wconf 79' lang='lat' dir='ltr'><strong>traditione.</strong></span> <span class='ocrx_word' id='word_1_96' title='bbox 846 1223 899 1276; x_wconf 82' lang='lat' dir='ltr'><strong>S.</strong></span> <span class='ocrx_word' id='word_1_97' title='bbox 970 1222 1182 1292; x_wconf 74' lang='lat' dir='ltr'><strong>Chryso-</strong></span> 
     </span>
     <span class='ocr_line' id='line_1_18' title="bbox 195 1296 1182 1368; baseline 0.001 -20"><span class='ocrx_word' id='word_1_98' title='bbox 195 1304 376 1350; x_wconf 80' lang='lat' dir='ltr'><strong>stomus</strong></span> <span class='ocrx_word' id='word_1_99' title='bbox 416 1296 492 1368; x_wconf 79' lang='lat'><strong>(5)</strong></span> <span class='ocrx_word' id='word_1_100' title='bbox 533 1299 623 1349; x_wconf 75' lang='lat' dir='ltr'><strong>aitz</strong></span> <span class='ocrx_word' id='word_1_101' title='bbox 673 1318 695 1347; x_wconf 92' lang='lat'>«</span> <span class='ocrx_word' id='word_1_102' title='bbox 728 1297 800 1359; x_wconf 88' lang='lat' dir='ltr'><strong>Si,</strong></span> <span class='ocrx_word' id='word_1_103' title='bbox 831 1298 967 1366; x_wconf 90' lang='lat' dir='ltr'><strong>quod</strong></span> <span class='ocrx_word' id='word_1_104' title='bbox 1010 1298 1182 1365; x_wconf 85' lang='lat' dir='ltr'><strong>negari</strong></span> 
     </span>
     <span class='ocr_line' id='line_1_19' title="bbox 196 1371 1182 1439; baseline 0 -17"><span class='ocrx_word' id='word_1_105' title='bbox 196 1372 394 1439; x_wconf 88' lang='lat' dir='ltr'><strong>nequit,</strong></span> <span class='ocrx_word' id='word_1_106' title='bbox 415 1371 552 1423; x_wconf 90' lang='lat' dir='ltr'><strong>Deus</strong></span> <span class='ocrx_word' id='word_1_107' title='bbox 580 1371 775 1433; x_wconf 81' lang='lat' dir='ltr'>existit,</span> <span class='ocrx_word' id='word_1_108' title='bbox 794 1372 1047 1439; x_wconf 88' lang='lat' dir='ltr'><strong>sequitur,</strong></span> <span class='ocrx_word' id='word_1_109' title='bbox 1065 1387 1182 1423; x_wconf 90' lang='lat' dir='ltr'><strong>eum</strong></span> 
     </span>
     <span class='ocr_line' id='line_1_20' title="bbox 195 1445 1182 1506; baseline 0.001 -10"><span class='ocrx_word' id='word_1_110' title='bbox 195 1445 351 1497; x_wconf 88' lang='lat' dir='ltr'><strong>etiam</strong></span> <span class='ocrx_word' id='word_1_111' title='bbox 405 1447 598 1497; x_wconf 88' lang='lat' dir='ltr'><strong>iustum</strong></span> <span class='ocrx_word' id='word_1_112' title='bbox 640 1459 773 1506; x_wconf 91' lang='lat' dir='ltr'><strong>esse,</strong></span> <span class='ocrx_word' id='word_1_113' title='bbox 817 1446 912 1497; x_wconf 91' lang='lat' dir='ltr'><strong>nisi</strong></span> <span class='ocrx_word' id='word_1_114' title='bbox 954 1446 1090 1497; x_wconf 89' lang='lat' dir='ltr'><strong>enim</strong></span> <span class='ocrx_word' id='word_1_115' title='bbox 1116 1447 1182 1497; x_wconf 89' lang='lat' dir='ltr'><strong>sit</strong></span> 
     </span>
     <span class='ocr_line' id='line_1_21' title="bbox 195 1518 1177 1586; baseline -0.001 -18"><span class='ocrx_word' id='word_1_116' title='bbox 195 1518 383 1580; x_wconf 90' lang='lat' dir='ltr'><strong>iustus,</strong></span> <span class='ocrx_word' id='word_1_117' title='bbox 428 1535 493 1571; x_wconf 90' lang='lat' dir='ltr'><strong>ne</strong></span> <span class='ocrx_word' id='word_1_118' title='bbox 556 1519 695 1570; x_wconf 89' lang='lat' dir='ltr'><strong>Deus</strong></span> <span class='ocrx_word' id='word_1_119' title='bbox 759 1519 965 1586; x_wconf 86' lang='lat' dir='ltr'><strong>quidem</strong></span> <span class='ocrx_word' id='word_1_120' title='bbox 1006 1526 1102 1571; x_wconf 89' lang='lat' dir='ltr'><strong>est.</strong></span> <span class='ocrx_word' id='word_1_121' title='bbox 1152 1539 1177 1567; x_wconf 87' lang='lat'>»</span> 
     </span>
     <span class='ocr_line' id='line_1_22' title="bbox 192 1590 1180 1661; baseline 0.002 -18"><span class='ocrx_word' id='word_1_122' title='bbox 192 1590 245 1643; x_wconf 92' lang='lat' dir='ltr'><strong>S.</strong></span> <span class='ocrx_word' id='word_1_123' title='bbox 288 1591 593 1660; x_wconf 71' lang='lat' dir='ltr'><strong>Auqustinus</strong></span> <span class='ocrx_word' id='word_1_124' title='bbox 616 1590 691 1661; x_wconf 85' lang='lat'><strong>(6)</strong></span> <span class='ocrx_word' id='word_1_125' title='bbox 716 1592 916 1660; x_wconf 84' lang='lat' dir='ltr'><strong>inquit:</strong></span> <span class='ocrx_word' id='word_1_126' title='bbox 964 1612 990 1640; x_wconf 88' lang='lat'>«</span> <span class='ocrx_word' id='word_1_127' title='bbox 1014 1592 1180 1644; x_wconf 89' lang='lat' dir='ltr'><strong>Deum</strong></span> 
     </span>
     <span class='ocr_line' id='line_1_23' title="bbox 194 1665 1174 1733; baseline 0.003 -18"><span class='ocrx_word' id='word_1_128' title='bbox 194 1665 387 1718; x_wconf 90' lang='lat' dir='ltr'><strong>iustum</strong></span> <span class='ocrx_word' id='word_1_129' title='bbox 449 1681 638 1733; x_wconf 88' lang='lat' dir='ltr'><strong>negare</strong></span> <span class='ocrx_word' id='word_1_130' title='bbox 706 1666 1015 1732; x_wconf 84' lang='lat' dir='ltr'><strong>sacrilegum</strong></span> <span class='ocrx_word' id='word_1_131' title='bbox 1067 1674 1174 1726; x_wconf 86' lang='lat' dir='ltr'><strong>est,</strong></span> 
     </span>
     <span class='ocr_line' id='line_1_24' title="bbox 192 1740 1181 1801; baseline 0.001 -11"><span class='ocrx_word' id='word_1_132' title='bbox 192 1745 244 1790; x_wconf 91' lang='lat' dir='ltr'><strong>et</strong></span> <span class='ocrx_word' id='word_1_133' title='bbox 295 1740 358 1791; x_wconf 89' lang='lat' dir='ltr'><strong>de</strong></span> <span class='ocrx_word' id='word_1_134' title='bbox 409 1740 518 1792; x_wconf 93' lang='lat' dir='ltr'><strong>eius</strong></span> <span class='ocrx_word' id='word_1_135' title='bbox 557 1740 791 1791; x_wconf 85' lang='lat' dir='ltr'><strong>iustititia</strong></span> <span class='ocrx_word' id='word_1_136' title='bbox 830 1740 1085 1801; x_wconf 85' lang='lat' dir='ltr'><strong>dubitare,</strong></span> <span class='ocrx_word' id='word_1_137' title='bbox 1129 1757 1181 1790; x_wconf 90' lang='lat' dir='ltr'><strong>a·</strong></span> 
     </span>
     <span class='ocr_line' id='line_1_25' title="bbox 194 1812 1177 1880; baseline 0 -17"><span class='ocrx_word' id='word_1_138' title='bbox 194 1814 403 1865; x_wconf 87' lang='lat' dir='ltr'><strong>mentia.</strong></span> <span class='ocrx_word' id='word_1_139' title='bbox 452 1833 478 1862; x_wconf 87' lang='lat'>»</span> <span class='ocrx_word' id='word_1_140' title='bbox 521 1812 602 1865; x_wconf 85' lang='lat' dir='ltr'><strong>Ss.</strong></span> <span class='ocrx_word' id='word_1_141' title='bbox 665 1813 848 1867; x_wconf 70' lang='lat' dir='ltr'><strong>Patres</strong></span> <span class='ocrx_word' id='word_1_142' title='bbox 888 1815 1077 1880; x_wconf 85' lang='lat' dir='ltr'><strong>passim</strong></span> <span class='ocrx_word' id='word_1_143' title='bbox 1128 1814 1177 1863; x_wconf 92' lang='lat' dir='ltr'><strong>in</strong></span> 
     </span>
     <span class='ocr_line' id='line_1_26' title="bbox 191 1887 1181 1948; baseline 0.001 -11"><span class='ocrx_word' id='word_1_144' title='bbox 191 1887 298 1938; x_wconf 90' lang='lat' dir='ltr'><strong>suis</strong></span> <span class='ocrx_word' id='word_1_145' title='bbox 340 1887 662 1939; x_wconf 84' lang='lat' dir='ltr'><strong>sermonibus</strong></span> <span class='ocrx_word' id='word_1_146' title='bbox 690 1887 874 1937; x_wconf 87' lang='lat' dir='ltr'><strong>iudicia</strong></span> <span class='ocrx_word' id='word_1_147' title='bbox 926 1887 1039 1948; x_wconf 86' lang='lat' dir='ltr'><strong>Dei,</strong></span> <span class='ocrx_word' id='word_1_148' title='bbox 1083 1887 1181 1938; x_wconf 89' lang='lat' dir='ltr'><strong>vir-</strong></span> 
     </span>
     <span class='ocr_line' id='line_1_27' title="bbox 191 1960 1180 2027; baseline 0.001 -17"><span class='ocrx_word' id='word_1_149' title='bbox 191 1960 317 2011; x_wconf 88' lang='lat' dir='ltr'><strong>tutis</strong></span> <span class='ocrx_word' id='word_1_150' title='bbox 376 1960 602 2027; x_wconf 88' lang='lat' dir='ltr'><strong>praemia</strong></span> <span class='ocrx_word' id='word_1_151' title='bbox 647 1966 699 2011; x_wconf 94' lang='lat' dir='ltr'><strong>et</strong></span> <span class='ocrx_word' id='word_1_152' title='bbox 755 1962 949 2027; x_wconf 88' lang='lat' dir='ltr'><strong>peccati</strong></span> <span class='ocrx_word' id='word_1_153' title='bbox 990 1976 1180 2027; x_wconf 86' lang='lat' dir='ltr'><strong>poenas</strong></span> 
     </span>
     <span class='ocr_line' id='line_1_28' title="bbox 191 2032 1179 2094; baseline 0.002 -11"><span class='ocrx_word' id='word_1_154' title='bbox 191 2032 508 2094; x_wconf 89' lang='lat' dir='ltr'><strong>describunt,</strong></span> <span class='ocrx_word' id='word_1_155' title='bbox 562 2041 620 2085; x_wconf 88' lang='lat' dir='ltr'><strong>ut</strong></span> <span class='ocrx_word' id='word_1_156' title='bbox 646 2033 824 2094; x_wconf 88' lang='lat' dir='ltr'><strong>fideles</strong></span> <span class='ocrx_word' id='word_1_157' title='bbox 851 2050 881 2085; x_wconf 88' lang='lat' dir='ltr'><strong>a</strong></span> <span class='ocrx_word' id='word_1_158' title='bbox 922 2034 1058 2085; x_wconf 90' lang='lat' dir='ltr'><strong>vitiis</strong></span> <span class='ocrx_word' id='word_1_159' title='bbox 1097 2035 1179 2085; x_wconf 88' lang='lat' dir='ltr'><strong>de-</strong></span> 
     </span>
     <span class='ocr_line' id='line_1_29' title="bbox 198 2107 1177 2174; baseline 0 -16"><span class='ocrx_word' id='word_1_160' title='bbox 198 2114 427 2159; x_wconf 80' lang='lat' dir='ltr'><strong>terreant</strong></span> <span class='ocrx_word' id='word_1_161' title='bbox 467 2115 519 2160; x_wconf 88' lang='lat' dir='ltr'><strong>et</strong></span> <span class='ocrx_word' id='word_1_162' title='bbox 578 2107 642 2159; x_wconf 90' lang='lat' dir='ltr'><strong>ad</strong></span> <span class='ocrx_word' id='word_1_163' title='bbox 700 2108 902 2174; x_wconf 83' lang='lat' dir='ltr'><strong>pietatis</strong></span> <span class='ocrx_word' id='word_1_164' title='bbox 952 2108 1177 2159; x_wconf 88' lang='lat' dir='ltr'><strong>studium</strong></span> 
     </span>
     <span class='ocr_line' id='line_1_30' title="bbox 193 2180 1179 2252; baseline 0.002 -21"><span class='ocrx_word' id='word_1_165' title='bbox 193 2180 480 2247; x_wconf 85' lang='lat' dir='ltr'><strong>impellant.</strong></span> <span class='ocrx_word' id='word_1_166' title='bbox 545 2181 774 2232; x_wconf 79' lang='lat' dir='ltr'><strong>Ecclesia</strong></span> <span class='ocrx_word' id='word_1_167' title='bbox 825 2182 875 2232; x_wconf 90' lang='lat' dir='ltr'><strong>in</strong></span> <span class='ocrx_word' id='word_1_168' title='bbox 933 2182 1179 2252; x_wconf 79' lang='lat' dir='ltr'><strong>symbolis</strong></span> 
     </span>
     <span class='ocr_line' id='line_1_31' title="bbox 193 2254 1179 2322; baseline 0.001 -17"><span class='ocrx_word' id='word_1_169' title='bbox 193 2254 463 2320; x_wconf 84' lang='lat' dir='ltr'><strong>profitetur</strong></span> <span class='ocrx_word' id='word_1_170' title='bbox 509 2255 749 2315; x_wconf 88' lang='lat' dir='ltr'><strong>iudicem,</strong></span> <span class='ocrx_word' id='word_1_171' title='bbox 805 2255 888 2322; x_wconf 89' lang='lat' dir='ltr'><strong>qui</strong></span> <span class='ocrx_word' id='word_1_172' title='bbox 952 2263 1179 2307; x_wconf 72' lang='lat' dir='ltr'><strong>venturus</strong></span> 
     </span>
     <span class='ocr_line' id='line_1_32' title="bbox 191 2328 1175 2390; baseline 0.003 -12"><span class='ocrx_word' id='word_1_173' title='bbox 191 2336 259 2378; x_wconf 83' lang='lat' dir='ltr'><strong>est</strong></span> <span class='ocrx_word' id='word_1_174' title='bbox 311 2328 531 2380; x_wconf 80' lang='lat' dir='ltr'><strong>iudicare</strong></span> <span class='ocrx_word' id='word_1_175' title='bbox 569 2329 697 2381; x_wconf 72' lang='lat' dir='ltr'><strong>vivos</strong></span> <span class='ocrx_word' id='word_1_176' title='bbox 749 2336 792 2380; x_wconf 77' lang='lat' dir='ltr'><strong>ec</strong></span> <span class='ocrx_word' id='word_1_177' title='bbox 841 2336 1086 2390; x_wconf 74' lang='lat' dir='ltr'><strong>mortn03,</strong></span> <span class='ocrx_word' id='word_1_178' title='bbox 1128 2329 1175 2381; x_wconf 86' lang='lat' dir='ltr'><strong>id</strong></span> 
     </span>
     <span class='ocr_line' id='line_1_33' title="bbox 195 2403 942 2468; baseline 0.003 -16"><span class='ocrx_word' id='word_1_179' title='bbox 195 2408 293 2461; x_wconf 87' lang='lat' dir='ltr'><strong>est,</strong></span> <span class='ocrx_word' id='word_1_180' title='bbox 338 2403 498 2454; x_wconf 89' lang='lat' dir='ltr'><strong>iustos</strong></span> <span class='ocrx_word' id='word_1_181' title='bbox 538 2409 588 2453; x_wconf 83' lang='lat' dir='ltr'><strong>ct</strong></span> <span class='ocrx_word' id='word_1_182' title='bbox 630 2409 942 2468; x_wconf 63' lang='lat' dir='ltr'><strong>peccatores</strong></span> 
     </span>
    </p>

    <p class='ocr_par' dir='ltr' id='par_1_7' title="bbox 195 2473 1184 3275">
     <span class='ocr_line' id='line_1_34' title="bbox 266 2473 1178 2546; baseline 0.001 -19"><span class='ocrx_word' id='word_1_183' title='bbox 266 2473 319 2527; x_wconf 84' lang='lat'><strong>5.</strong></span> <span class='ocrx_word' id='word_1_184' title='bbox 362 2475 445 2527; x_wconf 74' lang='lat' dir='ltr'><strong>Em</strong></span> <span class='ocrx_word' id='word_1_185' title='bbox 499 2475 706 2528; x_wconf 77' lang='lat' dir='ltr'><strong>rationo.</strong></span> <span class='ocrx_word' id='word_1_186' title='bbox 738 2474 788 2546; x_wconf 83' lang='lat' dir='ltr'><strong>a)</strong></span> <span class='ocrx_word' id='word_1_187' title='bbox 817 2475 1063 2529; x_wconf 85' lang='lat' dir='ltr'><strong>Omnibus</strong></span> <span class='ocrx_word' id='word_1_188' title='bbox 1091 2477 1178 2528; x_wconf 85' lang='lat' dir='ltr'><strong>ho-</strong></span> 
     </span>
     <span class='ocr_line' id='line_1_35' title="bbox 195 2549 1174 2617; baseline 0.003 -18"><span class='ocrx_word' id='word_1_189' title='bbox 195 2549 416 2601; x_wconf 89' lang='lat' dir='ltr'><strong>minibus</strong></span> <span class='ocrx_word' id='word_1_190' title='bbox 475 2550 653 2600; x_wconf 88' lang='lat' dir='ltr'><strong>intime</strong></span> <span class='ocrx_word' id='word_1_191' title='bbox 712 2565 1012 2617; x_wconf 86' lang='lat' dir='ltr'><strong>persuasum</strong></span> <span class='ocrx_word' id='word_1_192' title='bbox 1078 2558 1174 2609; x_wconf 91' lang='lat' dir='ltr'><strong>est,</strong></span> 
     </span>
     <span class='ocr_line' id='line_1_36' title="bbox 198 2623 1180 2685; baseline 0.004 -13"><span class='ocrx_word' id='word_1_193' title='bbox 198 2623 381 2673; x_wconf 86' lang='lat' dir='ltr'><strong>bonum</strong></span> <span class='ocrx_word' id='word_1_194' title='bbox 422 2628 474 2673; x_wconf 89' lang='lat' dir='ltr'><strong>et</strong></span> <span class='ocrx_word' id='word_1_195' title='bbox 514 2623 706 2674; x_wconf 87' lang='lat' dir='ltr'><strong>iustum</strong></span> <span class='ocrx_word' id='word_1_196' title='bbox 752 2639 886 2685; x_wconf 88' lang='lat' dir='ltr'><strong>esse,</strong></span> <span class='ocrx_word' id='word_1_197' title='bbox 931 2631 987 2676; x_wconf 92' lang='lat' dir='ltr'><strong>ut</strong></span> <span class='ocrx_word' id='word_1_198' title='bbox 1026 2624 1180 2676; x_wconf 86' lang='lat' dir='ltr'><strong>actio·</strong></span> 
     </span>
     <span class='ocr_line' id='line_1_37' title="bbox 199 2696 1178 2757; baseline 0.004 -12"><span class='ocrx_word' id='word_1_199' title='bbox 199 2710 286 2746; x_wconf 89' lang='lat' dir='ltr'><strong>nes</strong></span> <span class='ocrx_word' id='word_1_200' title='bbox 325 2696 486 2747; x_wconf 88' lang='lat' dir='ltr'><strong>bonae</strong></span> <span class='ocrx_word' id='word_1_201' title='bbox 538 2705 973 2757; x_wconf 69' lang='lat' dir='ltr'><strong>remunerentur,⁴</strong></span> <span class='ocrx_word' id='word_1_202' title='bbox 1014 2698 1178 2749; x_wconf 86' lang='lat' dir='ltr'><strong>malae</strong></span> 
     </span>
     <span class='ocr_line' id='line_1_38' title="bbox 199 2769 1180 2840; baseline 0.005 -23"><span class='ocrx_word' id='word_1_203' title='bbox 199 2783 317 2819; x_wconf 87' lang='lat' dir='ltr'><strong>vero</strong></span> <span class='ocrx_word' id='word_1_204' title='bbox 382 2770 686 2840; x_wconf 67' lang='lat' dir='ltr'><strong>puniantur3</strong></span> <span class='ocrx_word' id='word_1_205' title='bbox 728 2769 846 2824; x_wconf 86' lang='lat' dir='ltr'><strong>hinc</strong></span> <span class='ocrx_word' id='word_1_206' title='bbox 910 2770 1025 2822; x_wconf 89' lang='lat' dir='ltr'><strong>illas</strong></span> <span class='ocrx_word' id='word_1_207' title='bbox 1064 2787 1180 2839; x_wconf 90' lang='lat' dir='ltr'><strong>spes</strong></span> 
     </span>
     <span class='ocr_line' id='line_1_39' title="bbox 198 2843 1181 2906; baseline 0.006 -16"><span class='ocrx_word' id='word_1_208' title='bbox 198 2847 249 2891; x_wconf 89' lang='lat' dir='ltr'><strong>et</strong></span> <span class='ocrx_word' id='word_1_209' title='bbox 303 2843 576 2906; x_wconf 88' lang='lat' dir='ltr'><strong>gaudium,</strong></span> <span class='ocrx_word' id='word_1_210' title='bbox 626 2843 719 2895; x_wconf 89' lang='lat' dir='ltr'><strong>has</strong></span> <span class='ocrx_word' id='word_1_211' title='bbox 768 2860 888 2896; x_wconf 90' lang='lat' dir='ltr'><strong>vero</strong></span> <span class='ocrx_word' id='word_1_212' title='bbox 941 2846 1092 2896; x_wconf 89' lang='lat' dir='ltr'><strong>timor</strong></span> <span class='ocrx_word' id='word_1_213' title='bbox 1131 2852 1181 2896; x_wconf 86' lang='lat' dir='ltr'><strong>et</strong></span> 
     </span>
     <span class='ocr_line' id='line_1_40' title="bbox 200 2920 1181 2986; baseline 0.008 -24"><span class='ocrx_word' id='word_1_214' title='bbox 200 2920 388 2964; x_wconf 82' lang='lat' dir='ltr'><strong>tremor</strong></span> <span class='ocrx_word' id='word_1_215' title='bbox 452 2925 758 2983; x_wconf 85' lang='lat' dir='ltr'><strong>sequuntur:</strong></span> <span class='ocrx_word' id='word_1_216' title='bbox 813 2934 935 2986; x_wconf 91' lang='lat' dir='ltr'><strong>ergo</strong></span> <span class='ocrx_word' id='word_1_217' title='bbox 998 2933 1181 2970; x_wconf 89' lang='lat' dir='ltr'><strong>sensus</strong></span> 
     </span>
     <span class='ocr_line' id='line_1_41' title="bbox 199 2986 1181 3051; baseline 0.009 -16"><span class='ocrx_word' id='word_1_218' title='bbox 199 2986 408 3037; x_wconf 90' lang='lat' dir='ltr'><strong>intimus</strong></span> <span class='ocrx_word' id='word_1_219' title='bbox 448 2988 623 3051; x_wconf 88' lang='lat' dir='ltr'><strong>dictat,</strong></span> <span class='ocrx_word' id='word_1_220' title='bbox 668 2991 834 3043; x_wconf 88' lang='lat' dir='ltr'><strong>Deum</strong></span> <span class='ocrx_word' id='word_1_221' title='bbox 864 2993 1020 3044; x_wconf 89' lang='lat' dir='ltr'><strong>bonos</strong></span> <span class='ocrx_word' id='word_1_222' title='bbox 1050 2993 1181 3044; x_wconf 86' lang='lat' dir='ltr'><strong>velle</strong></span> 
     </span>
     <span class='ocr_line' id='line_1_42' title="bbox 199 3066 1180 3133; baseline 0.008 -23"><span class='ocrx_word' id='word_1_223' title='bbox 199 3075 549 3122; x_wconf 87' lang='lat' dir='ltr'><strong>remunerare,</strong></span> <span class='ocrx_word' id='word_1_224' title='bbox 609 3066 769 3120; x_wconf 89' lang='lat' dir='ltr'><strong>malos</strong></span> <span class='ocrx_word' id='word_1_225' title='bbox 821 3081 942 3118; x_wconf 90' lang='lat' dir='ltr'><strong>vero</strong></span> <span class='ocrx_word' id='word_1_226' title='bbox 985 3067 1180 3133; x_wconf 85' lang='lat' dir='ltr'><strong>punire.</strong></span> 
     </span>
     <span class='ocr_line' id='line_1_43' title="bbox 199 3130 1183 3202; baseline 0.009 -19"><span class='ocrx_word' id='word_1_227' title='bbox 199 3130 253 3201; x_wconf 93' lang='lat' dir='ltr'><strong>b)</strong></span> <span class='ocrx_word' id='word_1_228' title='bbox 295 3131 455 3195; x_wconf 87' lang='lat' dir='ltr'><strong>Finis,</strong></span> <span class='ocrx_word' id='word_1_229' title='bbox 498 3150 648 3202; x_wconf 85' lang='lat' dir='ltr'><strong>quem</strong></span> <span class='ocrx_word' id='word_1_230' title='bbox 697 3138 835 3190; x_wconf 88' lang='lat' dir='ltr'><strong>Deus</strong></span> <span class='ocrx_word' id='word_1_231' title='bbox 891 3139 1183 3192; x_wconf 83' lang='lat' dir='ltr'><strong>hominibus</strong></span> 
     </span>
     <span class='ocr_line' id='line_1_44' title="bbox 198 3205 1184 3275; baseline 0.011 -19"><span class='ocrx_word' id='word_1_232' title='bbox 198 3205 457 3272; x_wconf 81' lang='lat' dir='ltr'><strong>prae-fixit,</strong></span> <span class='ocrx_word' id='word_1_233' title='bbox 501 3215 579 3260; x_wconf 89' lang='lat' dir='ltr'><strong>est</strong></span> <span class='ocrx_word' id='word_1_234' title='bbox 634 3212 916 3275; x_wconf 85' lang='lat' dir='ltr'><strong>moralitas,</strong></span> <span class='ocrx_word' id='word_1_235' title='bbox 960 3220 1012 3266; x_wconf 86' lang='lat' dir='ltr'><strong>et</strong></span> <span class='ocrx_word' id='word_1_236' title='bbox 1064 3213 1184 3266; x_wconf 83' lang='lat' dir='ltr'><strong>huic</strong></span> 
     </span>
    </p>
   </div>
   <div class='ocr_carea' id='block_1_6' title="bbox 243 3349 1172 3573">
    <p class='ocr_par' dir='ltr' id='par_1_8' title="bbox 257 3349 488 3438">
     <span class='ocr_line' id='line_1_45' title="bbox 257 3349 488 3438; baseline -0.004 -9"><span class='ocrx_word' id='word_1_237' title='bbox 257 3349 295 3438; x_wconf 59' lang='grc' dir='ltr'><strong>ἐξ</strong></span> <span class='ocrx_word' id='word_1_238' title='bbox 315 3351 407 3429; x_wconf 63' lang='grc' dir='ltr'><strong>ἓὲξξέ</strong></span> <span class='ocrx_word' id='word_1_239' title='bbox 431 3351 488 3430; x_wconf 63' lang='grc' dir='ltr'><strong>ῗὲ.</strong></span> 
     </span>
    </p>

    <p class='ocr_par' dir='ltr' id='par_1_9' title="bbox 257 3438 509 3480">
     <span class='ocr_line' id='line_1_46' title="bbox 257 3438 509 3480; baseline 0 -7"><span class='ocrx_word' id='word_1_240' title='bbox 257 3438 290 3480; x_wconf 84' lang='grc'><strong>3)</strong></span> <span class='ocrx_word' id='word_1_241' title='bbox 319 3439 428 3473; x_wconf 81' lang='lat' dir='ltr'><strong>Exod.</strong></span> <span class='ocrx_word' id='word_1_242' title='bbox 454 3439 509 3474; x_wconf 79' lang='lat'><strong>14.</strong></span> 
     </span>
    </p>

    <p class='ocr_par' dir='ltr' id='par_1_10' title="bbox 257 3482 629 3528">
     <span class='ocr_line' id='line_1_47' title="bbox 257 3482 629 3528; baseline 0.005 -12"><span class='ocrx_word' id='word_1_243' title='bbox 257 3483 277 3516; x_wconf 80' lang='lat'>4</span> <span class='ocrx_word' id='word_1_244' title='bbox 318 3482 387 3518; x_wconf 76' lang='lat' dir='ltr'><strong>Tu.</strong></span> <span class='ocrx_word' id='word_1_245' title='bbox 415 3493 498 3526; x_wconf 74' lang='lat' dir='ltr'><strong>gen.</strong></span> <span class='ocrx_word' id='word_1_246' title='bbox 525 3482 550 3528; x_wconf 75' lang='grc'>5</span> <span class='ocrx_word' id='word_1_247' title='bbox 574 3482 629 3518; x_wconf 78' lang='grc'><strong>99.</strong></span> 
     </span>
    </p>

    <p class='ocr_par' dir='ltr' id='par_1_11' title="bbox 243 3526 1172 3573">
     <span class='ocr_line' id='line_1_48' title="bbox 243 3526 1172 3573; baseline 0.009 -13"><span class='ocrx_word' id='word_1_248' title='bbox 243 3526 278 3566; x_wconf 75' lang='grc' dir='ltr'><strong>(δ</strong></span> <span class='ocrx_word' id='word_1_249' title='bbox 316 3526 426 3562; x_wconf 84' lang='lat' dir='ltr'><strong>Hom.</strong></span> <span class='ocrx_word' id='word_1_250' title='bbox 450 3528 653 3563; x_wconf 83' lang='lat' dir='ltr'><strong>Daemones</strong></span> <span class='ocrx_word' id='word_1_251' title='bbox 676 3537 748 3563; x_wconf 86' lang='lat' dir='ltr'><strong>non</strong></span> <span class='ocrx_word' id='word_1_252' title='bbox 762 3531 902 3573; x_wconf 77' lang='lat' dir='ltr'><strong>gubern</strong></span> <span class='ocrx_word' id='word_1_253' title='bbox 945 3533 1068 3568; x_wconf 76' lang='lat' dir='ltr'><strong>mund.</strong></span> <span class='ocrx_word' id='word_1_254' title='bbox 1095 3543 1132 3570; x_wconf 82' lang='lat' dir='ltr'><strong>n.</strong></span> <span class='ocrx_word' id='word_1_255' title='bbox 1152 3534 1172 3568; x_wconf 74' lang='lat'><strong>5</strong></span> 
     </span>
    </p>
   </div>
   <div class='ocr_carea' id='block_1_7' title="bbox 1240 556 2313 3066">
    <p class='ocr_par' dir='ltr' id='par_1_12' title="bbox 1246 556 2306 1366">
     <span class='ocr_line' id='line_1_49' title="bbox 1252 556 2244 626; baseline -0.001 -17"><span class='ocrx_word' id='word_1_256' title='bbox 1252 559 1578 620; x_wconf 88' lang='lat' dir='ltr'><strong>omniscium,</strong></span> <span class='ocrx_word' id='word_1_257' title='bbox 1620 559 1708 626; x_wconf 89' lang='lat' dir='ltr'><strong>qui</strong></span> <span class='ocrx_word' id='word_1_258' title='bbox 1744 558 1907 619; x_wconf 81' lang='lat' dir='ltr'><strong>sciat,</strong></span> <span class='ocrx_word' id='word_1_259' title='bbox 1933 563 1986 610; x_wconf 92' lang='lat' dir='ltr'><strong>et</strong></span> <span class='ocrx_word' id='word_1_260' title='bbox 2012 556 2244 624; x_wconf 86' lang='lat' dir='ltr'><strong>omnipo-</strong></span> 
     </span>
     <span class='ocr_line' id='line_1_50' title="bbox 1254 629 2242 701; baseline -0.001 -18"><span class='ocrx_word' id='word_1_261' title='bbox 1254 638 1468 690; x_wconf 86' lang='lat' dir='ltr'><strong>tentem,</strong></span> <span class='ocrx_word' id='word_1_262' title='bbox 1510 632 1596 701; x_wconf 91' lang='lat' dir='ltr'><strong>qui</strong></span> <span class='ocrx_word' id='word_1_263' title='bbox 1639 631 1814 699; x_wconf 85' lang='lat' dir='ltr'><strong>possit,</strong></span> <span class='ocrx_word' id='word_1_264' title='bbox 1857 629 1947 683; x_wconf 86' lang='lat' dir='ltr'><strong>sed</strong></span> <span class='ocrx_word' id='word_1_265' title='bbox 1974 631 2131 683; x_wconf 87' lang='lat' dir='ltr'><strong>etiam</strong></span> <span class='ocrx_word' id='word_1_266' title='bbox 2161 630 2242 682; x_wconf 91' lang='lat' dir='ltr'><strong>iu-</strong></span> 
     </span>
     <span class='ocr_line' id='line_1_51' title="bbox 1251 703 2241 774; baseline 0 -18"><span class='ocrx_word' id='word_1_267' title='bbox 1251 706 1576 767; x_wconf 87' lang='lat' dir='ltr'><strong>stissimum,</strong></span> <span class='ocrx_word' id='word_1_268' title='bbox 1645 707 1730 774; x_wconf 91' lang='lat' dir='ltr'><strong>qui</strong></span> <span class='ocrx_word' id='word_1_269' title='bbox 1778 704 1903 756; x_wconf 89' lang='lat' dir='ltr'><strong>velit</strong></span> <span class='ocrx_word' id='word_1_270' title='bbox 1952 703 2241 756; x_wconf 84' lang='lat' dir='ltr'><strong>actionibus</strong></span> 
     </span>
     <span class='ocr_line' id='line_1_52' title="bbox 1252 778 2240 848; baseline -0.001 -18"><span class='ocrx_word' id='word_1_271' title='bbox 1252 779 1396 832; x_wconf 91' lang='lat' dir='ltr'><strong>bonis</strong></span> <span class='ocrx_word' id='word_1_272' title='bbox 1458 787 1757 848; x_wconf 88' lang='lat' dir='ltr'><strong>competens</strong></span> <span class='ocrx_word' id='word_1_273' title='bbox 1796 778 2082 847; x_wconf 87' lang='lat' dir='ltr'><strong>praemium</strong></span> <span class='ocrx_word' id='word_1_274' title='bbox 2148 778 2240 829; x_wconf 87' lang='lat' dir='ltr'><strong>tri-</strong></span> 
     </span>
     <span class='ocr_line' id='line_1_53' title="bbox 1249 851 2306 919; baseline 0 -15"><span class='ocrx_word' id='word_1_275' title='bbox 1249 853 1426 915; x_wconf 90' lang='lat' dir='ltr'><strong>buere,</strong></span> <span class='ocrx_word' id='word_1_276' title='bbox 1471 860 1523 906; x_wconf 91' lang='lat' dir='ltr'><strong>et</strong></span> <span class='ocrx_word' id='word_1_277' title='bbox 1546 853 1775 906; x_wconf 89' lang='lat' dir='ltr'><strong>actiones</strong></span> <span class='ocrx_word' id='word_1_278' title='bbox 1796 852 1958 904; x_wconf 85' lang='lat' dir='ltr'><strong>malas</strong></span> <span class='ocrx_word' id='word_1_279' title='bbox 1984 851 2240 919; x_wconf 87' lang='lat' dir='ltr'><strong>condigna</strong></span> <span class='ocrx_word' id='word_1_280' title='bbox 2295 878 2306 881; x_wconf 92' lang='lat'><em>-</em></span> 
     </span>
     <span class='ocr_line' id='line_1_54' title="bbox 1252 926 2241 993; baseline -0.001 -15"><span class='ocrx_word' id='word_1_281' title='bbox 1252 942 1412 993; x_wconf 84' lang='lat' dir='ltr'><strong>poena</strong></span> <span class='ocrx_word' id='word_1_282' title='bbox 1451 928 1676 980; x_wconf 85' lang='lat' dir='ltr'><strong>afficere.</strong></span> <span class='ocrx_word' id='word_1_283' title='bbox 1739 926 1902 979; x_wconf 89' lang='lat' dir='ltr'><strong>Sicuti</strong></span> <span class='ocrx_word' id='word_1_284' title='bbox 1962 941 2086 993; x_wconf 86' lang='lat' dir='ltr'><strong>ergo</strong></span> <span class='ocrx_word' id='word_1_285' title='bbox 2132 940 2241 978; x_wconf 88' lang='lat' dir='ltr'><strong>cer-</strong></span> 
     </span>
     <span class='ocr_line' id='line_1_55' title="bbox 1250 994 2240 1062; baseline -0.001 -10"><span class='ocrx_word' id='word_1_286' title='bbox 1250 1006 1357 1053; x_wconf 88' lang='lat' dir='ltr'><strong>tum</strong></span> <span class='ocrx_word' id='word_1_287' title='bbox 1399 1009 1496 1062; x_wconf 91' lang='lat' dir='ltr'><strong>est,</strong></span> <span class='ocrx_word' id='word_1_288' title='bbox 1543 994 1705 1053; x_wconf 82' lang='lat' dir='ltr'><strong>Deum</strong></span> <span class='ocrx_word' id='word_1_289' title='bbox 1746 1000 1880 1053; x_wconf 91' lang='lat' dir='ltr'><strong>velle</strong></span> <span class='ocrx_word' id='word_1_290' title='bbox 1920 999 2148 1061; x_wconf 81' lang='lat' dir='ltr'><strong>hominis</strong></span> <span class='ocrx_word' id='word_1_291' title='bbox 2184 999 2240 1051; x_wconf 85' lang='lat' dir='ltr'><strong>fi.</strong></span> 
     </span>
     <span class='ocr_line' id='line_1_56' title="bbox 1249 1074 2229 1135; baseline 0 -9"><span class='ocrx_word' id='word_1_292' title='bbox 1249 1090 1387 1135; x_wconf 88' lang='lat' dir='ltr'><strong>nem,</strong></span> <span class='ocrx_word' id='word_1_293' title='bbox 1431 1077 1501 1127; x_wconf 87' lang='lat' dir='ltr'><strong>ita</strong></span> <span class='ocrx_word' id='word_1_294' title='bbox 1541 1077 1697 1128; x_wconf 91' lang='lat' dir='ltr'><strong>etiam</strong></span> <span class='ocrx_word' id='word_1_295' title='bbox 1735 1074 2081 1134; x_wconf 86' lang='lat' dir='ltr'><strong>indubitatum</strong></span> <span class='ocrx_word' id='word_1_296' title='bbox 2122 1079 2229 1135; x_wconf 85' lang='lat' dir='ltr'><strong>est,</strong></span> 
     </span>
     <span class='ocr_line' id='line_1_57' title="bbox 1247 1148 2239 1202; baseline 0 -2"><span class='ocrx_word' id='word_1_297' title='bbox 1247 1164 1366 1201; x_wconf 90' lang='lat' dir='ltr'><strong>eum</strong></span> <span class='ocrx_word' id='word_1_298' title='bbox 1409 1150 1541 1201; x_wconf 92' lang='lat' dir='ltr'><strong>velle</strong></span> <span class='ocrx_word' id='word_1_299' title='bbox 1605 1164 1936 1202; x_wconf 85' lang='lat' dir='ltr'><strong>remunerare</strong></span> <span class='ocrx_word' id='word_1_300' title='bbox 1988 1148 2148 1201; x_wconf 87' lang='lat' dir='ltr'><strong>honos</strong></span> <span class='ocrx_word' id='word_1_301' title='bbox 2185 1155 2239 1201; x_wconf 92' lang='lat' dir='ltr'><strong>et</strong></span> 
     </span>
     <span class='ocr_line' id='line_1_58' title="bbox 1247 1221 2235 1292; baseline 0.001 -18"><span class='ocrx_word' id='word_1_302' title='bbox 1247 1226 1429 1289; x_wconf 90' lang='lat' dir='ltr'><strong>punire</strong></span> <span class='ocrx_word' id='word_1_303' title='bbox 1470 1223 1657 1285; x_wconf 61' lang='lat' dir='ltr'><strong>malm,</strong></span> <span class='ocrx_word' id='word_1_304' title='bbox 1719 1224 1835 1292; x_wconf 88' lang='lat' dir='ltr'><strong>quia</strong></span> <span class='ocrx_word' id='word_1_305' title='bbox 1899 1221 2235 1275; x_wconf 87' lang='lat' dir='ltr'><strong>contradictio</strong></span> 
     </span>
     <span class='ocr_line' id='line_1_59' title="bbox 1246 1297 1963 1366; baseline 0 -18"><span class='ocrx_word' id='word_1_306' title='bbox 1246 1298 1297 1348; x_wconf 91' lang='lat' dir='ltr'><strong>in</strong></span> <span class='ocrx_word' id='word_1_307' title='bbox 1335 1297 1499 1349; x_wconf 85' lang='lat' dir='ltr'><strong>Deum</strong></span> <span class='ocrx_word' id='word_1_308' title='bbox 1542 1298 1725 1350; x_wconf 87' lang='lat' dir='ltr'><strong>cadere</strong></span> <span class='ocrx_word' id='word_1_309' title='bbox 1767 1297 1963 1366; x_wconf 86' lang='lat' dir='ltr'><strong>nequit.</strong></span> 
     </span>
    </p>

    <p class='ocr_par' dir='ltr' id='par_1_13' title="bbox 1240 1369 2313 3066">
     <span class='ocr_line' id='line_1_60' title="bbox 1323 1369 2235 1434; baseline 0.001 -13"><span class='ocrx_word' id='word_1_310' title='bbox 1323 1372 1447 1423; x_wconf 78' lang='lat' dir='ltr'><strong>Nota</strong></span> <span class='ocrx_word' id='word_1_311' title='bbox 1490 1372 1541 1423; x_wconf 79' lang='lat'><strong>1.</strong></span> <span class='ocrx_word' id='word_1_312' title='bbox 1596 1371 1856 1434; x_wconf 86' lang='lat' dir='ltr'><strong>Quantum</strong></span> <span class='ocrx_word' id='word_1_313' title='bbox 1914 1370 2110 1422; x_wconf 89' lang='lat' dir='ltr'><strong>iustitia</strong></span> <span class='ocrx_word' id='word_1_314' title='bbox 2158 1369 2235 1422; x_wconf 87' lang='lat' dir='ltr'><strong>di-</strong></span> 
     </span>
     <span class='ocr_line' id='line_1_61' title="bbox 1246 1444 2237 1514; baseline 0.001 -20"><span class='ocrx_word' id='word_1_315' title='bbox 1246 1444 1363 1496; x_wconf 87' lang='lat' dir='ltr'><strong>vina</strong></span> <span class='ocrx_word' id='word_1_316' title='bbox 1401 1460 1537 1510; x_wconf 71' lang='lat' dir='ltr'><strong>eam3</strong></span> <span class='ocrx_word' id='word_1_317' title='bbox 1580 1461 1712 1514; x_wconf 88' lang='lat' dir='ltr'><strong>quae</strong></span> <span class='ocrx_word' id='word_1_318' title='bbox 1750 1445 1815 1498; x_wconf 87' lang='lat' dir='ltr'><strong>ab</strong></span> <span class='ocrx_word' id='word_1_319' title='bbox 1854 1444 2148 1497; x_wconf 88' lang='lat' dir='ltr'><strong>bominibus</strong></span> <span class='ocrx_word' id='word_1_320' title='bbox 2187 1458 2237 1495; x_wconf 90' lang='lat' dir='ltr'><strong>e·</strong></span> 
     </span>
     <span class='ocr_line' id='line_1_62' title="bbox 1243 1517 2236 1581; baseline -0.001 -12"><span class='ocrx_word' id='word_1_321' title='bbox 1243 1526 1520 1581; x_wconf 87' lang='lat' dir='ltr'><strong>xercetur,</strong></span> <span class='ocrx_word' id='word_1_322' title='bbox 1583 1518 1881 1580; x_wconf 88' lang='lat' dir='ltr'><strong>antecellat,</strong></span> <span class='ocrx_word' id='word_1_323' title='bbox 1944 1534 2011 1571; x_wconf 85' lang='lat' dir='ltr'><strong>ex</strong></span> <span class='ocrx_word' id='word_1_324' title='bbox 2076 1517 2236 1570; x_wconf 84' lang='lat' dir='ltr'><strong>variis</strong></span> 
     </span>
     <span class='ocr_line' id='line_1_63' title="bbox 1243 1589 2235 1662; baseline 0.002 -21"><span class='ocrx_word' id='word_1_325' title='bbox 1243 1592 1516 1644; x_wconf 89' lang='lat' dir='ltr'><strong>momentis</strong></span> <span class='ocrx_word' id='word_1_326' title='bbox 1556 1593 1705 1645; x_wconf 87' lang='lat' dir='ltr'><strong>facile</strong></span> <span class='ocrx_word' id='word_1_327' title='bbox 1744 1592 2022 1659; x_wconf 86' lang='lat' dir='ltr'><strong>colligitur.</strong></span> <span class='ocrx_word' id='word_1_328' title='bbox 2054 1589 2106 1662; x_wconf 88' lang='lat' dir='ltr'><strong>a)</strong></span> <span class='ocrx_word' id='word_1_329' title='bbox 2134 1590 2235 1643; x_wconf 90' lang='lat' dir='ltr'><strong>Ho-</strong></span> 
     </span>
     <span class='ocr_line' id='line_1_64' title="bbox 1245 1666 2236 1718; baseline 0 -2"><span class='ocrx_word' id='word_1_330' title='bbox 1245 1666 1407 1718; x_wconf 89' lang='lat' dir='ltr'><strong>mines</strong></span> <span class='ocrx_word' id='word_1_331' title='bbox 1472 1666 1610 1718; x_wconf 90' lang='lat' dir='ltr'><strong>enim</strong></span> <span class='ocrx_word' id='word_1_332' title='bbox 1673 1666 1894 1718; x_wconf 88' lang='lat' dir='ltr'><strong>aliorum</strong></span> <span class='ocrx_word' id='word_1_333' title='bbox 1948 1666 2136 1718; x_wconf 87' lang='lat' dir='ltr'><strong>merita</strong></span> <span class='ocrx_word' id='word_1_334' title='bbox 2182 1670 2236 1717; x_wconf 88' lang='lat' dir='ltr'><strong>et</strong></span> 
     </span>
     <span class='ocr_line' id='line_1_65' title="bbox 1242 1739 2234 1807; baseline 0.001 -18"><span class='ocrx_word' id='word_1_335' title='bbox 1242 1739 1490 1792; x_wconf 87' lang='lat' dir='ltr'><strong>demerita</strong></span> <span class='ocrx_word' id='word_1_336' title='bbox 1529 1740 1770 1792; x_wconf 89' lang='lat' dir='ltr'><strong>hincinde</strong></span> <span class='ocrx_word' id='word_1_337' title='bbox 1797 1741 2056 1807; x_wconf 84' lang='lat' dir='ltr'><strong>ignorant,</strong></span> <span class='ocrx_word' id='word_1_338' title='bbox 2089 1739 2234 1791; x_wconf 90' lang='lat' dir='ltr'><strong>hinc-</strong></span> 
     </span>
     <span class='ocr_line' id='line_1_66' title="bbox 1242 1812 2233 1866; baseline 0.002 -4"><span class='ocrx_word' id='word_1_339' title='bbox 1242 1812 1359 1864; x_wconf 91' lang='lat' dir='ltr'><strong>inde</strong></span> <span class='ocrx_word' id='word_1_340' title='bbox 1435 1814 1590 1866; x_wconf 89' lang='lat' dir='ltr'><strong>iniis</strong></span> <span class='ocrx_word' id='word_1_341' title='bbox 1653 1814 1994 1866; x_wconf 89' lang='lat' dir='ltr'><strong>diiudicandis</strong></span> <span class='ocrx_word' id='word_1_342' title='bbox 2046 1812 2233 1865; x_wconf 81' lang='lat' dir='ltr'><strong>fallun-</strong></span> 
     </span>
     <span class='ocr_line' id='line_1_67' title="bbox 1242 1885 2233 1943; baseline 0.003 -8"><span class='ocrx_word' id='word_1_343' title='bbox 1242 1893 1345 1937; x_wconf 90' lang='lat' dir='ltr'><strong>tur:</strong></span> <span class='ocrx_word' id='word_1_344' title='bbox 1390 1887 1556 1939; x_wconf 90' lang='lat' dir='ltr'><strong>Deum</strong></span> <span class='ocrx_word' id='word_1_345' title='bbox 1599 1903 1719 1941; x_wconf 87' lang='lat' dir='ltr'><strong>vero</strong></span> <span class='ocrx_word' id='word_1_346' title='bbox 1778 1888 1904 1939; x_wconf 87' lang='lat' dir='ltr'><strong>nihil</strong></span> <span class='ocrx_word' id='word_1_347' title='bbox 1958 1887 2116 1943; x_wconf 81' lang='lat' dir='ltr'><strong>latet:</strong></span> <span class='ocrx_word' id='word_1_348' title='bbox 2172 1885 2233 1938; x_wconf 91' lang='lat'><strong>0-</strong></span> 
     </span>
     <span class='ocr_line' id='line_1_68' title="bbox 1241 1959 2231 2030; baseline 0.002 -20"><span class='ocrx_word' id='word_1_349' title='bbox 1241 1961 1376 2011; x_wconf 82' lang='lat' dir='ltr'><strong>mnia</strong></span> <span class='ocrx_word' id='word_1_350' title='bbox 1415 1962 1549 2012; x_wconf 78' lang='lat' dir='ltr'><strong>nuda</strong></span> <span class='ocrx_word' id='word_1_351' title='bbox 1612 1969 1656 2013; x_wconf 81' lang='lat' dir='ltr'><strong>et</strong></span> <span class='ocrx_word' id='word_1_352' title='bbox 1706 1969 1872 2030; x_wconf 80' lang='lat' dir='ltr'><strong>aperta</strong></span> <span class='ocrx_word' id='word_1_353' title='bbox 1918 1970 2031 2013; x_wconf 79' lang='lat' dir='ltr'><strong>sunt</strong></span> <span class='ocrx_word' id='word_1_354' title='bbox 2081 1959 2231 2013; x_wconf 77' lang='lat' dir='ltr'><strong>oculis</strong></span> 
     </span>
     <span class='ocr_line' id='line_1_69' title="bbox 1240 2032 2232 2106; baseline 0.001 -22"><span class='ocrx_word' id='word_1_355' title='bbox 1240 2035 1345 2085; x_wconf 79' lang='lat' dir='ltr'><strong>eius</strong></span> <span class='ocrx_word' id='word_1_356' title='bbox 1373 2033 1469 2106; x_wconf 90' lang='lat'>(7).</span> <span class='ocrx_word' id='word_1_357' title='bbox 1506 2032 1550 2104; x_wconf 80' lang='lat' dir='ltr'><strong>b)</strong></span> <span class='ocrx_word' id='word_1_358' title='bbox 1576 2035 1819 2088; x_wconf 90' lang='lat' dir='ltr'><strong>Homines</strong></span> <span class='ocrx_word' id='word_1_359' title='bbox 1853 2035 2044 2087; x_wconf 87' lang='lat' dir='ltr'><strong>infirmi</strong></span> <span class='ocrx_word' id='word_1_360' title='bbox 2071 2048 2232 2103; x_wconf 88' lang='lat' dir='ltr'><strong>quan-</strong></span> 
     </span>
     <span class='ocr_line' id='line_1_70' title="bbox 1241 2108 2234 2176; baseline 0.002 -19"><span class='ocrx_word' id='word_1_361' title='bbox 1241 2108 1406 2175; x_wconf 91' lang='lat' dir='ltr'><strong>doque</strong></span> <span class='ocrx_word' id='word_1_362' title='bbox 1447 2110 1630 2161; x_wconf 86' lang='lat' dir='ltr'><strong>merita</strong></span> <span class='ocrx_word' id='word_1_363' title='bbox 1670 2109 1733 2162; x_wconf 94' lang='lat' dir='ltr'><strong>de</strong></span> <span class='ocrx_word' id='word_1_364' title='bbox 1772 2108 2029 2176; x_wconf 88' lang='lat' dir='ltr'><strong>condigno</strong></span> <span class='ocrx_word' id='word_1_365' title='bbox 2064 2123 2234 2160; x_wconf 91' lang='lat' dir='ltr'><strong>remu-</strong></span> 
     </span>
     <span class='ocr_line' id='line_1_71' title="bbox 1240 2182 2232 2252; baseline 0.002 -20"><span class='ocrx_word' id='word_1_366' title='bbox 1240 2183 1409 2236; x_wconf 83' lang='lat' dir='ltr'><strong>nerari</strong></span> <span class='ocrx_word' id='word_1_367' title='bbox 1452 2199 1551 2235; x_wconf 85' lang='lat' dir='ltr'><strong>non</strong></span> <span class='ocrx_word' id='word_1_368' title='bbox 1581 2183 1778 2243; x_wconf 86' lang='lat' dir='ltr'><strong>valent,</strong></span> <span class='ocrx_word' id='word_1_369' title='bbox 1811 2198 2092 2252; x_wconf 90' lang='lat' dir='ltr'><strong>eorumque</strong></span> <span class='ocrx_word' id='word_1_370' title='bbox 2119 2182 2232 2234; x_wconf 89' lang='lat' dir='ltr'><strong>vin-</strong></span> 
     </span>
     <span class='ocr_line' id='line_1_72' title="bbox 1242 2255 2232 2326; baseline 0.002 -20"><span class='ocrx_word' id='word_1_371' title='bbox 1242 2255 1376 2308; x_wconf 89' lang='lat' dir='ltr'><strong>dicta</strong></span> <span class='ocrx_word' id='word_1_372' title='bbox 1416 2256 1551 2309; x_wconf 89' lang='lat' dir='ltr'><strong>haud</strong></span> <span class='ocrx_word' id='word_1_373' title='bbox 1593 2273 1707 2310; x_wconf 86' lang='lat' dir='ltr'><strong>raro</strong></span> <span class='ocrx_word' id='word_1_374' title='bbox 1747 2274 1776 2309; x_wconf 90' lang='lat' dir='ltr'><strong>a</strong></span> <span class='ocrx_word' id='word_1_375' title='bbox 1817 2255 2232 2326; x_wconf 88' lang='lat' dir='ltr'><strong>delinquentibus</strong></span> 
     </span>
     <span class='ocr_line' id='line_1_73' title="bbox 1241 2329 2233 2401; baseline 0.003 -21"><span class='ocrx_word' id='word_1_376' title='bbox 1241 2329 1528 2401; x_wconf 77' lang='lat' dir='ltr'><strong>declinari,</strong></span> <span class='ocrx_word' id='word_1_377' title='bbox 1570 2338 1660 2383; x_wconf 89' lang='lat' dir='ltr'><strong>aut</strong></span> <span class='ocrx_word' id='word_1_378' title='bbox 1705 2332 1770 2383; x_wconf 92' lang='lat' dir='ltr'><strong>ab</strong></span> <span class='ocrx_word' id='word_1_379' title='bbox 1820 2331 1934 2384; x_wconf 88' lang='lat' dir='ltr'><strong>aliis</strong></span> <span class='ocrx_word' id='word_1_380' title='bbox 1997 2329 2233 2397; x_wconf 85' lang='lat' dir='ltr'><strong>impediri</strong></span> 
     </span>
     <span class='ocr_line' id='line_1_74' title="bbox 1243 2404 2231 2472; baseline 0.001 -17"><span class='ocrx_word' id='word_1_381' title='bbox 1243 2411 1425 2470; x_wconf 84' lang='lat' dir='ltr'><strong>potest3</strong></span> <span class='ocrx_word' id='word_1_382' title='bbox 1469 2405 1560 2456; x_wconf 89' lang='lat' dir='ltr'><strong>Dei</strong></span> <span class='ocrx_word' id='word_1_383' title='bbox 1620 2412 1796 2458; x_wconf 89' lang='lat' dir='ltr'><strong>autem</strong></span> <span class='ocrx_word' id='word_1_384' title='bbox 1836 2404 2038 2458; x_wconf 84' lang='lat' dir='ltr'><strong>infinita</strong></span> <span class='ocrx_word' id='word_1_385' title='bbox 2075 2404 2231 2472; x_wconf 86' lang='lat' dir='ltr'><strong>largi-</strong></span> 
     </span>
     <span class='ocr_line' id='line_1_75' title="bbox 1243 2477 2232 2546; baseline 0.002 -18"><span class='ocrx_word' id='word_1_386' title='bbox 1243 2484 1318 2529; x_wconf 89' lang='lat' dir='ltr'><strong>tas</strong></span> <span class='ocrx_word' id='word_1_387' title='bbox 1357 2495 1386 2529; x_wconf 89' lang='lat' dir='ltr'><strong>a</strong></span> <span class='ocrx_word' id='word_1_388' title='bbox 1429 2480 1632 2530; x_wconf 86' lang='lat' dir='ltr'><strong>nemine</strong></span> <span class='ocrx_word' id='word_1_389' title='bbox 1683 2479 1942 2546; x_wconf 80' lang='lat' dir='ltr'><strong>restringi,</strong></span> <span class='ocrx_word' id='word_1_390' title='bbox 1979 2485 2030 2532; x_wconf 89' lang='lat' dir='ltr'><strong>et</strong></span> <span class='ocrx_word' id='word_1_391' title='bbox 2069 2477 2232 2531; x_wconf 80' lang='lat' dir='ltr'><strong>omni-</strong></span> 
     </span>
     <span class='ocr_line' id='line_1_76' title="bbox 1244 2551 2234 2618; baseline 0.002 -16"><span class='ocrx_word' id='word_1_392' title='bbox 1244 2558 1420 2618; x_wconf 87' lang='lat' dir='ltr'><strong>potens</strong></span> <span class='ocrx_word' id='word_1_393' title='bbox 1461 2553 1690 2605; x_wconf 87' lang='lat' dir='ltr'><strong>vindicta</strong></span> <span class='ocrx_word' id='word_1_394' title='bbox 1737 2570 1768 2605; x_wconf 88' lang='lat' dir='ltr'><strong>a</strong></span> <span class='ocrx_word' id='word_1_395' title='bbox 1834 2552 1976 2605; x_wconf 89' lang='lat' dir='ltr'><strong>nullo</strong></span> <span class='ocrx_word' id='word_1_396' title='bbox 2016 2567 2104 2604; x_wconf 89' lang='lat' dir='ltr'><strong>reo</strong></span> <span class='ocrx_word' id='word_1_397' title='bbox 2143 2551 2234 2604; x_wconf 88' lang='lat' dir='ltr'><strong>de-</strong></span> 
     </span>
     <span class='ocr_line' id='line_1_77' title="bbox 1241 2622 2229 2697; baseline 0.006 -21"><span class='ocrx_word' id='word_1_398' title='bbox 1241 2625 1421 2677; x_wconf 87' lang='lat' dir='ltr'><strong>clinari</strong></span> <span class='ocrx_word' id='word_1_399' title='bbox 1461 2634 1551 2679; x_wconf 90' lang='lat' dir='ltr'><strong>aut</strong></span> <span class='ocrx_word' id='word_1_400' title='bbox 1591 2626 1822 2696; x_wconf 88' lang='lat' dir='ltr'><strong>impediri</strong></span> <span class='ocrx_word' id='word_1_401' title='bbox 1866 2632 2050 2694; x_wconf 90' lang='lat' dir='ltr'><strong>potest.</strong></span> <span class='ocrx_word' id='word_1_402' title='bbox 2093 2622 2145 2697; x_wconf 83' lang='lat' dir='ltr'><strong>o)</strong></span> <span class='ocrx_word' id='word_1_403' title='bbox 2172 2623 2229 2682; x_wconf 83' lang='lat' dir='ltr'><strong>In</strong></span> 
     </span>
     <span class='ocr_line' id='line_1_78' title="bbox 1241 2699 2233 2768; baseline 0.001 -18"><span class='ocrx_word' id='word_1_404' title='bbox 1241 2699 1439 2751; x_wconf 89' lang='lat' dir='ltr'><strong>iudiciis</strong></span> <span class='ocrx_word' id='word_1_405' title='bbox 1479 2700 1720 2753; x_wconf 89' lang='lat' dir='ltr'><strong>humanis</strong></span> <span class='ocrx_word' id='word_1_406' title='bbox 1772 2716 1873 2752; x_wconf 90' lang='lat' dir='ltr'><strong>non</strong></span> <span class='ocrx_word' id='word_1_407' title='bbox 1913 2715 2118 2768; x_wconf 89' lang='lat' dir='ltr'><strong>semper</strong></span> <span class='ocrx_word' id='word_1_408' title='bbox 2157 2699 2233 2751; x_wconf 91' lang='lat' dir='ltr'><strong>iu-</strong></span> 
     </span>
     <span class='ocr_line' id='line_1_79' title="bbox 1241 2773 2254 2844; baseline -0.001 -21"><span class='ocrx_word' id='word_1_409' title='bbox 1241 2773 1410 2825; x_wconf 87' lang='lat' dir='ltr'><strong>stitiae</strong></span> <span class='ocrx_word' id='word_1_410' title='bbox 1449 2781 1500 2826; x_wconf 90' lang='lat' dir='ltr'><strong>et</strong></span> <span class='ocrx_word' id='word_1_411' title='bbox 1557 2774 1829 2844; x_wconf 86' lang='lat' dir='ltr'><strong>aequitatis</strong></span> <span class='ocrx_word' id='word_1_412' title='bbox 1875 2774 2017 2842; x_wconf 90' lang='lat' dir='ltr'><strong>leges</strong></span> <span class='ocrx_word' id='word_1_413' title='bbox 2063 2773 2254 2826; x_wconf 71' lang='lat' dir='ltr'><strong>obser·,</strong></span> 
     </span>
     <span class='ocr_line' id='line_1_80' title="bbox 1243 2844 2235 2902; baseline 0.002 -6"><span class='ocrx_word' id='word_1_414' title='bbox 1243 2854 1453 2902; x_wconf 81' lang='lat' dir='ltr'><strong>vantur:</strong></span> <span class='ocrx_word' id='word_1_415' title='bbox 1515 2856 1638 2901; x_wconf 89' lang='lat' dir='ltr'><strong>sunt</strong></span> <span class='ocrx_word' id='word_1_416' title='bbox 1684 2855 1859 2901; x_wconf 90' lang='lat' dir='ltr'><strong>autem</strong></span> <span class='ocrx_word' id='word_1_417' title='bbox 1910 2847 2095 2900; x_wconf 78' lang='lat' dir='ltr'><strong>iudicia</strong></span> <span class='ocrx_word' id='word_1_418' title='bbox 2140 2844 2235 2898; x_wconf 73' lang='lat' dir='ltr'><strong>Dei</strong></span> 
     </span>
     <span class='ocr_line' id='line_1_81' title="bbox 1244 2918 2280 2989; baseline 0.001 -18"><span class='ocrx_word' id='word_1_419' title='bbox 1244 2936 1373 2982; x_wconf 78' lang='lat' dir='ltr'><strong>vera,</strong></span> <span class='ocrx_word' id='word_1_420' title='bbox 1417 2922 1682 2989; x_wconf 76' lang='lat' dir='ltr'><strong>iustificata</strong></span> <span class='ocrx_word' id='word_1_421' title='bbox 1740 2923 1794 2974; x_wconf 80' lang='lat' dir='ltr'><strong>in</strong></span> <span class='ocrx_word' id='word_1_422' title='bbox 1839 2923 2090 2988; x_wconf 77' lang='lat' dir='ltr'><strong>semetipsa</strong></span> <span class='ocrx_word' id='word_1_423' title='bbox 2130 2918 2228 2989; x_wconf 89' lang='lat'><strong>(8).</strong></span> <span class='ocrx_word' id='word_1_424' title='bbox 2263 2923 2280 2979; x_wconf 47' lang='grc' dir='ltr'>χ</span> 
     </span>
     <span class='ocr_line' id='line_1_82' title="bbox 1242 2993 2313 3066; baseline -0.003 -21"><span class='ocrx_word' id='word_1_425' title='bbox 1242 2994 1314 3045; x_wconf 91' lang='lat' dir='ltr'><strong>Ne</strong></span> <span class='ocrx_word' id='word_1_426' title='bbox 1374 2996 1586 3047; x_wconf 88' lang='lat' dir='ltr'><strong>minima</strong></span> <span class='ocrx_word' id='word_1_427' title='bbox 1649 2996 1856 3065; x_wconf 88' lang='lat' dir='ltr'><strong>quidem</strong></span> <span class='ocrx_word' id='word_1_428' title='bbox 1911 2996 2045 3047; x_wconf 89' lang='lat' dir='ltr'><strong>actio</strong></span> <span class='ocrx_word' id='word_1_429' title='bbox 2103 2993 2313 3066; x_wconf 18' lang='lat' dir='ltr'><strong>bonati]</strong></span> 
     </span>
    </p>
   </div>
   <div class='ocr_carea' id='block_1_8' title="bbox 1247 3067 2317 3140">
    <p class='ocr_par' dir='ltr' id='par_1_14' title="bbox 1247 3067 2317 3140">
     <span class='ocr_line' id='line_1_83' title="bbox 1247 3067 2317 3140; baseline 0.006 -22"><span class='ocrx_word' id='word_1_430' title='bbox 1247 3070 1470 3134; x_wconf 88' lang='lat' dir='ltr'><strong>praemio</strong></span> <span class='ocrx_word' id='word_1_431' title='bbox 1535 3069 1812 3122; x_wconf 84' lang='lat' dir='ltr'><strong>frustratur</strong></span> <span class='ocrx_word' id='word_1_432' title='bbox 1863 3067 1962 3140; x_wconf 86' lang='lat'><strong>(9),</strong></span> <span class='ocrx_word' id='word_1_433' title='bbox 2026 3073 2080 3120; x_wconf 88' lang='lat' dir='ltr'><strong>et</strong></span> <span class='ocrx_word' id='word_1_434' title='bbox 2143 3070 2317 3126; x_wconf 51' lang='lat' dir='ltr'><strong>neeis</strong></span> 
     </span>
    </p>
   </div>
   <div class='ocr_carea' id='block_1_9' title="bbox 1245 3122 2314 3308">
    <p class='ocr_par' dir='ltr' id='par_1_15' title="bbox 1245 3122 2314 3308">
     <span class='ocr_line' id='line_1_84' title="bbox 1245 3122 2308 3211; baseline -0.001 -19"><span class='ocrx_word' id='word_1_435' title='bbox 1245 3142 1515 3194; x_wconf 84' lang='lat' dir='ltr'><strong>minimum</strong></span> <span class='ocrx_word' id='word_1_436' title='bbox 1557 3151 1823 3210; x_wconf 86' lang='lat' dir='ltr'><strong>peccatum</strong></span> <span class='ocrx_word' id='word_1_437' title='bbox 1863 3156 2076 3210; x_wconf 87' lang='lat' dir='ltr'><strong>poenam</strong></span> <span class='ocrx_word' id='word_1_438' title='bbox 2117 3154 2239 3192; x_wconf 84' lang='lat' dir='ltr'><strong>eva·</strong></span> <span class='ocrx_word' id='word_1_439' title='bbox 2256 3122 2308 3211; x_wconf 49' lang='grc' dir='ltr'><strong>ἓξ.</strong></span> 
     </span>
     <span class='ocr_line' id='line_1_85' title="bbox 1245 3189 2314 3308; baseline 0 -43"><span class='ocrx_word' id='word_1_440' title='bbox 1245 3210 1549 3286; x_wconf 70' lang='lat' dir='ltr'><strong>dit(1o).a)</strong></span> <span class='ocrx_word' id='word_1_441' title='bbox 1589 3216 1790 3270; x_wconf 83' lang='lat' dir='ltr'><strong>Iustitia</strong></span> <span class='ocrx_word' id='word_1_442' title='bbox 1814 3216 2063 3277; x_wconf 71' lang='lat' dir='ltr'><strong>humana,</strong></span> <span class='ocrx_word' id='word_1_443' title='bbox 2105 3189 2314 3308; x_wconf 48' lang='lat' dir='ltr'><strong>quaeffg</strong></span> 
     </span>
    </p>
   </div>
   <div class='ocr_carea' id='block_1_10' title="bbox 1291 3354 1867 3580">
    <p class='ocr_par' dir='ltr' id='par_1_16' title="bbox 1291 3354 1867 3447">
     <span class='ocr_line' id='line_1_86' title="bbox 1291 3354 1867 3446; baseline 0.014 -54"><span class='ocrx_word' id='word_1_444' title='bbox 1291 3357 1326 3446; x_wconf 50' lang='lat' dir='ltr'><strong>{o</strong></span> <span class='ocrx_word' id='word_1_445' title='bbox 1369 3354 1447 3394; x_wconf 82' lang='lat' dir='ltr'><strong>Lib.</strong></span> <span class='ocrx_word' id='word_1_446' title='bbox 1471 3361 1497 3394; x_wconf 90' lang='lat'><strong>1.</strong></span> <span class='ocrx_word' id='word_1_447' title='bbox 1528 3361 1575 3395; x_wconf 79' lang='lat' dir='ltr'><strong>De</strong></span> <span class='ocrx_word' id='word_1_448' title='bbox 1598 3361 1648 3396; x_wconf 76' lang='lat' dir='ltr'><strong>tib</strong></span> <span class='ocrx_word' id='word_1_449' title='bbox 1689 3369 1764 3397; x_wconf 75' lang='lat' dir='ltr'><strong>nt.</strong></span> <span class='ocrx_word' id='word_1_450' title='bbox 1793 3371 1821 3398; x_wconf 68' lang='grc' dir='ltr'><strong>ο.</strong></span> <span class='ocrx_word' id='word_1_451' title='bbox 1849 3366 1867 3400; x_wconf 80' lang='lat'><strong>1</strong></span> 
     </span>
     <span class='ocr_line' id='line_1_87' title="bbox 1308 3403 1618 3447; baseline 0.013 -12"><span class='ocrx_word' id='word_1_452' title='bbox 1308 3403 1327 3435; x_wconf 73' lang='lat' dir='ltr'><strong>“a</strong></span> <span class='ocrx_word' id='word_1_453' title='bbox 1368 3403 1474 3437; x_wconf 84' lang='lat' dir='ltr'><strong>Hebr.</strong></span> <span class='ocrx_word' id='word_1_454' title='bbox 1506 3403 1536 3447; x_wconf 72' lang='grc' dir='ltr'><strong>ί,</strong></span> <span class='ocrx_word' id='word_1_455' title='bbox 1564 3406 1618 3439; x_wconf 73' lang='grc' dir='ltr'><strong>Π.</strong></span> 
     </span>
    </p>

    <p class='ocr_par' dir='ltr' id='par_1_17' title="bbox 1310 3445 1578 3489">
     <span class='ocr_line' id='line_1_88' title="bbox 1310 3445 1578 3489; baseline 0.015 -10"><span class='ocrx_word' id='word_1_456' title='bbox 1310 3445 1344 3488; x_wconf 80' lang='grc'><strong>8)</strong></span> <span class='ocrx_word' id='word_1_457' title='bbox 1371 3448 1423 3481; x_wconf 77' lang='lat' dir='ltr'><strong>Ps.</strong></span> <span class='ocrx_word' id='word_1_458' title='bbox 1458 3449 1508 3489; x_wconf 73' lang='lat'><strong>18,</strong></span> <span class='ocrx_word' id='word_1_459' title='bbox 1538 3449 1578 3483; x_wconf 74' lang='lat'><strong>20</strong></span> 
     </span>
    </p>

    <p class='ocr_par' dir='ltr' id='par_1_18' title="bbox 1319 3490 1649 3533">
     <span class='ocr_line' id='line_1_89' title="bbox 1319 3490 1649 3533; baseline 0.012 -10"><span class='ocrx_word' id='word_1_460' title='bbox 1319 3490 1346 3533; x_wconf 74' lang='grc' dir='ltr'><strong>ι)</strong></span> <span class='ocrx_word' id='word_1_461' title='bbox 1372 3491 1499 3526; x_wconf 75' lang='lat' dir='ltr'><strong>Mani.</strong></span> <span class='ocrx_word' id='word_1_462' title='bbox 1527 3491 1565 3528; x_wconf 75' lang='lat'><strong>1³</strong></span> <span class='ocrx_word' id='word_1_463' title='bbox 1609 3491 1649 3526; x_wconf 75' lang='lat' dir='ltr'><strong>u</strong></span> 
     </span>
    </p>

    <p class='ocr_par' dir='ltr' id='par_1_19' title="bbox 1291 3533 1666 3580">
     <span class='ocr_line' id='line_1_90' title="bbox 1291 3533 1666 3580; baseline 0.016 -11"><span class='ocrx_word' id='word_1_464' title='bbox 1291 3533 1365 3580; x_wconf 59' lang='grc' dir='ltr'><strong>(Νη</strong></span> <span class='ocrx_word' id='word_1_465' title='bbox 1396 3536 1520 3571; x_wconf 73' lang='lat' dir='ltr'><strong>Mami,</strong></span> <span class='ocrx_word' id='word_1_466' title='bbox 1545 3536 1586 3572; x_wconf 63' lang='grc' dir='ltr'><strong>Β</strong></span> <span class='ocrx_word' id='word_1_467' title='bbox 1610 3535 1666 3574; x_wconf 63' lang='grc' dir='ltr'><strong>,ἳθ</strong></span> 
     </span>
    </p>
   </div>
   <div class='ocr_carea' id='block_1_11' title="bbox 2205 3337 2332 3860">
    <p class='ocr_par' dir='ltr' id='par_1_20' title="bbox 2205 3337 2332 3860">
     <span class='ocr_line' id='line_1_91' title="bbox 2205 3337 2332 3860; baseline 0 0"><span class='ocrx_word' id='word_1_468' title='bbox 2205 3337 2332 3860; x_wconf 95' lang='lat' dir='ltr'><strong> </strong></span> 
     </span>
    </p>
   </div>
  </div>
 </body>
</html>
