2332 3860
128 0 141 9 v
220 4 221 7 ¹
251 5 255 14 t

74 39 87 49 ..
115 21 134 51 ,ξι
187 22 195 30 ”
273 26 279 32 ’

0 119 2 122 .
58 114 71 138 ’41
228 105 255 115 x

47 138 60 159 *-

6 184 24 205 ⁴⁴!

0 219 22 235 a.

83 321 282 410 quidem
321 333 554 389 peccare,
595 324 749 387 atque
789 320 891 372 iam
941 320 1063 372 dum

84 399 242 451 vitam
280 401 573 448 terrestrem
610 393 813 455 agebat,
876 395 1064 461 impec-

669 239 788 276 Pstis
821 236 893 277 nt.
935 239 1098 278 sEc‘rto
1138 239 1174 278 1.
1218 238 1370 276 CAPUT
1404 239 1478 277 lv.

7 527 11 538 ι
83 467 296 525 oabilem
336 467 507 520 fuisse.
532 466 705 520 ——Ss,
724 465 901 519 Patres
922 467 1065 520 Chri-

83 549 220 596 stum
248 557 278 594 a
307 547 554 609 potestate
577 541 817 608 peccandi
841 541 1063 593 alienum

35 647 43 652 -
85 615 404 685 profitentur.
464 613 608 666 Hanc
677 615 1063 683 impeccantiam

5 745 7 748 ,
85 687 267 742 Christi
294 688 575 741 secundum
605 688 975 740 humanitatem
1002 705 1063 740 ex

8 771 12 778 '
90 763 193 829 ipsa
235 763 419 814 unione
458 762 778 830 hypostatica
808 769 1063 830 repetunt:

89 835 418 889 Tertullianus
440 834 515 907 (1)
544 838 614 887 ait
639 853 651 887 :
688 856 712 885 «
743 835 890 888 Solus
918 836 1068 888 homo

87 910 197 962 sine
237 916 445 979 peccato
509 910 765 972 Christus,
833 910 950 978 quia
1019 917 1070 961 et

46 1039 48 1043 ,
88 983 224 1036 Deus
287 982 536 1035 Christus.
597 1004 623 1033 »
692 983 743 1037 S.
807 983 1070 1050 Dionysias

87 1055 333 1128 Alemffl)
386 1058 589 1110 scribit:
649 1077 675 1106 «
730 1057 831 1110 Nisi
896 1058 1071 1109 luisset

90 1129 322 1183 Christus
360 1131 493 1183 idem
533 1132 616 1199 qui
656 1131 920 1184 eratDcus
947 1130 1071 1185 Ver·

28 1273 32 1276 ᾖ
91 1204 235 1265 bum,
279 1221 378 1258 non
420 1212 613 1273 poterat
651 1205 848 1258 alienus
886 1220 997 1257 esse
1044 1223 1070 1257 a

94 1285 344 1348 potestate
382 1278 663 1347 peccandi3
726 1296 873 1331 nemo
937 1281 1072 1332 enim

93 1359 190 1413 est,
231 1353 314 1422 qui
355 1368 566 1421 peccare
606 1369 705 1405 non
750 1354 924 1421 possit,
977 1355 1069 1405 nisi

99 1441 233 1477 unus
293 1425 550 1485 Christus,
618 1429 749 1480 sicut
812 1435 863 1479 et
929 1427 1075 1483 Pater

96 1498 280 1552 Christi
325 1507 376 1552 et
430 1500 647 1567 Spiritus
683 1501 922 1554 Sanctus,
958 1522 983 1550 »
1015 1500 1070 1555 S.

95 1573 394 1626 Athanasius
435 1573 509 1645 (ὅ)
542 1595 568 1623 «
601 1574 912 1643 Impossibile
940 1577 1073 1627 enim

99 1653 210 1700 erat
247 1648 346 1700 alio
373 1648 519 1700 modo
541 1650 886 1715 integritatem
910 1657 959 1702 et
986 1653 1077 1701 im·

98 1723 411 1791 peccantiam
467 1724 517 1774 in
582 1722 857 1776 humanam
923 1724 1075 1791 recipi

97 1803 355 1858 naturam,
398 1797 493 1849 nisi
532 1797 670 1849 Deus
711 1799 759 1849 in
789 1814 942 1850 carne
975 1815 1081 1850 cre·

99 1870 307 1922 deretur
345 1886 475 1930 esse,
518 1873 601 1940 qui
645 1873 838 1939 peccati
903 1889 1081 1940 exper-

100 1951 200 1997 tem
241 1945 486 1996 iustitiam
525 1947 575 1997 in
618 1946 806 1998 mundo
860 1946 1076 2007 invexit,

97 2020 243 2071 cuius
284 2020 552 2087 participes
590 2020 706 2072 facti
758 2020 975 2073 salutem
1033 2037 1083 2072 a·

98 2093 409 2161 dipiscimur.
471 2114 496 2142 »
565 2094 622 2147 S.
668 2093 1077 2165 Ambrosius(t):

103 2186 130 2215 «
160 2166 342 2218 Anima
383 2167 568 2220 Christi
609 2176 685 2221 est
726 2170 940 2236 incapax
977 2185 1085 2236 pec·

103 2241 222 2304 cati,
264 2242 381 2309 quia
428 2258 516 2310 per
555 2244 796 2295 unionem
837 2245 965 2295 facta
1008 2249 1084 2295 est

106 2315 462 2382 impeccabilis,
493 2335 519 2364 »
569 2317 627 2369 S.
659 2316 958 2384 Auyustinus
987 2317 1081 2386 (5):

107 2408 135 2438 «
166 2404 255 2457 per
301 2389 514 2441 eandem
560 2393 778 2457 gratiam
825 2391 1085 2443 iustificari

107 2462 336 2515 homines
372 2480 400 2515 a
432 2465 668 2532 peccam,
711 2481 798 2531 per
836 2480 988 2533 quam
1018 2466 1088 2516 sa-

107 2543 245 2588 ctum
285 2544 388 2598 est,
433 2544 488 2590 ut
529 2538 677 2590 homo
716 2537 947 2591 Christus
976 2539 1088 2590 nul·

110 2610 212 2662 lum
248 2611 433 2664 babere
463 2619 628 2679 posset
652 2619 936 2680 peccatum.
965 2633 992 2662 )›
1016 2643 1090 2651 -—

110 2681 382 2737 Concilium
419 2686 635 2754 qenerale
681 2686 749 2739 VI
784 2685 858 2758 (6)
916 2688 1089 2739 defini-

109 2759 185 2810 vit
223 2759 350 2810 duas
389 2776 499 2812 esse
540 2761 799 2813 naturales
838 2763 888 2812 in
949 2762 1092 2814 Chri-

110 2838 188 2883 sto
227 2832 535 2893 voluntateS,
566 2850 661 2886 non
688 2836 978 2896 contrariaS,
1009 2837 1091 2888 ab·

111 2905 192 2966 sit,
235 2905 376 2958 tumea
413 2908 539 2974 quod
587 2908 728 2976 impii
784 2918 1093 2961 asseruerunt

115 2977 365 3041 haeretici,
406 2982 489 3032 sed
526 2990 792 3049 sequentem
842 2983 945 3034 eius
1010 2984 1096 3035 ha-

111 3067 312 3105 manam
350 3054 642 3106 voluntatem
677 3064 720 3108 et
759 3072 853 3108 non
875 3060 1097 3109 resisten-

116 3133 208 3179 tem
245 3127 316 3180 vel
352 3129 687 3190 reluctantem,
723 3132 804 3183 sed
842 3132 1005 3199 potius
1054 3138 1097 3183 et

116 3199 375 3253 subiectam
405 3202 600 3254 divinae
638 3207 745 3256 eius
782 3212 826 3256 et
888 3207 1099 3289 omnipo·

1124 326 1236 373 cato
1273 318 1462 372 actuali
1501 319 1626 372 satis
1687 317 1824 372 clare
1889 334 2108 387 pronun·

1125 396 1245 446 tiata
1283 399 1381 446 est.
1424 391 1673 461 Imo'iam
1711 391 1988 444 Concilium
2038 393 2107 446 Ε-

1123 467 1377 535 phesinum
1434 464 1511 537 (7)
1576 466 1638 517 de
1701 465 1899 518 Christo
1939 466 2108 519 dixit:

1127 540 1241 594 Non
1286 541 1414 609 equit
1477 539 1729 600 oblatione,
1778 540 1896 607 quia
1950 555 2113 607 pecca-

1127 622 1229 666 tum
1255 614 1451 666 omnino
1472 614 1690 666 nescivit.
1720 641 1793 651 -
1821 611 1964 665 Ratio
1991 613 2113 667 the&

1129 689 1279 756 loyica
1328 688 1584 756 primaria,
1630 703 1718 755 per
1757 702 1908 755 quam
1931 687 2116 755 impecf

1129 761 1360 814 cabilitas
1397 760 1583 814 Christi
1627 761 1887 829 probatur,
1937 777 2002 812 ex
2059 777 2116 832 ¹¹¹7

1132 837 1280 888 nione
1320 835 1638 905 hypostatica
1681 842 1894 887 naturae
1934 834 2116 886 huma-

1133 926 1227 962 nae
1291 925 1408 962 cum
1480 908 1649 963 Verbo
1725 915 1805 962 est
1876 909 2113 978 petenda.

1133 983 1270 1036 Licet
1307 984 1444 1036 enim
1486 984 1617 1035 duae
1647 983 1749 1035 sint
1800 983 1849 1034 in
1917 981 2118 1035 Christo

1135 1065 1368 1118 naturae,
1401 1059 1549 1110 unica
1579 1064 1750 1110 tamen
1786 1063 1865 1108 est
1904 1072 2119 1124 persona

1133 1147 1291 1200 eaque
1332 1133 1523 1192 divina,
1567 1132 1648 1183 cui
1706 1133 1971 1199 utriusque
2037 1146 2122 1182 na·

1135 1214 1279 1258 turae
1363 1206 1684 1274 operationes
1754 1203 2122 1258 adscribendae

1134 1287 1272 1333 sunt.
1317 1280 1680 1343 Quamobrem,
1704 1280 1746 1331 si
1773 1280 1986 1347 supponi
2012 1294 2122 1346 pos-

1135 1361 1231 1414 set,
1275 1354 1646 1407 humanitatem
1674 1352 1858 1405 Christi
1890 1368 2123 1421 peccare,

1138 1436 1405 1495 peccatum
1445 1429 1576 1481 istud
1608 1427 1962 1496 imputandum
1993 1426 2125 1478 foret

1139 1504 1228 1570 ipsi
1271 1503 1522 1555 divinitati
1552 1519 1640 1555 seu
1666 1518 1907 1570 personae
1929 1499 2121 1555 Verbi:

1138 1584 1216 1628 ast
1255 1577 1489 1629 absolute
1545 1576 1857 1644 impossibile
1915 1582 2011 1634 est,
2073 1575 2125 1626 in

1140 1667 1405 1719 personam
1447 1653 1670 1703 divinam
1711 1650 1894 1703 cadere
1952 1664 2125 1718 pecca·

1141 1733 1281 1787 tum3
1325 1742 1446 1793 ergo
1486 1726 1640 1777 etiam
1698 1724 1981 1777 secundum
2041 1738 2126 1775 na-

1144 1807 1311 1851 turam
1351 1800 1631 1852 humanam
1657 1798 1887 1851 Christus
1914 1811 2143 1867 peccare·

1141 1890 1240 1924 non
1284 1876 1464 1941 potuit.

1215 1948 1267 1999 5.
1301 1947 1539 2015 Theologi
1560 1963 1737 1999 omnes
1754 1947 1970 1999 virtutes
1990 1943 2131 1996 Chri-

1143 2028 1219 2073 sto
1260 2022 1310 2073 in
1351 2038 1551 2074 summo
1590 2022 1750 2090 gradu
1809 2020 2128 2081 adscribunt,

1143 2103 1296 2163 atque
1335 2096 1538 2148 illarum
1581 2096 1941 2148 excellentiam
1982 2111 2011 2146 a
2043 2093 2134 2145 lin-

1144 2186 1243 2236 gua
1284 2178 1454 2222 creata
1496 2187 1760 2239 nunquam
1818 2169 1942 2221 satis
1986 2183 2134 2219 enar-

1147 2244 1246 2296 rari
1290 2261 1434 2313 posse
1478 2246 1722 2298 latentur.
1760 2243 1919 2295 Suam
1959 2248 2131 2294 tamen

1150 2321 1542 2387 propositionem
1583 2320 1652 2370 ita
1692 2318 1916 2386 proferre
1955 2332 2015 2368 ac
2068 2317 2136 2367 si-

1150 2397 1252 2444 mul
1297 2394 1514 2444 limitare
1555 2393 1752 2444 solent:
1796 2390 2028 2443 Christus
2080 2395 2136 2440 ut

1149 2467 1297 2518 homo
1338 2467 1516 2519 habuit
1554 2483 1584 2518 a
1627 2468 1786 2534 primo
1843 2463 2137 2531 conceptio-

1153 2541 1228 2592 nis
1269 2541 1477 2592 instanti
1507 2541 1872 2608 perfectissimo
1894 2546 1945 2591 et
1966 2536 2137 2590 excel-

1152 2615 1431 2666 lentissimo
1475 2615 1622 2667 niodo
1661 2630 1838 2667 omnes
1887 2611 2138 2678 theologi-

1151 2705 1237 2741 cas
1276 2696 1326 2741 et
1368 2690 1606 2751 moraleS,
1650 2689 1842 2747 infusas
1881 2695 1932 2739 et
1971 2685 2139 2754 acqui·

1153 2765 1274 2814 sitas
1316 2764 1554 2822 virtutes,
1598 2778 1815 2832 quarum
1868 2767 2013 2814 actus
2065 2774 2142 2811 re-

1155 2838 1486 2906 pugnantiam
1518 2854 1615 2890 non
1646 2837 1836 2888 habent
1856 2851 1974 2887 cum
2003 2840 2143 2886 statu

1157 2912 1356 2963 unionis
1414 2911 1764 2979 hypostaticae
1824 2916 1876 2962 et
1935 2908 2144 2960 visionis

1157 2985 1439 3038 beatificae.
1485 2985 1682 3037 Exinde
1724 2990 1882 3053 patet,
1924 2985 1976 3035 in
2004 2981 2146 3034 Chri-

1155 3066 1232 3110 sto
1271 3061 1424 3112 etiam
1469 3066 1523 3111 ut
1563 3060 1768 3111 homine
1824 3057 2146 3110 considerato

1157 3133 1311 3184 fidem
1354 3150 1452 3184 non
1494 3133 1734 3185 habuisse
1775 3131 1963 3184 locum.
2019 3129 2146 3183 Nam

1158 3208 1229 3258 ait
1265 3205 1318 3259 S.
1366 3207 1568 3259 Thomas
1597 3205 1701 3277 (8)
1739 3225 1766 3256 α
1820 3205 2054 3258 Christus
2117 3222 2147 3254 a

121 3274 239 3326 tenti
277 3276 527 3328 voluntati
573 3275 764 3340 Quibus
802 3279 972 3332 verbis
1010 3281 1100 3332 im·
1161 3283 1322 3348 ptimo
1362 3281 1567 3332 instanti
1622 3297 1745 3333 suae
1801 3277 2147 3346 conceptionis

120 3347 341 3403 munitas
379 3349 562 3403 Christi
601 3367 953 3422 aquocunque
990 3370 1101 3423 pec·
1163 3354 1309 3423 plene
1350 3355 1474 3407 vidit
1513 3354 1677 3407 Deum
1723 3371 1815 3426 per
1871 3353 2147 3408 essentiam

244 3552 283 3585 In
307 3551 359 3596 Ep
362 3554 417 3587 ist.
441 3555 485 3588 ad
508 3555 606 3590 Paul.
631 3555 766 3590 samos.

242 3506 320 3542 Lib.
344 3509 389 3544 de
410 3508 530 3544 anima
552 3519 630 3554 cap.
658 3510 710 3546 13.

166 3505 205 3639 ἓ
206 3504 222 3641 ξ
243 3594 319 3631 Lib.
335 3561 389 3633 de
410 3597 589 3636 mearunt.
615 3599 728 3637 Verbi
752 3598 815 3635 Dei
835 3600 950 3637 n.17.

1206 3512 1242 3558 (4
1280 3513 1358 3549 Lib.
1382 3514 1427 3549 de
1448 3514 1590 3550 Incarn.
1611 3525 1649 3551 c.
1674 3515 1707 3553 7.

1147 3584 1154 3590 .
1206 3558 1243 3603 (ὅ
1283 3559 1323 3592 In
1349 3558 1492 3594 Enchir.
1517 3568 1551 3595 c.
1575 3558 1630 3595 36.
1765 3558 1818 3646 {6⁸
1846 3560 1919 3592 Act.
1947 3555 2001 3592 18.

1208 3602 1243 3646 (Ἷ
1283 3603 1370 3639 Gau.
1399 3602 1454 3638 10.
1781 3602 1818 3646 8)
1843 3603 1875 3645 3,
1895 3612 1930 3647 q.
1957 3601 1991 3645 ¹2,
2012 3605 2081 3638 art.
2107 3598 2139 3637 2.
