2332 3860
334 66 443 169 1⁴2&

947 125 1012 163 m:
1047 125 1142 163 DEO
1179 124 1233 162 IN
1268 124 1324 162 SE
1350 122 1620 164 'SPEGTATQ

2138 0 2332 67 ,ἒ

2311 75 2332 87 ευ

2307 92 2325 115 ³}

254 213 375 282 gari
397 225 544 282 posse
564 224 623 263 ea
645 207 962 279 perficiendi,
987 222 1118 276 quae
1131 205 1258 275 phy·
1317 204 1575 268 trahitur3
1618 218 1739 256 nam
1777 202 1850 255 ait
1883 199 1938 255 S.
1975 199 2179 253 Thomas
2208 197 2332 271 (t)

267 288 370 340 sice
409 283 740 354 impossibilia
779 288 904 335 sunt
928 322 941 342 ,
995 296 1085 333 seu
1125 295 1257 348 quae
1321 298 1348 328 «
1391 273 1612 331 Peccare
1651 283 1731 329 est
1757 276 1976 329 deficere
2015 291 2047 327 a
2087 274 2332 343 perfecta}

270 376 360 430 per
413 359 552 411 vires
608 356 875 411 naturales
933 353 1106 423 perfici
1165 368 1257 406 ne·
1318 353 1549 418 actione;
1589 350 1727 403 unde
1767 366 1914 418 posse
1953 363 2192 418 peccare,
2234 354 2332 419 est}

306 439 486 486 ueunt.

269 451 299 504 q
342 507 475 559 Nota
514 506 567 558 2.
599 504 739 568 Quae
769 501 1123 571 metaphysice
1162 500 1258 551 im·

272 580 529 651 possibilia
568 585 720 640 sunt,
750 593 842 630 seu
869 591 999 645 quae
1028 573 1261 627 absolute

203 680 206 682 ’
273 660 565 724 repugnant
602 652 686 704 vel
725 668 792 704 ex
831 656 976 718 parte
1016 649 1134 707 sui,
1176 646 1259 699 vel

273 746 340 782 ex
378 734 522 797 parte
559 725 672 784 Dei,
716 724 1010 777 nullatenus
1032 722 1096 774 ad
1124 721 1260 774 obie-

275 810 416 855 ctum
463 800 668 852 divinae
726 797 1127 866 omnipotentiae
1185 811 1264 846 re-

276 877 397 929 ferri
437 879 689 942 possunt:
744 872 872 924 haec
922 878 1095 923 autem
1138 868 1261 920 nihil

277 950 390 1002 ideo
430 949 491 999 de
542 947 739 998 infinita
803 961 896 997 sua
956 943 1264 1012 perfectione

279 1022 530 1091 deperdit,
571 1020 704 1089 quod
747 1019 891 1071 facile
931 1018 1128 1069 ostendi
1160 1023 1265 1083 pot·

280 1104 375 1149 est.
433 1094 559 1148 Nam
620 1094 679 1145 10
736 1092 873 1145 Deus
924 1090 1124 1143 efficere
1166 1106 1265 1142 non

279 1176 446 1239 potest
484 1167 880 1220 contradictoria
922 1180 1006 1217 ex.
1051 1181 1128 1232 gr.
1173 1165 1267 1215 cir-

280 1243 454 1295 culum
497 1242 826 1310 quadratum,
868 1238 953 1290 vel
995 1245 1052 1289 ut
1091 1239 1123 1289 Ξ
1152 1244 1202 1288 et
1235 1238 1266 1288 &2

282 1318 386 1368 sint
427 1317 456 1367 5
497 1322 623 1374 etc.,
666 1314 794 1366 haec
849 1328 970 1364 vero
1009 1310 1268 1363 contradi-

283 1390 441 1443 ctoria
483 1388 606 1440 nihil
647 1395 805 1448 sunt,
850 1393 901 1438 et
951 1402 1014 1438 ne
1072 1384 1268 1451 concipi

283 1463 487 1533 quidem
527 1467 758 1530 possunt,
783 1461 902 1528 quia
928 1460 1073 1511 ideae
1113 1476 1166 1511 se
1195 1459 1272 1509 in-

283 1539 451 1590 vicem
492 1535 698 1588 tollunt:
731 1533 1123 1587 contradictoria
1150 1547 1271 1600 ergo

285 1608 484 1664 efficere
506 1609 638 1661 idem
661 1615 795 1661 esset
815 1623 875 1659 ac
898 1606 1023 1658 nihil
1045 1606 1267 1658 efficere:

287 1691 367 1737 ast
431 1684 655 1751 potentia
712 1696 842 1750 quae
895 1679 1021 1732 nihil
1081 1679 1268 1740 efficit,

288 1756 427 1810 nulla
469 1762 547 1808 est
586 1756 831 1823 potentia,
869 1770 959 1805 seu
989 1755 1154 1821 potius
1183 1754 1273 1804 im·

288 1829 535 1899 potentia:
582 1828 722 1880 nulla
756 1843 877 1894 ergo
916 1828 1142 1895 potentia
1169 1826 1274 1878 Deo

289 1904 610 1969 denegatur,
653 1917 772 1953 cum
822 1901 1048 1959 dicitur,
1108 1901 1276 1967 ipsum

291 1975 686 2029 contradictoria
715 1974 929 2028 efficere
971 1990 1070 2027 non
1112 1989 1276 2042 posse,

293 2064 472 2102 verum
503 2049 668 2104 omnis
693 2049 992 2116 impotentia
1019 2048 1082 2100 ab
1111 2063 1168 2099 eo
1197 2063 1276 2099 re-

292 2128 548 2176 movetur.
593 2120 648 2173 2⁰
688 2122 766 2174 Ex
793 2122 972 2174 eadem
1000 2122 1196 2173 ratione
1216 2121 1276 2172 ad

294 2197 520 2255 divinam
534 2196 954 2263 omnipotentiam
967 2211 1065 2246 non
1085 2202 1282 2262 spectat

297 2270 518 2331 efficere,
563 2276 619 2321 ut
646 2270 778 2322 facta
820 2270 1007 2322 infecta
1052 2269 1197 2320 fiant:
1241 2269 1281 2319 si

298 2343 545 2397 enimlioc
577 2343 888 2401 efficeretur,
923 2358 1103 2394 verum
1127 2348 1281 2400 esset,

299 2417 433 2487 quod
481 2417 672 2469 factum
708 2417 1001 2484 contigerit,
1038 2424 1089 2467 et
1134 2415 1286 2467 simul

298 2505 480 2543 verum
495 2490 786 2559 esset,quod
808 2506 908 2542 non
922 2490 1212 2558 contigerit3
1238 2496 1288 2541 et

300 2565 372 2617 sic
392 2565 713 2632 apertissima
735 2563 1091 2623 contradicti0‚
1117 2564 1166 2614 in
1190 2579 1289 2631 qua

302 2638 576 2690 affirmatio
615 2643 667 2689 et
718 2638 923 2705 negatio
963 2653 1018 2688 se
1068 2637 1289 2689 invicem

304 2711 521 2771 tollunt,
565 2725 626 2762 ac
662 2710 874 2774 proinde
913 2710 1131 2766 nihilum
1181 2726 1293 2777 pro·

306 2784 467 2835 diret:
510 2783 639 2835 haec
678 2799 828 2852 porro
868 2783 1202 2836 contradictio
1241 2784 1292 2834 in

306 2857 472 2909 Deum
511 2857 678 2925 ipsum
716 2857 1054 2918 relaberetur,
1097 2857 1183 2925 qui
1211 2872 1297 2909 ve-

309 2945 426 2982 rum
465 2938 696 2998 negaret,
727 2937 779 2982 et
805 2931 878 2982 sic
903 2946 932 2983 a
965 2931 1184 2982 veritate
1212 2930 1297 2982 de-

309 3003 506 3056 ficeret.
551 3002 609 3055 5⁰
647 3003 785 3056 Deus
812 3005 965 3056 etiam
995 3020 1096 3056 non
1135 3011 1300 3072 potest

312 3075 448 3129 velle
487 3083 538 3128 et
578 3077 823 3145 perficere
849 3077 1044 3130 malum
1084 3077 1296 3139 morale,

314 3165 417 3203 non
475 3157 642 3218 potest
680 3167 894 3219 peccare
921 3193 934 3214 ,
997 3167 1095 3204 non
1137 3158 1302 3220 potest

313 3224 518 3277 mentiri
547 3230 646 3276 etc.
671 3224 784 3277 Non
805 3231 980 3279 autem
1000 3225 1112 3278 ideo
1140 3226 1303 3278 omni-

314 3297 572 3367 potentiae
611 3297 816 3351 divinae
869 3299 1150 3370 quidquam
1188 3299 1304 3353 sub·
1366 3302 1509 3363 bere,
1558 3302 1692 3370 quod
1732 3309 1989 3369 metuant3
2021 3292 2298 3374 namff(5)=]‘

361 3427 414 3519 gg
434 3430 525 3510 Ifieqs
539 3428 597 3471 25,
612 3433 679 3463 art.
703 3428 736 3471 3,
754 3430 807 3463 ad.
820 3429 842 3463 2

527 3474 629 3518 ymb.
642 3475 687 3510 ad
703 3474 847 3510 Catech.
865 3482 896 3510 c.
914 3473 945 3509 1.

1321 441 1467 495 posse
1507 423 1728 477 deficere
1781 424 1832 475 in
1884 422 2121 490 agend0‚
2179 420 2332 491 quod2

1321 505 1575 567 repugnat
1595 498 2015 565 omnipotentiae:
2035 502 2087 548 et
2107 501 2332 564 propter÷

1320 574 1417 626 hoc
1454 572 1592 624 Deus
1620 585 1834 640 peccare
1870 586 1971 621 non
2011 575 2197 638 potest,
2228 567 2332 638 qui}

1322 655 1398 700 est
1438 646 1776 714 omnipotens.
1823 644 1881 694 [⁸⁰
1918 642 2149 711 Denique
2175 642 2332 696 Deus.

1323 737 1423 774 non
1466 726 1633 789 potest
1672 718 1807 771 velle
1856 723 1907 769 et
1946 716 2192 784 perficere
2231 731 2321 780 ea,-

1323 810 1454 864 quae
1496 800 1712 845 naturae
1751 798 1803 844 et
1842 789 2243 859 perfectionibus
2281 791 2330 842 i-‚

1325 870 1465 938 psius
1505 872 1816 935 repugnant:
1849 881 1934 917 CX.
1965 881 2044 932 gr.
2079 880 2179 916 non
2204 870 2325 933 potf

1325 950 1407 995 est
1447 942 1661 1001 moveri,
1708 939 1916 1000 mutari,
1960 938 2218 998 dormire,
2261 953 2332 990 se-

1327 1017 1592 1068 destruere
1632 1021 1732 1067 etc.
1789 1013 1882 1066 Ast
1921 1012 2076 1064 etiam
2130 1011 2319 1068 exinde

1327 1089 1696 1157 omnipotentia
1718 1087 1889 1140 divina
1915 1085 2213 1138 nullatenus
2239 1100 2320 1137 re-

1328 1165 1506 1216 stricta
1546 1162 1801 1215 censenda
1861 1167 1956 1212 est.
2001 1159 2141 1212 Deus
2180 1160 2320 1214 enim

1330 1244 1406 1290 est
1445 1237 1549 1289 Ens
1587 1237 1785 1288 infinite
1827 1235 2144 1302 perfectum:
2198 1248 2322 1300 ergo

1330 1311 1574 1380 quidquid
1636 1316 1851 1362 naturae
1911 1308 2114 1359 divinae
2166 1322 2330 1375 repu-

1331 1392 1487 1453 gnat,
1531 1383 1761 1436 infinitae
1801 1382 2128 1451 perfectionis
2187 1381 2332 1433 defe-;

1332 1466 1473 1511 ctum
1513 1459 1760 1510 insinuat:
1804 1456 1867 1508 ad
1903 1455 2160 1508 defectum
2200 1469 2332 1508 vero*

1333 1532 1658 1585 efficiendum
1702 1530 1843 1582 nulla
1872 1531 2097 1598 potentia
2125 1528 2323 1597 concipi

1334 1605 1700 1672 potest.‘Deus
1739 1619 1860 1671 ergo
1910 1602 2023 1655 ideo
2063 1617 2152 1665 ea,
2193 1617 2325 1672 quae

1337 1687 1552 1732 naturae
1592 1679 1750 1747 ipsius
1787 1683 2110 1746 repugnant
2155 1677 2326 1730 facere

1337 1770 1436 1807 non
1478 1759 1663 1821 potest,
1691 1752 1826 1820 .quia
1866 1752 2024 1819 ipsius
2062 1751 2323 1812 voluntem,

1337 1843 1468 1897 quae
1508 1842 1656 1878 suam
1697 1832 1938 1878 naturam
1967 1840 2188 1894 suasque
2215 1840 2330 1894 per-

1339 1902 1581 1955 fectiones
1621 1899 1818 1951 infinite
1870 1905 2046 1961 amat,
2102 1899 2332 1967 omnipo-

1340 1983 1453 2028 tens
1494 1981 1597 2036 est,
1642 1980 1692 2025 et
1718 1973 1936 2026 deficere
1979 1974 2173 2042 nequit.
2200 1973 2332 2026 Hinc

1339 2049 1391 2102 S.
1436 2046 1737 2116 Auqustinus
1784 2044 1860 2118 (2)
1919 2046 2078 2099 dicit:
2126 2067 2152 2096 «
2194 2047 2332 2100 Deus

1341 2124 1663 2190 omnipotens
1703 2127 1801 2183 est,
1846 2127 2042 2173 etcum
2083 2122 2149 2174 sit
2173 2121 2332 2181 omnie

1343 2205 1524 2266 potens
1565 2196 1693 2248 mori
1735 2211 1834 2247 non
1876 2201 2064 2264 potest,
2096 2194 2205 2248 falli
2232 2210 2332 2251 non

1346 2278 1530 2340 potest,
1557 2270 1760 2322 mentiri
1781 2285 1882 2322 non
1914 2276 2100 2338 potest3
2124 2276 2175 2321 et
2200 2269 2332 2338 quod

1345 2346 1416 2398 ait
1456 2343 1729 2412 Apostolus
1770 2341 1868 2413 (5),
1911 2358 2087 2410 neqare
2126 2344 2332 2412 seipsum

1346 2435 1446 2470 non
1478 2425 1647 2486 potest.
1692 2417 1861 2480 Quam
1903 2417 2064 2469 multa
2098 2433 2199 2470 non
2229 2423 2332 2486 pot·

1350 2499 1466 2551 est,
1511 2498 1562 2542 et
1601 2492 1924 2558 omnipotens
1963 2491 2077 2542 est!
2136 2497 2188 2543 et
2226 2491 2332 2544 ideo

1351 2565 1671 2633 omnipotens
1698 2571 1794 2626 est,
1821 2566 1939 2632 quia
1980 2564 2077 2616 ista
2105 2580 2205 2617 non
2237 2571 2332 2634 pota

1353 2646 1449 2691 est.
1498 2658 1524 2686 n
1568 2637 1725 2689 Recte
1776 2643 1950 2690 autem
2000 2638 2242 2690 observat
2278 2637 2332 2694 84

1358 2712 1560 2764 Thomas
1583 2711 1618 2765 l.
1645 2726 1690 2763 c.
1720 2708 1817 2781 (lt),
1850 2710 1984 2779 quod
2010 2727 2130 2764 cum
2158 2712 2220 2764 de
2241 2711 2332 2776 his,

1355 2802 1485 2855 quae
1499 2784 1851 2854 metaphysice
1866 2786 2197 2853 impossibilia
2207 2791 2332 2846 sunt

1357 2876 1446 2913 seu
1474 2859 1706 2912 absolute
1734 2867 2047 2928 repugnant,
2078 2875 2247 2913 sermo
2274 2859 2332 2928 in}

1358 2934 1614 2996 stituitur,
1662 2953 1688 2982 «
1719 2933 2115 2987 convenientius
2142 2934 2332 2998 dicitur}

1360 3008 1492 3077 quod
1534 3023 1594 3060 ea
1634 3022 1736 3059 non
1775 3015 1992 3077 possunt
2025 3007 2158 3069 fieri,
2200 3017 2332 3076 quau

1361 3081 1494 3151 quod
1535 3081 1673 3133 Deus
1701 3097 1761 3134 ea
1798 3097 1901 3134 non
1930 3081 2106 3151 possit.
2127 3073 2332 3210 facere}

1435 3154 1566 3206 Nola
1607 3154 1659 3206 5.
1691 3154 1770 3207 Ex
1796 3155 1951 3208 huius
1979 3155 2214 3209 attributi
2235 3169 2295 3208 co

1363 3227 1675 3280 sideratione
1702 3228 1967 3292 discimus,
1996 3229 2105 3299 pios
2143 3244 2246 3282 non

1412 3429 1465 3519 ξω
1489 3432 1522 3465 11
1545 3431 1640 3466 Tim.
1667 3431 1699 3472 2,
1724 3431 1777 3468 13.

1428 3473 1462 3518 4)
1488 3476 1519 3519 1,
1543 3484 1576 3519 q.
1589 3474 1646 3520 εδ,
1662 3485 1692 3511 a.
1706 3476 1739 3520 3,
1764 3476 1804 3512 in
1826 3477 1870 3514 0.
2055 3476 2109 3522 (5)
2131 3452 2300 3535 Rom-33²
