2332 3860
74 21 82 27 ,
99 0 117 23 ’ζ
131 10 139 21 ¹
208 0 211 6 ¹
244 12 254 16 *

7 110 9 114 ⁴
531 99 551 121 Χ

15 138 65 187 τ’».
101 133 113 147 “

38 195 77 226 ῖς

726 190 846 238 ΒΑΒΒ
881 192 917 231 1.
958 193 1124 231 SECTIO
1164 193 1198 231 h
1242 192 1396 234 CAPUT
1431 192 1488 232 11

1946 178 2052 232 ⁴09

10 260 21 283 ‘⁴
70 247 148 336 ''et-
181 275 310 350 vult.
341 272 788 343 Modumquidem,
814 290 914 344 quo
923 274 1075 327 ·Deus
1136 274 1329 328 tissime
1368 273 1638 334 eveniunt,
1691 273 1841 326 etita
1880 276 2134 328 eveniunt

94 340 221 409 haec
247 355 516 419 operatur,
573 347 797 416 perfecte
834 363 1074 432 ‘compre-

92 419 315 485 bendere
342 439 442 481 non
477 422 729 484 valemuS‚
761 423 880 491 quia
903 424 1075 490 agitur

93 499 156 566 de
192 498 389 551 actione
428 496 622 560 divina3
666 495 755 548 sed
783 496 896 548 ideo
934 503 1075 548 certa

92 572 335 642 principia
375 586 563 638 negare
603 570 750 622 nobis
784 575 890 622 non
931 570 1068 622 licet.

123 643 126 645 ’
162 644 269 698 oei..
311 643 362 696 si
403 643 547 696 Deus
581 643 742 696 libere
783 651 835 696 et
876 643 1073 695 eontin-

31 728 37 739 '
90 726 268 788 genter
305 717 476 770 futura
516 717 848 770 infallibiliter
876 718 1075 785 praevi-

91 793 194 854 det,
237 792 365 844 haec
404 807 504 843 non
554 797 766 859 possunt
814 805 914 842 non
955 806 1075 842 eve-

91 867 219 921 nire:
262 866 349 918 sed
390 881 522 933 quae
568 881 667 917 non
722 870 934 932 possunt
973 880 1072 915 non

92 940 319 1001 evenire,
341 941 629 991 necessario
656 939 924 990 eveniunt:
951 953 1074 1005 ergo

92 1016 251 1084 posita
304 1014 643 1082 praescientia
693 1013 863 1064 divina
905 1012 1074 1063 omnia

34 1115 39 1122 ·
92 1090 378 1155 necessario
405 1089 673 1147 eveniunt,
704 1093 754 1138 et
796 1102 895 1138 non
924 1086 1076 1138 datur

91 1161 320 1224 libertaS,
363 1176 459 1213 nee
499 1162 867 1227 contingentia.

162 1235 307 1303 Resp.
377 1234 454 1288 Ad
518 1235 654 1287 hanc
716 1233 1073 1286 difficultatem

22 1306 23 1309 ’
92 1309 369 1362 tollendam
412 1308 701 1360 Themistae
751 1309 1078 1375 distinguunt

94 1399 283 1435 sensnm
323 1384 655 1450 coniposilum‚
700 1383 785 1450 qui
826 1383 991 1442 adest,
1036 1382 1075 1433 si

95 1457 513 1509 circumstantiae
554 1457 791 1517 subiecti,
815 1456 998 1508 obiecti
1028 1462 1078 1506 et

98 1532 341 1598 temporis
363 1531 769 1598 coniunguntur,
800 1537 851 1582 et
884 1546 1079 1581 sensum

98 1604 325 1664 divisum,
350 1605 431 1672 qui
447 1605 609 1663 adest,
626 1605 665 1655 si
681 1604 846 1655 dictae
862 1604 1081 1654 eircum-

44 1690 46 1695 ’
96 1678 314 1730 stantiae
341 1677 881 1744 seiunguntur.Saepe
905 1693 1002 1728 una
1033 1682 1083 1727 et

97 1752 271 1802 eadem
316 1753 587 1818 propositio
616 1766 736 1802 vera
776 1759 854 1802 est
901 1752 948 1802 in
981 1765 1082 1801 uno

96 1824 220 1876 salsa
251 1825 299 1875 in
324 1825 486 1876 altero
513 1840 689 1887 sensu3
724 1840 808 1876 ex.
843 1839 923 1891 gr,
956 1824 1082 1874 haec

33 1911 38 1915 '
99 1899 390 1966 propositio:
453 1898 648 1965 loquens
690 1905 842 1966 potest
907 1905 1078 1948 tacere:

100 1988 219 2024 vera
250 1979 326 2024 est
366 1972 416 2022 in
458 1987 611 2023 sensu
642 1971 824 2032 divise,
858 1971 953 2023 hoe
981 1978 1078 2030 est,

97 2045 180 2114 qui
221 2046 471 2113 loquitur,
516 2045 746 2097 absolute
782 2052 833 2097 et
894 2044 1084 2110 simpli-

98 2121 223 2172 citer
263 2126 431 2187 posset
487 2127 676 2178 tacere,
745 2121 862 2188 quia
928 2120 1085 2171 libere

99 2192 319 2261 loquitur
356 2210 370 2245 z
442 2194 567 2245 salsa
631 2200 709 2245 est
788 2199 963 2245 autem
1033 2193 1083 2243 in

101 2282 252 2318 sensu
318 2268 617 2335 composito,
659 2267 777 2334 quia
835 2282 954 2319 cum
1014 2265 1087 2318 lo-

99 2341 299 2393 cutione
337 2340 595 2392 silentium
648 2340 799 2392 simul
847 2341 1086 2407 coniungi

101 2414 292 2482 nequit.
338 2413 409 2466 lta
439 2414 592 2466 etiam
623 2415 923 2482 propositio:
967 2429 1088 2480 qnae

104 2487 228 2557 Deus
259 2488 545 2556 praevidet,
603 2504 700 2540 non
743 2496 953 2557 possam
992 2504 1090 2538 non

99 2555 307 2625 evenire3
357 2577 478 2614 vera
507 2568 585 2614 est
616 2562 666 2612 in
695 2578 847 2613 sensu
887 2577 1089 2629 compo-

101 2633 241 2695 site,
295 2635 345 2686 in
406 2652 507 2703 quo
545 2642 692 2687 actus
743 2636 1000 2687 humanus
1040 2642 1090 2686 et

101 2707 252 2760 huius
312 2708 521 2762 libertas
583 2725 700 2761 cum
755 2709 1090 2778 praescientia

102 2781 193 2832 Dei
232 2783 580 2849 coniungitur:
647 2790 699 2835 et
738 2783 865 2836 falsa
913 2790 991 2835 est
1038 2783 1088 2834 in

102 2871 256 2907 sensu
285 2854 468 2914 divis0,
491 2857 609 2923 quia
634 2856 675 2907 si
697 2873 725 2908 a
753 2857 923 2909 divina
947 2872 1092 2924 prae-

102 2929 314 2981 scientia
341 2929 691 2990 abstrabatur‚
740 2937 887 2982 actus
924 2932 994 2982 ita
1036 2930 1094 2982 li-

46 3012 51 3016 ’
105 3001 193 3054 ber
232 3009 283 3055 et
309 3004 613 3070 contingens
651 3010 749 3064 est,
776 3010 834 3055 ut
863 3005 976 3071 poni
1011 3003 1092 3055 vel

42 3078 62 3114 3
105 3090 204 3127 non
248 3077 380 3143 vponi
443 3078 618 3145 possit.
670 3075 940 3130 Caeterum
1007 3093 1094 3144 pro

96 3147 468 3222 *infallibilitate
493 3150 862 3218 praescientiae
889 3151 1094 3202 divinae

108 3237 207 3274 non
250 3225 551 3292 requiritur,
593 3231 651 3277 ut
713 3226 884 3279 omnia
923 3226 1095 3278 futura

47 3350 57 3360 *⁷
108 3299 414 3359 necessario,
457 3314 547 3350 seu
587 3314 655 3350 ex
692 3299 998 3352 necessitate
1044 3314 1095 3350 e·

24 3391 27 3401 ·
110 3369 338 3452 veniant,
367 3371 456 3425 sed
485 3371 694 3434 sufficit,
729 3379 784 3426 ut
810 3373 1095 3426 certissime

29 3481 37 3487 .
110 3450 369 3502 eveniant:
409 3460 510 3513 quo
552 3446 734 3511 posito,
783 3448 918 3500 omni
985 3447 1096 3497 iure

8 3527 57 3565 ..iffi
108 3515 324 3568 dicitur:
352 3533 483 3587 quae
523 3519 659 3572 Deus
685 3521 951 3588 praevidet
985 3534 1096 3572 cer-

1139 347 1439 416 proutDeus
1466 346 1857 415 illapraevidet3
1887 347 1976 399 sed
1990 347 2130 400 Deus

1135 423 1362 475 actiones
1390 421 1644 474 humanas
1667 427 1724 473 ut
1755 420 1915 472 libere
1937 426 1990 473 et
2015 436 2133 472 con-
2166 431 2171 436 ·

1139 498 1401 563 tingenter
1434 495 1633 547 futuras
1668 494 1967 562 praevidet3
2011 509 2134 561 ergo

1140 569 1295 622 libere
1352 576 1403 622 et
1454 570 1812 635 contingenter
1864 567 2131 628 evenient,

1136 645 1253 710 quia
1282 643 1391 695 eius
1432 643 1773 710 praescientia
1812 642 1948 694 sicut
1988 641 2137 693 infal-

1138 717 1290 770 libilis
1311 718 1379 769 ita
1402 717 1559 769 etiam
1580 731 1755 768 rerum
1776 715 2011 768 effectrix
2033 722 2130 768 est.

1538 839 1576 898 ς
1621 843 1725 886 aa.

1137 931 1185 963 De
1208 929 1330 964 divina
1360 929 1600 972 praescientia
1623 929 1871 964 conditionate
1906 929 2128 965 futurorum.

1209 1011 1569 1064 Conditionate
1610 1013 1841 1064 tuturum
1892 1011 2019 1063 iliud
2060 1013 2135 1064 di-

1137 1085 1290 1148 citur,
1335 1086 1467 1153 quod
1508 1087 1674 1153 reipsa
1715 1101 1980 1155 nunquam
2012 1101 2136 1137 eve-

1141 1161 1264 1221 niet,
1298 1161 1385 1212 sed
1408 1166 1525 1212 actu
1551 1161 1803 1221 eveniret,
1836 1161 1875 1212 si
1913 1159 2138 1212 conditio

1138 1235 1388 1301 quaedam
1465 1240 1756 1300 poneretur.
1833 1233 2137 1286 Huiusmodi

1139 1308 1305 1360 sutura
1350 1306 1511 1359 veluti
1541 1308 1765 1360 medium
1790 1307 1958 1359 locum
1988 1322 2140 1359 occu-

1141 1388 1262 1448 pant
1302 1383 1437 1433 inter
1468 1398 1606 1434 mere
1650 1381 1908 1449 possibilia
1950 1388 2000 1433 et
2029 1397 2140 1433 rea-

1143 1457 1256 1508 liter
1308 1457 1500 1508 futura.
1553 1455 1799 1508 Homines
1839 1456 2140 1522 saepissime

1141 1535 1455 1598 cognoscunt
1520 1530 1727 1597 quidem
1791 1529 1983 1597 aliquid
2027 1545 2141 1596 pos-

1142 1604 1288 1655 sibile
1316 1619 1449 1664 esse,
1481 1605 1567 1655 sed
1601 1604 1859 1664 nesciunt,
1885 1617 1951 1654 an
1975 1604 2141 1669 posita

1143 1677 1275 1744 quad
1282 1693 1365 1728 am
1405 1677 1697 1728 conditione
1719 1683 2031 1728 eventurum
2057 1677 2139 1742 sit;

1143 1752 1214 1801 sic
1254 1766 1339 1802 ex
1385 1766 1464 1815 gr
1513 1751 1780 1802 mendicus
1845 1751 2031 1811 nescit,
2075 1766 2140 1801 an

1147 1840 1235 1890 pei
1278 1839 1455 1890 prece-s
1482 1839 1511 1874 a
1554 1823 1714 1875 divite
1754 1819 2142 1892 elecmosynam

1145 1898 1453 1949 obtenturus
1494 1898 1577 1948 sit.
1646 1897 1811 1948 Deum
1873 1904 2050 1949 autem
2091 1913 2144 1948 e·

1147 1973 1268 2022 tiam
1306 1971 1432 2023 baec
1475 1971 1822 2023 conditionate
1849 1970 2020 2023 futura
2061 1985 2143 2022 co-

1146 2060 1415 2112 gnoscere,
1445 2045 1717 2107 probatur.-

1222 2120 1272 2170 1.
1309 2119 1389 2170 Em
1422 2119 1479 2172 S.
1511 2117 1789 2187 Scriptura.
1821 2116 1862 2171 Ι.
1899 2117 2027 2184 Reg.
2067 2117 2139 2189 (l)

1147 2193 1284 2244 Deus
1327 2192 1581 2260 praedixit
1631 2192 1836 2252 Davidi‚
1881 2192 2035 2261 quod,
2099 2193 2141 2244 si

1150 2273 1442 2318 remaneret
1482 2267 1532 2317 in
1564 2267 1688 2318 urbe
1728 2265 1890 2325 Ceila‚
1914 2265 2034 2318 Saul
2077 2266 2141 2317 ad

1149 2357 1260 2392 cam
1304 2341 1647 2392 descensurus
1687 2347 1739 2392 et
1786 2340 1983 2392 incolae
2025 2354 2145 2391 eum

1153 2415 1386 2466 tradituri
1443 2415 1563 2466 sint.
1633 2413 1753 2480 Sap.
1817 2414 1869 2474 li,
1931 2414 2021 2475 tl,
2081 2413 2145 2464 dc

1151 2489 1281 2540 iusto
1311 2489 1587 2539 immatura
1628 2493 1791 2540 morte
1828 2486 2032 2538 sublato
2071 2486 2143 2537 di-

1151 2563 1304 2613 citur:
1352 2561 1544 2629 Raptus
1561 2568 1647 2621 est,
1679 2576 1738 2612 ne
1764 2559 1956 2612 inmitia
1984 2568 2144 2611 muta-

1150 2644 1223 2686 ret
1289 2635 1581 2687 intellectum
1638 2636 1769 2692 eius,
1811 2642 1897 2685 aut
1936 2650 1994 2686 ne
2014 2635 2143 2703 fic-tio

1151 2710 1382 2777 deciperet
1420 2709 1645 2760 animam
1672 2708 1835 2759 iilius:
1881 2708 1965 2759 ubi
2006 2713 2144 2760 certe

1154 2785 1268 2834 iusti
1298 2783 1469 2834 sutura
1498 2782 1764 2834 subversio
1794 2782 2145 2849 praenoscitur

1152 2857 1246 2909 sub
1286 2857 1578 2909 conditione
1619 2872 1719 2907 non
1775 2854 2057 2923 implenda,
2101 2857 2142 2907 si

1154 2932 1395 2983 nimirum
1437 2931 1629 2981 diutius
1656 2930 1706 2980 in
1737 2929 1866 2982 vivis
1887 2930 2137 2982 stetisset.

1154 3004 1335 3057 Matth.
1384 3004 1471 3067 M,
1517 3006 1570 3063 2,
1614 3001 1847 3055 Christus
1904 3003 1998 3055 ait:
2051 3003 2144 3057 Vae

1156 3078 1260 3137 tibi,
1307 3077 1571 3136 corozain,
1603 3092 1688 3128 vae
1710 3076 1816 3137 tibi,
1843 3076 2135 3135 Bethsaida,

1155 3152 1271 3218 qaia
1310 3153 1358 3203 si
1384 3151 1437 3202 in
1468 3150 1593 3219 Tyro
1619 3158 1662 3202 et
1687 3149 1868 3202 Sidone
1892 3151 2049 3218 factae
2078 3166 2146 3202 es·

1155 3233 1255 3276 sent
1296 3226 1521 3284 virtutae,
1564 3239 1686 3292 quae
1733 3224 1889 3292 factae
1939 3232 2054 3275 sum
2095 3225 2146 3276 in

1156 3298 1301 3358 vebia,
1345 3298 1461 3349 olim
1500 3297 1553 3349 in
1580 3297 1736 3350 cilicio
1774 3306 1818 3350 et
1843 3299 2005 3350 cinere
2036 3313 2146 3366 pee-

1155 3373 1412 3423 nilemiam
1462 3373 1683 3439 epissent.
1746 3370 1979 3423 Christus
2025 3387 2146 3437 ergo

1156 3447 1392 3510 cognovit
1418 3445 1802 3511 poenitentiam,
1827 3461 1980 3515 quam
2001 3445 2146 3513 signa

1199 3543 1251 3590 (ι)
1276 3547 1359 3590 cap.
1383 3543 1441 3580 2³.
