2332 3860
307 174 411 253 aaa

637 216 700 253 nit
734 215 829 253 DEO
867 215 918 252 IN
958 214 1234 256 RELAUONE‘
1264 218 1329 252 An
1366 212 1570 251 mummi
1605 213 1866 253 merum

2084 152 2118 191 ν’

2264 185 2298 208 ἢβ

231 301 339 348 tam
378 295 748 353 beatitudinem
771 296 1086 349 constituere
1117 301 1223 363 pot·
1288 295 1410 347 libet
1449 293 1767 348 levissimum
1794 299 2062 364 peccatum
2089 267 2325 353 od‘ffss's

231 376 330 430 est,
373 377 687 439 quapropter
727 376 778 422 et
818 369 971 422 huius
1020 370 1224 421 amissio
1286 370 1405 437 quia
1445 369 1645 422 nullum
1674 377 1942 438 peccatum
1971 371 2191 439 impunit

228 443 488 497 infinitum
547 444 741 497 malum
799 460 898 497 non
965 451 1061 495 est.
1108 442 1223 494 ldeo
1287 443 1531 511 relinquit
1568 444 1714 496 iuxta
1753 444 1878 496 illud
1909 444 2111 505 Manli„
2143 426 2320 498 deff<

228 519 459 590 saniores
498 518 722 585 theologi
765 525 977 586 negant,
1028 520 1220 585 peccati

197 592 462 645 ·mortalis
501 593 749 645 malitiam
789 592 1088 659 simpliciter
1147 593 1221 643 in-

225 665 423 719 finitam
484 683 631 729 esse,
694 666 929 734 quamvis
996 666 1221 734 plerique

226 740 523 802 admittant,
574 756 687 793 eam
728 740 1013 792 secundum
1067 741 1215 808 quid,

180 876 183 878 ,
225 814 478 867 obiective
542 821 594 866 et
657 814 968 875 extrinsece,
1037 830 1219 882 nempe

227 889 426 941 ratione
469 903 715 958 personae
738 889 967 940 infinitae
995 888 1219 940 offensae

226 962 480 1014 infinitam
521 963 618 1014 dici
657 978 822 1030 posse.
855 962 1064 1013 Rectius
1094 963 1219 1014 forte

225 1036 503 1097 diceretur,
530 1038 580 1087 in
602 1052 753 1087 sensu
778 1037 1051 1103 improprio
1077 1053 1219 1103 prae-

226 1111 381 1163 fatam
423 1110 672 1163 malitiam
713 1109 966 1161 infinitam
1023 1126 1219 1163 nuncu—

225 1186 355 1252 pari,
386 1187 504 1253 quia
543 1190 688 1236 tanta
726 1199 787 1235 ac
827 1184 942 1235 talis
983 1192 1080 1245 est,
1112 1191 1217 1237 uta

226 1260 424 1311 ratione
461 1259 685 1310 bumana
726 1258 947 1325 perfecte
981 1260 1216 1327 cognosci

224 1339 276 1385 et
314 1332 717 1385 commensurari
758 1348 858 1383 non
914 1333 1069 1398 possit
1115 1330 1212 1403 (l).

297 1405 404 1459 Obi.
451 1407 533 1458 5.·
575 1406 712 1458 Deus
753 1422 842 1473 pro
882 1405 1084 1458 infinita
1124 1423 1216 1457 sua

224 1481 497 1532 sanctitate
553 1479 815 1548 quodlibet
873 1481 1028 1531 etiam
1071 1480 1218 1532 levis-

223 1555 408 1606 simum
452 1560 718 1621 peccatum
746 1553 913 1605 odisse
952 1554 1123 1606 debet:
1155 1555 1218 1605 si·

224 1635 312 1681 cut
351 1629 456 1681 odit
482 1635 657 1680 autem
685 1634 975 1695 peccatum,
1016 1630 1085 1680 ita
1114 1628 1218 1679 odit

224 1704 380 1754 ctiam
422 1702 715 1763 hominem,
759 1702 844 1770 qui
896 1702 1032 1753 istud
1081 1718 1217 1754 com-

224 1776 400 1840 mittit3
429 1792 548 1829 nam
577 1775 806 1827 similiter
832 1777 941 1828 odio
966 1784 1080 1828 sunt
1118 1776 1217 1828 Deo

223 1850 422 1918 impius,
466 1858 509 1903 et
548 1852 765 1918 impietas
805 1850 909 1901 eius
949 1848 1046 1920 (⁹2).
1097 1847 1216 1902 Cer-

224 1930 335 1975 tum
374 1940 496 1991 ergo
537 1931 634 1983 est,
667 1922 926 1975 hominem
967 1924 1120 1976 etiam
1151 1925 1218 1975 le·

223 1998 355 2050 viter
395 2003 694 2066 peccantem
748 2013 778 2049 a
817 1997 922 2049 Deo
978 1997 1092 2050 odio
1134 1997 1218 2050 ha-

221 2071 360 2132 beri,
402 2077 713 2140 quapropter
752 2070 815 2123 ab
868 2073 975 2139 ipso
1015 2071 1216 2124 sublata

225 2151 304 2197 est
342 2145 603 2207 charitaS,
661 2144 826 2211 gratia
885 2152 937 2197 et
992 2147 1215 2198 amicitia

224 2218 339 2282 Dei,
381 2219 518 2272 unde
557 2219 825 2271 evidenter
865 2226 1020 2287 patet,
1061 2221 1216 2272 etiam

224 2309 316 2361 per
355 2300 623 2361 peccatum
654 2292 854 2345 veniale
880 2294 1069 2346 auferri
1098 2294 1216 2346 cba-

225 2367 430 2420 ritatem
450 2408 463 2429 ,
506 2369 726 2435 gratiam
771 2367 1181 2420 sanctificantem
1202 2410 1213 2430 ‚

225 2447 278 2493 et
315 2441 577 2494 hominem
616 2447 673 2493 ut
710 2441 804 2494 Dei
842 2443 1106 2495 inimicum
1135 2443 1220 2495 da-

225 2516 544 2568 mnationem
583 2515 791 2567 mereri.

299 2587 438 2658 Resp.
482 2590 621 2642 Haec
650 2587 923 2642 difficultas
952 2590 1098 2643 facile
1119 2589 1217 2642 sol-

231 2661 386 2724 vitur,
429 2664 472 2715 si
511 2664 838 2725 attendatur,
881 2680 981 2732 qua
1021 2665 1219 2716 ratione

228 2734 364 2787 Deus
403 2737 568 2789 odisse
621 2738 839 2789 dicatur.
894 2737 1023 2790 Cum
1082 2738 1219 2789 enim

228 2807 365 2861 Deus
404 2809 750 2863 humanarum
799 2811 1094 2878 passionum
1134 2827 1221 2862 ex-

233 2897 349 2947 pers
387 2884 473 2944 sit‚
507 2901 605 2937 nou
635 2886 737 2938 iam
767 2885 829 2937 ad
859 2885 1020 2938 instar
1059 2884 1219 2936 bomi-

233 2971 355 3007 num
396 2957 566 3010 odium
594 2960 769 3011 fovere
797 2960 982 3027 potest.
1026 2957 1125 3010 Sed
1155 2959 1219 3010 si-

230 3034 319 3080 cut
355 3045 527 3083 amare
567 3032 618 3083 in
658 3033 764 3085 Deo
803 3048 904 3084 non
965 3039 1080 3093 est,
1124 3033 1219 3084 nisi

231 3102 364 3155 bona
393 3102 586 3171 largiri,
618 3106 687 3158 ita
714 3106 879 3158 odisse
911 3106 962 3157 in
993 3107 1097 3158 Deo
1121 3123 1219 3158 non

232 3181 330 3238 est,
374 3177 470 3227 nisi
511 3178 643 3230 bona
672 3196 862 3247 negare
903 3180 985 3233 vel
1025 3181 1223 3233 subtra-

230 3248 393 3310 here,
434 3265 526 3301 seu
569 3267 755 3318 poenas
807 3253 1058 3320 infligere.
1120 3254 1221 3307 Ad-

234 3322 484 3376 mittimus
522 3339 663 3392 erge,
696 3325 859 3379 Deum
886 3328 1042 3381 etiam
1070 3327 1224 3397 quod-

279 3478 331 3524 (1)
353 3478 407 3516 Cf.
432 3455 689 3523 L’nermtnier,
713 3482 833 3516 Tract.
871 3484 915 3518 de
934 3492 1034 3527 pecc.
1069 3485 1093 3521 1.
1120 3485 1154 3528 6,
1177 3493 1212 3529 p.

233 3524 310 3560 233.
327 3525 421 3558 Bertt
437 3524 476 3558 h.
494 3524 550 3564 21,
563 3533 595 3559 c.
613 3524 646 3567 8,
662 3525 819 3560 Thomas
834 3535 877 3560 ex
896 3527 1079 3565 chaumes.
1098 3529 1222 3565 OE'ract.

232 3572 278 3604 tte
300 3575 380 3611 pec.
405 3567 501 3604 Dus.
527 3567 561 3612 2,
584 3577 618 3604 c.
642 3567 676 3613 4,
700 3569 814 3604 conci.
852 3570 887 3605 ἰ.
995 3584 1002 3590 f

1286 518 1389 568 mni
1433 517 1589 569 verbo
1615 518 1776 570 otioso
1801 519 2002 571 reddent
2028 520 2230 571 ratione
2252 574 2275 580 b,
2294 509 2332 582 5³

1283 591 1337 642 in
1375 591 1451 643 die
1489 591 1665 642 iudicii
1704 590 1802 661 (5)
1845 590 1966 650 Sed,
2010 594 2145 644 sicut
2183 591 2282 661 ipsi
2311 591 2332 641 -Ξ

1283 665 1565 717 adversarii
1617 665 1842 717 fatentur
1859 706 1872 727 ‚
1918 674 2128 734 peccata
2148 666 2302 736 dari&
2325 684 2332 711 τ

1282 740 1518 805 graviora
1559 745 1610 790 et
1648 739 1860 800 leviora,
1889 739 2081 808 illaque
2122 736 2332 796 maio-³⁷3²

1285 829 1364 865 res
1405 813 1483 864 his
1525 828 1714 881 poenas
1754 814 1974 875 mereri,
2025 816 2123 874 ita,
2167 817 2309 884 ipsuis}-

1284 887 1615 940 Revelatione
1654 887 1815 947 duce,
1858 894 1997 939 recte
2034 888 2307 957 dicimuS‚,j‘

1283 961 1388 1013 dari
1433 968 1643 1029 peccata
1678 961 1914 1014 mortalia
1954 968 2005 1014 et
2038 961 2332 1028 venialia,

1281 1051 1340 1087 ac
1381 1036 1463 1087 illa
1494 1077 1505 1096 ,
1568 1051 1667 1087 non
1727 1051 1849 1087 vero
1906 1036 2001 1087 ista
2052 1033 2332 1103 gratiamss'

1281 1109 1687 1161 sanctificantem
1744 1110 1969 1171 auferre,
2011 1117 2062 1163 et
2108 1110 2317 1163 aeter-²·

1281 1200 1402 1236 nam
1440 1184 1820 1236 damnationem
1848 1184 2057 1248 mereri3
2099 1199 2272 1252 quam-

1282 1260 1358 1310 vis
1399 1275 1498 1310 non
1543 1274 1822 1325 negemuS,
1868 1258 2023 1309 etiam
2064 1249 2271 1325 peccata
2291 1277 2311 1314 12

1282 1332 1500 1384 venialia
1560 1333 1705 1384 iuxta
1764 1338 2015 1384 statutum
2069 1331 2307 1386 divinae.

1281 1406 1501 1458 iustitiae
1542 1406 1776 1458 ordinem
1814 1407 2005 1474 gratias
2043 1412 2095 1458 et
2135 1406 2272 1459 favo·
2298 1427 2319 1454 s

1283 1496 1361 1531 res
1407 1480 1654 1532 coelestes
1711 1481 2056 1541 imminuere,
2118 1486 2273 1549 atque
2300 1515 2307 1534 v.

1281 1554 1587 1622 temporales
1618 1569 1805 1620 poenas
1831 1554 2039 1605 mereri.
2066 1552 2127 1605 Et
2154 1568 2272 1606 curn

1280 1628 1416 1680 Deus
1457 1629 1506 1679 in
1562 1628 1657 1679 hoc
1714 1643 1866 1679 sensu
1926 1626 2309 1685 tum-levissi-v

1283 1718 1419 1754 mum
1464 1709 1749 1770 peccatum,
1791 1708 1899 1752 tum
1931 1701 2188 1753 hominem
2214 1701 2275 1755 it·

1282 1776 1365 1827 lud
1407 1778 1812 1829 committentem
1841 1775 2025 1836 oderit,
2065 1791 2156 1828 seu
2187 1791 2305 1844 pus..

1279 1852 1406 1912 niat,
1450 1852 1574 1903 satis
1615 1857 1771 1918 patet,
1812 1850 1875 1902 ob
1917 1849 2119 1901 veniale
2161 1857 2310 1918 pec-⁴

1279 1932 1452 1976 catum
1479 1925 1698 1992 gratiam
1726 1923 2135 1976 sanctificantem
2172 1939 2273 1977 non
2309 1981 2330 1987 Δ,

1278 1999 1499 2061 auferri,
1543 2006 1595 2051 ct
1633 2005 1875 2051 aeternae
1929 1998 2321 2052 damnationis

1280 2080 1481 2126 reatum
1521 2089 1620 2126 non
1661 2073 1852 2125 induci.
2325 2079 2328 2082 ’

1669 2246 1707 2304 ς
1738 2247 1879 2292 τοι.

1388 2341 1451 2378 111.
1476 2342 1526 2377 De
1549 2350 1655 2376 causa
1685 2346 1920 2385 peccatorum
1949 2341 2162 2378 actualium.
2183 2352 2188 2361 ’-

1359 2439 1406 2493 l.
1451 2439 1698 2493 Creatura
1726 2439 1984 2510 quaelibet
2010 2437 2272 2492 rationalis
2304 2490 2310 2508 ζ

1281 2520 1331 2565 et
1371 2514 1530 2566 libera
1570 2515 1621 2566 in
1659 2516 1863 2582 optione
1901 2513 2020 2566 boni
2047 2519 2100 2565 et
2124 2511 2268 2573 mali,
2303 2528 2327 2584 ’,μ

1281 2595 1358 2639 est
1409 2604 1564 2640 causa
1606 2589 1837 2656 proxima
1888 2593 1940 2639 et
1977 2586 2274 2639 immediata
2315 2614 2318 2619 ·

1283 2663 1498 2728 peccati,
1530 2662 1649 2713 dum
1680 2661 1847 2728 legem
1869 2659 2266 2727 transgreditur.
2293 2662 2325 2723 {ss

1280 2735 1529 2797 Quoniam
1583 2741 1756 2787 autem
1813 2736 2035 2788 essentia
2078 2728 2332 2806 peccati}

1282 2825 1380 2860 non
1432 2809 1665 2862 consistit
1725 2809 1820 2861 nisi
1878 2810 1929 2861 in
1985 2805 2332 2899 privatione&-

1284 2884 1420 2942 boni,
1465 2899 1555 2935 seu
1596 2884 1646 2935 in
1689 2883 1921 2936 absentia
1953 2882 2155 2935 debitae
2195 2896 2332 2946 Γθ-ς»

1282 2956 1578 3017 ctitudinis,
1622 2957 1863 3010 voluntas
1900 2963 2117 3010 eatenus
2157 2969 2321 3028 pec-31

1282 3038 1454 3083 catum
1498 3031 1801 3099 progignere
1841 3030 2058 3092 dicitur,
2100 3027 2332 3098 quate-'13²⁴-

1284 3121 1380 3157 nus
1418 3104 1503 3156 vel
1543 3111 1716 3157 actum
1757 3110 2088 3173 praeceptum
2126 3102 2323 3159 omiti:

1284 3178 1454 3242 tende,
1481 3178 1563 3230 vel
1591 3185 1764 3231 actum
1795 3179 2010 3232 vetitum
2040 3175 2295 3244 ponendo

1282 3269 1311 3304 a
1351 3252 1522 3304 debita
1574 3252 1882 3305 rectitudine
1939 3250 2140 3311 deficit,
2182 3262 2283 3308 seu,

1282 3342 1312 3377 a
1340 3325 1453 3392 lege
1479 3325 1703 3378 aberrat.
1735 3325 1814 3378 Ex
1841 3324 1941 3377 hoc¹
1965 3330 2127 3393 patet,
2170 3345 2179 3369 0
2202 3344 2206 3351 »-
2232 3340 2289 3387 ⁶23

1283 3405 1456 3453 catum
1513 3414 1604 3452 seu
1660 3399 2039 3453 aberrationem
2087 3412 2120 3451 a
2159 3396 2281 3457 lc‚-2·-

1329 3570 1380 3616 (Ξ)
1402 3571 1484 3615 sap.
1509 3570 1564 3614 u,
1590 3570 1623 3607 ο.
1876 3569 1928 3615 (a)
1955 3563 2232 3612 naaman-J
