2332 3860
0 220 355 287 §mutudinis
389 233 481 272 seu
508 218 838 273 subiectionis
861 220 1013 273 ratio-

0 294 118 356 'inis
153 305 203 352 et
235 294 513 350 voluntatis
562 293 627 346 ad
669 293 830 349 Deum
872 310 1015 362 repo-

4 381 191 438 fluunt:
253 384 375 438 ergo
432 367 527 421 hoc
587 368 726 421 idem
787 369 1014 422 sentiunt

0 447 187 506 letiam
222 443 287 496 de
323 443 544 496 essentia
572 444 769 511 peccati
796 443 1024 511 origina-‚

9 519 113 575 trs.
152 518 205 572 S.
237 515 498 570 Anselmus
526 515 602 589 (l)
634 518 796 570 dicit:
843 537 870 566 «
906 515 1013 568 Hoc

0 599 317 668 nicoenum,
378 590 511 660 quod
570 590 818 659 originale
877 590 1008 651 dioc,

6 665 167 724 &aliud
202 664 490 750 intelligere
531 681 730 734 nequeo
768 665 819 716 in
849 664 1013 716 infan-

7 741 183 804 itibus,
226 741 320 792 nisi
360 740 520 808 ipsam
559 756 712 809 quam
750 754 903 807 supra
932 755 1014 806 po-

7 817 106 875 isui
132 857 145 877 ,
210 815 398 868 factam
463 831 552 883 per
615 812 1011 866 inobedientiam

10 889 169 946 zAdae
230 889 452 941 iustitiae
523 888 807 941 nuditatem
836 927 853 947 ,
925 903 1013 955 per

4 976 180 1035 nquam
218 979 396 1015 sumus
436 979 614 1015 omnes
653 963 740 1015 filii
794 964 917 1014 irae.
986 981 1008 1009 υ

8 1037 71 1103 :S
97 1037 304 1090 Thomas
344 1035 420 1108 (2)
449 1039 518 1089 ita
559 1038 800 1090 disserit:
848 1055 874 1085 «
937 1036 1013 1086 Ex

7 1111 294 1168 inversione
352 1111 632 1164 voluntatis
681 1128 710 1164 a
750 1110 853 1164 Deo
894 1126 1013 1162 con-

7 1194 200 1240 isecuta
239 1194 315 1239 est
355 1187 658 1239 inordinatio
686 1187 738 1238 in
777 1185 1012 1238 omnibus

9 1261 138 1314 saliis
200 1261 403 1313 animae
467 1261 681 1313 viribus,
749 1259 831 1312 Sic
890 1276 1011 1326 ergo

9 1335 244 1404 iprivatio
290 1334 550 1403 originalis
615 1335 854 1395 iustitiae,
926 1350 1013 1401 per

7 1425 181 1478 «quam
240 1410 476 1461 voluntas
533 1409 845 1462 subdebatur
883 1407 1007 1466 Deo,

7 1491 106 1536 nest
146 1483 356 1536 formale
398 1485 447 1535 in
491 1491 695 1551 peccato
742 1482 1007 1549 originali3

8 1560 194 1610 omnis
234 1565 407 1610 autem
447 1557 545 1610 alia
587 1557 889 1610 inordinatio
941 1558 1012 1607 vi-

29 1633 159 1685 rium
201 1634 402 1683 animae
442 1648 495 1683 se
538 1632 688 1683 habet
727 1633 776 1683 in
809 1638 1012 1699 peccato

27 1706 280 1769 originali,
305 1708 435 1757 sicut
463 1706 704 1773 quiddam
734 1706 1011 1757 materiale.

35 1780 344 1833 inordinatio
382 1787 553 1831 autem
583 1780 798 1832 aliarum
830 1782 1010 1831 virium

29 1856 228 1909 animae
271 1856 537 1922 praecipue
578 1856 627 1905 in
671 1854 763 1905 lioc
796 1854 1012 1906 attendi-

30 1935 132 1989 tur,
163 1930 292 1998 quod
327 1931 606 1980 inordinate
642 1936 1014 1980 convertuntur

30 2003 93 2056 ad
135 2003 320 2056 bonum
345 2003 726 2064 commutabiie,
753 2020 881 2072 quae
909 2004 1014 2071 qui-

31 2077 145 2130 dem
188 2078 490 2131 inordinatio
518 2081 777 2130 communi
809 2082 1013 2130 nomine

31 2159 192 2220 potest
231 2153 328 2204 dici
367 2153 798 2218 concupiscentia,
834 2154 1014 2205 forma-

32 2226 145 2278 liter
184 2243 304 2278 vero
363 2234 438 2278 est
499 2227 727 2279 defectus
793 2228 1015 2280 iustitiae

30 2300 309 2367 originalis.
355 2320 381 2350 »

104 2377 157 2427 Ξ.
201 2370 439 2426 Rationes
482 2374 796 2439 theologicae
849 2374 1015 2426 decla-

31 2455 193 2502 ratam
216 2450 523 2501 sententiam
544 2450 867 2506 confirmant.
886 2450 1014 2501 Nam

31 2522 83 2591 a)
124 2531 387 2591 peccatum
427 2525 673 2589 originale
713 2541 740 2575 a
780 2523 833 2575 S.
879 2522 1013 2575 Scri-

33 2606 202 2664 ptura,
230 2597 284 2649 S.
318 2597 553 2650 Patribus
592 2605 642 2650 et
663 2597 902 2650 Conciliis
932 2614 1018 2648 vo-

32 2679 178 2723 cat-ur
215 2688 347 2723 mors
394 2672 584 2724 animae
645 2682 696 2724 et
758 2673 1016 2723 inimicitia

638 138 757 177 »aas
793 138 849 176 n.
892 137 1055 176 saeuo
1092 138 1129 176 Ι.
1172 137 1323 177 carm·
1358 137 1428 176 lv..

31 2744 144 2806 Dei,
187 2761 307 2811 ergo
347 2747 576 2798 consistit
626 2747 677 2798 in
734 2747 1038 2814 privatione·

34 2819 170 2871 illius
210 2819 348 2878 doni,
392 2835 490 2887 quo
532 2820 863 2887 spiritualiter
891 2821 1018 2871 vivi-

35 2909 148 2946 mus
186 2909 246 2944 ac
283 2908 463 2944 sumus
494 2894 644 2946 amici
682 2893 814 2956 Dei3
875 2896 1016 2962 atqui

35 2965 130 3019 hoc
158 2966 345 3019 donum
376 2973 453 3018 est
478 2969 642 3035 gratia
670 2967 1013 3027 sanctificam,

35 3055 165 3108 quae
204 3048 280 3094 est
325 3043 516 3108 primus
555 3041 768 3099 effectus
796 3042 1017 3093 iustitiae

35 3116 315 3183 originalis:
339 3130 459 3187 ergo
487 3115 536 3166 in
566 3116 712 3168 istius
739 3117 1019 3183 privatione

37 3187 135 3240 sita
170 3196 249 3242 est
275 3189 494 3242 essentia
524 3190 714 3258 peccati
735 3190 1015 3256 originalis,

40 3288 114 3302 ·-
157 3259 203 3333 b)
253 3263 485 3316 Essentia
526 3264 720 3332 peccati
758 3264 1021 3331 originalis

41 3335 138 3388 sita
177 3344 253 3389 est
286 3338 337 3391 in
377 3353 457 3402 eo,
500 3338 634 3406 quod
688 3337 881 3391 tollitur
933 3354 1022 3407 per

39 3407 380 3476 baptismum3
423 3403 513 3479 per
552 3411 689 3466 bunc
726 3412 861 3464 enim
891 3412 1022 3466 tolli-

81 3507 136 3554 (Ι)
160 3509 200 3546 L.
225 3509 261 3553 1.
283 3510 330 3547 de
350 3511 520 3556 concept.
545 3512 584 3549 V.
604 3517 644 3549 et
664 3521 762 3558 pecc.
791 3521 843 3548 or.
874 3519 910 3549 c.
942 3513 998 3549 2⁰.

1872 119 1983 174 563

1075 225 1159 272 tur
1194 233 1346 273 omne
1384 216 1433 270 id
1473 215 1607 287 quod
1647 227 1823 271 veram
1862 234 1922 271 ao
1945 234 2069 288 pror,

1075 294 1236 361 priam
1300 293 1495 362 peccati
1560 291 1809 346 rationem
1868 291 2054 347 habet.

1073 369 1212 438 atqui
1251 382 1341 437 per
1377 360 1686 450 baptismum
1727 364 1933 419 tollitur·
1961 368 2058 436 pri-

1076 445 1212 495 vatio
1270 440 1492 494 iustitiae
1566 438 1827 506 originalis
1893 441 2056 524 quoad

1076 517 1373 583 primarium
1410 516 1520 567 eius
1558 513 1817 571 effectum,
1861 515 1980 582 quia
2006 515 2057 566 in

1075 590 1160 643 illo
1207 591 1467 644 confertur
1505 589 1669 656 gratia
1709 587 2056 647 sanctificans,

1076 672 1299 717 mentem
1339 663 1444 716 Deo
1482 662 1797 732 coniungens
1836 669 1888 715 et
1907 661 2060 714 subii-

1075 740 1244 792 ciens:
1288 754 1408 806 ergo
1431 738 1481 789 in
1503 737 1655 789 huius
1678 737 2060 805 praerogativae

1077 814 1359 881 privatione
1398 812 1628 864 consistit
1674 812 1896 864 essentia
1949 826 2060 878 pec-

1075 889 1173 939 cati
1196 886 1477 954 originalis.
1506 886 1549 950 c)
1577 916 1623 925 —
1650 885 1701 938 ld
1725 893 1802 938 est
1823 885 2062 947 essentia,

1074 979 1161 1014 seu
1224 962 1436 1014 formale
1477 960 1867 1015 constitutivum
1906 959 2061 1011 alicu-

1076 1037 1153 1088 ius
1193 1038 1286 1098 rei,
1330 1035 1462 1105 quod
1505 1036 1724 1104 primum
1765 1035 1816 1087 in
1854 1050 1916 1088 ea
1943 1049 2061 1086 oon-

1074 1113 1258 1178 cipitur
1299 1118 1543 1179 tanquam
1569 1110 1714 1162 radix
1743 1115 2062 1162 caeterorum

1074 1202 1203 1254 quae
1266 1185 1329 1237 ad
1395 1201 1501 1237 rem
1562 1185 1861 1253 pertinent:
1922 1183 2063 1251 atqui

1078 1259 1290 1326 privatio
1330 1260 1550 1311 iustitiae
1590 1258 1849 1325 originalis
1896 1256 2062 1327 quoad

1078 1335 1370 1401 primarium
1411 1334 1520 1385 eius
1560 1333 1818 1395 effectum,
1870 1332 2065 1384 scilicet

1075 1411 1484 1461 coniunctionem
1524 1423 1642 1460 cum
1669 1406 1795 1468 Deo,
1827 1412 1906 1459 est
1931 1405 2064 1475 quod

1076 1485 1292 1550 primum
1335 1485 1386 1535 in
1419 1500 1480 1535 ea
1513 1483 1795 1551 concipitur
1823 1489 2064 1550 tanquam

1076 1558 1219 1609 radix
1258 1558 1642 1610 inordinationis
1700 1556 1884 1608 virium
1942 1554 2065 1608 infe-

1077 1632 1287 1692 riorum,
1330 1640 1380 1684 et
1423 1632 1792 1700 poenalitatum
1830 1645 2065 1696 corpora-

1079 1707 1219 1766 lium,
1264 1723 1394 1775 quae
1433 1707 1494 1757 ad
1521 1713 1786 1774 peccatum
1815 1703 2065 1774 originale

1078 1781 1369 1847 pertinent3
1415 1781 1510 1831 ista
1550 1795 1671 1846 ergo
1722 1780 1937 1846 privatio
1990 1794 2066 1830 es·

1074 1855 1288 1907 sentiam
1331 1855 1526 1923 peccati
1575 1853 1838 1922 originalis
1883 1852 2066 1905 consti-

1077 1931 1190 1982 tuit.

1463 2104 1502 2163 ς
1532 2105 1667 2151 mi.

1208 2218 1258 2252 Dc
1282 2217 1407 2259 moda,
1431 2226 1505 2261 quo
1530 2222 1724 2261 peccatum
1749 2216 1926 2260 originale

1339 2278 1383 2311 ad
1407 2283 1574 2320 posteros
1598 2277 1813 2311 traducitur.

1151 2374 1205 2427 In
1249 2375 1401 2427 rebus
1442 2374 1763 2427 naturalibus
1801 2373 2065 2427 hincinde

1079 2449 1139 2501 de
1198 2449 1382 2501 effectu
1433 2450 1652 2518 quodam
1694 2451 1820 2502 certi
1860 2465 2059 2510 sumuS‚

1079 2526 1197 2591 quin
1242 2531 1412 2575 tamen
1455 2524 1681 2584 modum,
1725 2539 1823 2592 quo
1886 2523 2066 2591 produ-

1079 2604 1191 2650 ctus
1230 2598 1341 2658 fuit,
1371 2598 1628 2665 explicare
1654 2599 1924 2665 possimus,
1958 2596 2064 2650 Hoc

1081 2675 1212 2723 idem
1255 2673 1414 2724 multo
1449 2673 1609 2736 magis
1637 2674 1685 2723 in
1717 2673 1868 2725 rebus
1896 2687 2065 2740 super·

1082 2747 1399 2799 naturalibus
1438 2746 1815 2798 admittendum
1853 2752 1959 2811 est3
1986 2754 2062 2799 at·

1079 2838 1176 2890 que
1236 2821 1347 2872 ideo
1398 2821 1446 2872 in
1509 2820 1770 2887 Religione
1840 2820 2066 2874 revelata

1083 2896 1256 2964 negari
1300 2911 1398 2946 non
1426 2902 1638 2962 possunt
1663 2895 1910 2964 mysteria,
1936 2910 2066 2964 quae

1081 2976 1200 3022 sunt
1221 2970 1462 3021 veritates
1497 2969 1735 3021 divinitus
1764 2969 2065 3036 patefactae,

1082 3044 1131 3095 in
1194 3044 1375 3111 quibus
1439 3043 1792 3107 cognoscimus
1863 3044 2067 3113 quidem

1081 3117 1366 3172 subiectum
1407 3123 1455 3168 et
1484 3116 1852 3184 praedicatum,
1885 3119 2065 3170 intrin-

1081 3207 1256 3243 secum
1294 3198 1468 3243 autem
1509 3206 1699 3244 nexum
1739 3203 1840 3244 non
1871 3194 2065 3261 perspi-

1082 3266 1263 3326 cimus,
1306 3265 1396 3316 sed
1435 3264 1499 3317 de
1536 3264 1632 3318 hoo
1653 3268 1777 3319 certi
1802 3267 2064 3320 reddimur

1085 3355 1172 3406 per
1209 3338 1575 3393 revelationem
1614 3340 1861 3398 divinam.
1925 3339 2064 3393 luter

1084 3413 1210 3466 haec
1272 3413 1515 3482 mysteria
1565 3416 1751 3478 merito
1791 3415 1946 3468 etiam
1986 3429 2063 3467 re-

1127 3510 1178 3558 ga)
1204 3512 1234 3556 ι,
1259 3512 1294 3550 2.
1318 3523 1349 3558 q.
1385 3513 1439 3559 ΒΞ,
1466 3519 1532 3549 ω.
1559 3514 1591 3551 3.
