2332 3860
290 191 398 244 52&

217 294 270 341 et
311 287 434 353 Deo
468 286 768 357 dignissima
818 290 934 355 fuit3
992 305 1111 343 nam
1165 289 1205 340 si

216 362 425 435 materia
462 369 742 432 spectetur,
785 364 1061 417 observatu
1115 362 1208 415 fuit

216 427 481 505 facillima,
525 438 768 506 quoniam
807 438 1120 490 abstinentia
1176 453 1206 489 a

214 509 386 565 fructu
445 511 596 563 unius
648 511 844 565 arboris
894 512 1055 567 ardua
1097 526 1206 563 esse

213 598 358 638 non
377 590 576 652 poterat
630 585 751 647 illis,
806 587 990 654 quibus
1029 601 1207 638 omnes

213 663 536 718 caeterarum
579 659 820 713 aiborum
867 660 1064 712 fructus
1117 675 1206 726 pro

211 723 459 784 alimento
511 739 719 817 praesto
766 741 943 786 erant:
998 735 1041 786 si
1093 735 1206 802 finis

211 805 530 869 attendatur,
572 808 880 876 aequissima
922 809 1033 867 fuit,
1087 808 1204 876 quia

212 877 350 936 Deus
391 896 480 948 per
519 875 660 932 illam
700 897 756 933 se
805 888 1063 949 tamquam
1116 897 1201 932 su-

212 968 442 1021 premum
473 969 645 1006 rerum
669 956 896 1008 omnium
926 950 1204 1008 Dominum

211 1029 454 1088 ostendit,
521 1035 573 1080 et
626 1028 917 1082 hominibus
969 1028 1203 1083 libertate

211 1101 411 1155 donatis
428 1102 746 1155 occasionem
771 1103 1024 1171 praebuit,
1055 1119 1200 1156 suam

209 1189 332 1243 erga
372 1175 666 1229 Creatorem
689 1178 1029 1234 obedientiam
1055 1194 1202 1230 exer·

206 1250 376 1310 cendi,
421 1257 472 1302 et
513 1266 602 1319 per
632 1251 766 1304 hanc
799 1252 1077 1306 maximam
1106 1253 1199 1306 sibi

207 1323 500 1377 felicitatem
527 1326 876 1393 comparandi:
902 1326 1066 1393 quoad
1095 1343 1199 1379 mo-

205 1397 325 1449 dum
365 1398 615 1467 denique,
686 1406 742 1451 ut
791 1401 1021 1468 gravitas
1074 1400 1201 1468 legis

204 1478 427 1539 pateret,
497 1476 864 1540 transgressori
924 1475 1058 1526 sacta
1123 1481 1200 1526 est

204 1546 530 1601 comminatio
573 1549 768 1599 mortis.
810 1577 885 1586 —
929 1546 1074 1599 Hanc
1128 1547 1197 1600 le-

204 1631 318 1685 gem
380 1620 476 1672 sibi
529 1621 817 1688 impositam
879 1638 978 1673 non
1033 1621 1199 1675 solum

203 1692 366 1746 Adam
409 1696 671 1762 cognovit,
716 1696 800 1763 qui
856 1695 1070 1748 eandem
1132 1711 1196 1748 ex

204 1783 291 1818 ore
330 1766 421 1820 Dei
465 1770 711 1836 percepit,
757 1769 844 1820 sed
886 1772 1039 1825 etiam
1070 1770 1196 1836 Eva,

199 1855 330 1908 quae
351 1841 413 1893 ad
455 1850 746 1909 serpentem
781 1843 946 1894 dixit:
984 1844 1054 1895 De
1089 1845 1198 1910 fru-

197 1921 277 1966 ctu
316 1914 437 1982 tiqui
476 1917 602 1983 quod
627 1925 693 1967 est
722 1917 774 1967 in
812 1917 966 1968 medio
997 1919 1197 1986 paracli-

198 1990 258 2048 si,
284 1993 526 2058 praecepit
565 1992 703 2043 nobis
742 1990 899 2051 Bam,
943 2008 1001 2043 ne
1045 2008 1194 2047 come-

197 2061 438 2123 deremm,
461 2072 504 2115 et
538 2079 596 2115 ne
637 2073 941 2133 tanyercmus
967 2065 1108 2130 illud,
1136 2082 1194 2118 ne

199 2136 324 2202 forle
361 2138 639 2189 moriamur
668 2137 764 2208 (i).
799 2140 1193 2207 Protopareutes

200 2217 375 2263 autem
419 2211 603 2264 liberos
644 2225 845 2280 quoque
886 2214 1061 2275 fuisse,
1108 2231 1191 2282 pa-

200 2289 274 2335 tet
313 2291 420 2336 tum
464 2298 530 2337 ex
577 2287 684 2354 ipsa
739 2286 957 2340 hominis
1004 2295 1188 2340 natura

195 2354 248 2428 (S
296 2356 446 2429 167),
474 2366 582 2411 tum
624 2372 687 2411 ex
727 2360 950 2428 imagine
991 2361 1182 2421 divina,

194 2433 480 2487 secuudum
547 2450 702 2502 quam
767 2436 925 2487 creati
984 2436 1187 2488 fuerant

193 2501 244 2574 (S
283 2502 429 2575 470).
462 2506 530 2559 At
568 2507 665 2559 hac
693 2508 929 2561 libertate
970 2511 1186 2578 tutpitei

192 2579 337 2630 abusi
380 2580 429 2631 id
483 2589 740 2649 egerunt,
803 2583 936 2651 quod
992 2600 1022 2636 a
1080 2584 1184 2636 Deo

191 2651 503 2718 prohibitum
569 2663 699 2707 erat.
775 2655 985 2723 Legitur
1049 2659 1183 2714 enim

193 2723 324 2778 Gen.
368 2726 467 2790 ΙΙΙ,
519 2729 587 2785 6:
638 2727 773 2781 Vidit
813 2731 967 2798 iyitur
1004 2732 1183 2783 mahar

195 2798 319 2865 quod
358 2799 532 2853 bonum
572 2811 692 2855 esset
750 2803 935 2872 liquam
988 2806 1052 2856 ad
1111 2822 1181 2858 vo-

193 2872 437 2933 scondum,
480 2884 523 2927 et
558 2877 786 2944 pulcrum
825 2879 995 2938 oralia,
1051 2894 1182 2947 aspe-

191 2951 361 3012 ctuque
399 2947 696 3002 delectabile:
735 2959 778 3003 el
819 2952 930 3004 tulit
967 2952 1023 3004 de
1068 2954 1175 3020 fra

190 3025 271 3070 ctu
311 3018 482 3082 itlius,
549 3032 592 3074 et
649 3026 894 3086 comedit,
961 3026 1181 3093 deditque

190 3093 293 3143 viro
330 3108 441 3151 suo,
484 3098 571 3162 qui
609 3100 828 3151 comedit.
873 3099 1050 3167 ltaque
1099 3117 1182 3167 pa-

187 3171 362 3222 rentes
388 3170 547 3219 nostri
578 3186 697 3223 vere
727 3181 1026 3239 peccarunt,
1061 3175 1177 3241 quia

189 3245 363 3291 notam
403 3241 495 3292 sibi
541 3242 705 3308 legem
747 3247 972 3298 divinam
1020 3247 1177 3300 libere

191 3316 496 3379 transgressi
519 3323 656 3368 sumt
690 3318 746 3369 N
737 3335 794 3370 η·
800 3322 991 3373 ratione
987 3337 1048 3372 m
1075 3337 1180 3372 mo-

187 3387 377 3449 saicam
418 3388 481 3439 dc
522 3396 730 3456 peccato
760 3401 1175 3459 protoparentum

123 3508 126 3509 γ
187 3456 424 3513 nnnnutti
462 3461 758 3532 allegorice
817 3469 1174 3534 exponendam

228 3561 280 3606 (1,
301 3561 392 3598 Gen
416 3561 450 3603 3,
478 3562 513 3599 8

620 209 683 246 na·
719 209 814 246 neo
850 207 1210 270 1N=RttLATtONE
1249 209 1319 244 An
1345 206 1551 253 mannum
1588 176 1848 250 spaeram.
1897 225 1902 227 -
1943 223 1956 235 .

1269 304 1382 341 esse
1422 294 1761 352 censuerunt.
1785 285 1985 350 Contra
1994 286 2118 347 istos
2145 295 2285 361 pro-‘23

1269 362 1494 415 bandum
1510 369 1606 430 est,
1608 354 1966 428 narrationem
1985 335 2294 446 ῳόεᾶἰοαιῇἶ

1269 435 1331 488 de
1361 403 1778 507 protoparentum
1825 434 1971 521 lapsu
2011 451 2063 498 in
2102 449 2299 503 sensu

1270 509 1497 567 litterati
1506 510 1707 580 proprio
1733 511 1840 563 acci
1878 510 2082 563 iendam
2104 524 2236 562 esse.
2288 508 2308 555 ’ἕῖ

1342 584 1394 637 1.
1428 583 1579 636 quta
1615 583 1821 651 regulas
1846 526 2257 660 iilermeneuucas
2303 612 2316 634 ,-

1269 663 1392 711 tunc
1431 666 1630 712 tantum
1663 659 1713 710 in
1755 655 1810 728 S.
1853 655 2148 726 Scripturae
2168 673 2257 708 ex
2310 671 2311 675 ¹

1270 733 1514 798 positione
1555 749 1584 784 a
1623 747 1780 784 sensu
1820 730 2027 784 litterati
2055 730 2256 800 proprio

1270 806 1507 859 recedeie
1546 805 1684 868 li‚cet
1728 806 1770 859 si
1811 821 1877 858 ex
1919 805 2015 875 isto
2077 818 2200 873 ape1
2206 804 2256 861 ta
2299 773 2332 879 Ξ

1266 881 1498 949 sequitur
1535 880 1850 941 absurditaS‚
1885 887 1976 932 aut
2001 896 2044 932 st
2068 893 2256 931 sensus
2304 883 2332 932 {⁶

1267 954 1594 1039 impropriuS,
1638 953 1966 1021 allegoricus,
2009 953 2119 1005 sive
2143 967 2257 1021 my·
2299 972 2332 1039 &4

1265 1029 1423 1081 sticus
1463 1031 1512 1082 in
1555 1029 1654 1081 alio
1693 1028 1747 1080 S.
1793 1027 2090 1096 Scripturae
2143 1025 2253 1079 loco
2308 1070 2330 1092 ,2

1265 1101 1582 1187 indigitatur
1629 1102 1723 1155 Ast
1762 1110 2004 1155 neutrum
2056 1101 2253 1158 contin·

1263 1178 1337 1248 git
1376 1179 1425 1229 in
1471 1178 1764 1230 narratione
1799 1175 2018 1230 mosaica
2046 1175 2110 1228 de
2137 1183 2253 1244 pec·

1263 1258 1398 1312 cato¹
1419 1258 1874 1321 protoparentum3
1919 1250 2060 1309 nullo
2114 1249 2252 1309 euim

1264 1332 1411 1392 pacto
1450 1326 1657 1379 absurdi
1698 1325 1814 1394 quid
1857 1324 2025 1378 inilia
2052 1323 2250 1377 ostendi

1263 1406 1461 1464 potest:
1518 1416 1618 1451 non
1659 1415 1726 1451 ex
1769 1406 1910 1467 parte
1948 1397 2061 1460 Dei,
2104 1397 2251 1449 cuius

1264 1472 1347 1524 tex
1387 1474 1871 1530 convenientissima
1907 1472 2033 1535 fuit3
2063 1487 2158 1524 nec
2185 1487 2252 1522 ex

1263 1554 1406 1613 parte
1447 1547 1733 1605 hominum,
1776 1547 1860 1616 qui
1903 1551 2076 1613 utpote
2104 1545 2251 1599 liberi

1261 1627 1312 1671 et
1351 1620 1479 1673 finiti
1523 1621 1689 1688 legem
1730 1619 2017 1687 transgredi
2075 1626 2250 1687 potue-

1261 1703 1410 1759 runt3
1455 1711 1550 1747 nec
1589 1712 1653 1747 ex
1695 1702 1839 1763 parte
1877 1693 2131 1762 serpentis
2170 1710 2250 1748 se·
2311 1703 2315 1707 ’

1260 1768 1505 1832 ductoris,
1550 1770 1623 1821 uti
1665 1786 1731 1821 ex
1769 1768 1998 1837 sequenti
2041 1763 2246 1837 §appil-
2309 1789 2318 1830 ζ

1260 1843 1424 1904 rebit,
1494 1859 1589 1894 nec
1653 1859 1719 1895 ex
1785 1849 1927 1909 parte
1969 1856 2249 1908 poenarum⁴
2307 1860 2321 1899 χ

1260 1917 1706 1986 protoparentibus
1746 1916 2078 1977 inflictarum,
2121 1932 2245 1984 quo·
2312 1928 2321 1933 ¹

1260 1991 1394 2046 niam
1437 1994 1582 2043 iuxta
1622 1992 1780 2059 ipsius
1821 1991 2029 2043 rationis
2086 1989 2244 2043 dicta-

1258 2065 1416 2127 mina,
1454 2066 1727 2120 temeraria
1751 2065 1878 2131 legis
1907 2065 2243 2133 transgressio

1256 2156 1468 2206 poenam
1512 2145 1757 2192 meretur.
1809 2138 2077 2191 Praeterea
2131 2146 2242 2191 tan·
2297 2208 2306 2211 ,⁷

1256 2220 1363 2264 tum
1384 2214 1547 2273 abest,
1567 2213 1622 2266 S.
1641 2214 1959 2280 Scripturam
1988 2211 2106 2264 alibi
2128 2228 2245 2267 sen-⁷
2314 2281 2317 2283 ,

1252 2303 1366 2342 sum
1408 2288 1743 2356 improprium
1785 2304 1874 2339 seu
1904 2287 2240 2354 allegoricum
2305 2307 2308 2312 ·

1253 2362 1553 2429 indigitare,
1598 2369 1656 2414 ut
1708 2363 2004 2430 potiusnon
2059 2361 2239 2413 obscu-

1250 2452 1305 2486 za
1350 2435 1459 2488 loca
1487 2438 1538 2487 in
1587 2453 1646 2488 ea
1686 2437 2026 2504 reperiantur,
2051 2434 2103 2486 in
2132 2436 2240 2502 qui-

1250 2509 1343 2561 bus
1371 2511 1595 2562 narratio
1636 2510 1855 2561 mosaica
1897 2510 1948 2560 in
1981 2524 2133 2560 sensu
2157 2508 2237 2561 tit-

1250 2584 1391 2634 terati
1430 2585 1630 2651 proprio
1664 2584 1931 2651 accipitur.
1956 2581 2038 2634 Sic
2074 2581 2231 2652 Eccii.

1245 2655 1410 2718 XXV,
1443 2658 1511 2707 55
1553 2658 1775 2708 dieitur:
1818 2655 1860 2708 A
1912 2656 2114 2716 muliero
2135 2655 2234 2708 ini·

1247 2731 1368 2780 tiam
1405 2732 1592 2798 saccum
1632 2737 1699 2781 est
1732 2731 1939 2798 peccati,
1969 2738 2013 2781 el
2048 2743 2135 2798 per
2178 2729 2236 2781 il-

1245 2804 1344 2854 lam
1372 2821 1534 2856 omnes
1559 2806 1820 2855 morimur.
1860 2803 2048 2855 Paulus
2082 2803 2227 2856 Rom.

1246 2877 1306 2936 V,
1354 2878 1442 2938 49,
1486 2879 1628 2930 Adae
1670 2884 1934 2945 peccatum
1986 2879 2038 2930 in
2064 2878 2232 2945 specie

1243 2952 1617 3004 inobedientiam
1646 2959 1813 3012 vocat,
1832 2951 2034 3020 quaein
2069 2957 2231 3003 trans-

1242 3029 1502 3091 gressione
1544 3027 1671 3095 legis
1723 3025 2035 3094 prohibentis
2086 3023 2271 3076 iuxta(

1242 3103 1586 3154 narrationem
1629 3100 1900 3155 mosaicam
1940 3097 2229 3166 specialiter

1241 3175 1485 3225 occurrit.
1530 3173 1672 3225 ldem
1710 3173 1983 3241 Apostolus
2022 3170 2327 3235 -littera-:fff

1244 3247 1358 3299 liter
1395 3247 1685 3311 ,historiam
1749 3244 2144 3312 accipit,„du'm
2185 3242 2228 3310 ΙΙ

1241 3321 1355 3373 Cor.
1400 3319 1490 3381 IX,
1535 3321 1588 3380 5
1619 3316 2096 3387 scribit;‹Serpen,s·
2122 3316 2321 3388 Heffp'

1241 3410 1344 3447 tam
1400 3394 1595 3456 redum-u
1645 3395 1825 3459 astutia
1873 3408 1988 3445 sua.
2049 3391 2159 3467 ltaq

1240 3470 1393 3519 (tiam
1437 3469 1602 3518 notus
1615 3485 1644 3532 a
1679 3482 1840 3534 sensu
1872 3465 2094 3531 litterati
2098 3472 2253 3533 pirri
2249 3472 2302 3531 j}

1238 3542 1347 3611 puio
1387 3542 1626 3602 recedere
1667 3556 1785 3603 noti
1794 3521 1945 3598 licet.
2197 3547 2250 3570 ’·“

2292 3105 2304 3125 κ
2273 2804 2332 3091 Ψῇῌὲὗῖπκᾲξᾳνῒτῆ·
2279 2776 2305 2790 ξ
2279 2726 2294 2754 ³¹⁷
2281 2671 2307 2710 ’τυ
2266 2645 2282 2654 Ι
2306 2616 2318 2632 v
2300 2567 2303 2570 .
2299 2459 2305 2467 „
2297 2403 2313 2413 ¹.

2318 3082 2332 3086 i
2316 2985 2332 3025 nur
2319 2910 2332 2918 ι
2327 2890 2332 2897 .
2320 2848 2327 2850 ·
2328 2828 2332 2830 .
2328 2780 2332 2781 ,
2325 2683 2329 2687 -
