2332 3860
302 175 408 229 2498

217 278 296 324 sto
335 271 615 340 profectum
654 279 960 341 agnoscunt.
1005 272 1058 328 S.
1093 270 1211 334 Am-

219 346 410 400 brosius
439 344 515 419 (i)
540 348 646 400 ait:
681 368 707 398 «
739 347 999 411 Quomodo
1059 346 1209 418 profi-

218 421 384 475 ciebat
424 421 671 490 sapientia
697 422 786 475 Dei
815 423 913 475 2...
947 422 1123 477 doceat
1158 427 1209 473 te

219 494 341 548 ordo
382 496 691 558 verborumt
736 497 991 565 profectus
1021 506 1098 551 est
1124 512 1208 549 ae-

218 571 338 622 tatis
377 576 428 623 et
468 571 724 639 profectus
764 572 1064 639 sapientiae3
1098 572 1209 624 ideo

219 649 443 697 aetatem
482 645 764 714 praemisit,
809 653 865 697 ut
923 647 1206 700 secundum

219 718 478 772 hominem
519 720 756 772 crederes
795 720 1021 786 dictum3
1066 726 1208 774 aetas

218 793 355 846 enim
397 810 496 846 non
538 794 820 846 divinitatis
860 801 956 855 est,
992 796 1080 848 sed
1102 811 1210 848 cor-

218 869 384 938 poris3
427 884 548 936 ergo
588 869 629 919 si
689 868 982 935 proficiebat
1039 876 1207 923 aetate

217 942 456 1004 hominiS‚
489 941 783 1011 proficiebat
809 945 1091 996 secundum
1128 960 1209 996 sa-

218 1018 461 1087 pientiam
502 1016 782 1069 humanam
805 1035 820 1081 3
847 1019 1092 1085 sapientia
1122 1034 1208 1071 au-

191 1100 320 1147 .tem
361 1106 513 1144 sensu
555 1091 785 1159 profecit,
830 1093 946 1160 quia
985 1109 1015 1145 a
1052 1109 1203 1146 sensu

218 1166 287 1233 (id
317 1172 394 1219 est
413 1167 476 1218 ab
516 1166 853 1236 experientia)
881 1168 1145 1235 sapientia.
1177 1188 1202 1216 »

217 1240 275 1294 S.
312 1239 625 1309 Auquscinus
647 1237 726 1310 (⁰2)
755 1240 939 1308 inquit:
975 1262 1001 1291 «
1035 1242 1086 1293 ln
1112 1243 1206 1294 hac

216 1316 377 1368 forma
419 1313 686 1386 (humana)
715 1315 996 1368 secundum
1039 1316 1205 1368 Evan-

216 1390 406 1458 gelium
426 1388 674 1456 sapientia
696 1389 927 1441 etstudio
944 1391 1200 1456 profecit.»

216 1464 407 1516 Similia
430 1461 655 1515 hahet-S.
689 1461 902 1530 Cyrillus
927 1464 1065 1516 Alea).
1103 1464 1200 1534 (5),

223 1539 274 1592 V.
290 1538 425 1591 Beda
447 1544 496 1588 et
522 1536 561 1588 T
561 1537 885 1604 heophilactus
902 1536 995 1608 (li).
1018 1539 1067 1592 S.
1089 1539 1206 1591 Tko-

215 1629 318 1664 mas
339 1613 570 1680 allegans
592 1612 747 1664 verba
777 1611 961 1664 Lucae:
986 1614 1205 1682 proficie-

217 1687 293 1740 bat
313 1686 566 1757 Sapientia
587 1692 685 1738 etc.
708 1686 803 1756 (5),
829 1688 1023 1739 scribit:
1053 1709 1078 1735 «
1105 1688 1204 1739 Hu-

217 1778 366 1814 mana
408 1761 654 1828 sapientia
685 1768 788 1821 est,
822 1777 950 1829 quae
978 1761 1202 1814 humano

216 1836 364 1890 modo
403 1836 706 1904 acquiritur,
750 1835 944 1888 scilicet
985 1852 1073 1905 per
1127 1837 1201 1888 lu-

215 1927 332 1963 men
395 1910 687 1962 intellectus
757 1911 956 1974 agentis
995 1929 1011 1975 3
1081 1927 1202 1978 ergo

215 1985 445 2037 Christus
472 1983 752 2036 secundum
778 1982 910 2036 hanc
936 1986 1201 2037 scientiam

215 2060 445 2128 profecit.
509 2077 535 2106 ι)
592 2057 721 2117 Nam
759 2058 830 2109 ait
870 2059 1054 2114 ibidem
1098 2058 1194 2129 (6):

218 2153 243 2182 «ι
275 2141 378 2186 tam
409 2132 618 2186 scientia
649 2132 812 2184 infusa
834 2135 1035 2185 animae
1062 2132 1201 2185 Chri-

213 2208 297 2268 sti,
341 2222 494 2276 quam
534 2207 746 2259 scientia
788 2207 934 2259 beata
976 2208 1070 2260 fuit
1134 2209 1200 2260 ef-

214 2283 375 2335 fectus
406 2282 606 2349 agentis
670 2280 899 2333 infinitae
963 2283 1194 2344 virtutiS,

212 2358 295 2426 qui
339 2363 504 2425 potest
542 2354 692 2407 simul
754 2362 916 2408 totum
976 2358 1192 2424 operari,

212 2437 262 2484 et
301 2431 368 2483 ita
410 2430 461 2482 in
503 2437 682 2481 neutra
724 2430 935 2482 scientia
969 2430 1198 2484 Christus

211 2505 442 2573 profecit,
485 2504 574 2557 sed
613 2520 640 2555 a
684 2506 927 2572 principio
949 2521 1061 2557 eam
1090 2522 1199 2574 per-

210 2580 394 2632 fectam
435 2578 628 2632 habuit.
673 2577 770 2630 Sed
835 2581 1045 2632 scientia
1113 2597 1196 2633 ac-

210 2655 393 2723 quisita
433 2659 675 2706 causatur
714 2653 777 2705 ab
827 2654 1089 2708 intellectu
1143 2671 1197 2707 a·

209 2735 381 2796 gente,
424 2729 509 2797 qui
552 2743 650 2779 non
692 2727 840 2779 simul
883 2734 1045 2781 totum
1084 2745 1196 2797 ope-

211 2810 373 2862 ratur,
414 2802 501 2855 sed
568 2803 901 2867 successive3
969 2810 1021 2855 et
1084 2804 1194 2856 ideo

210 2877 488 2929 seeundum
533 2876 663 2929 hanc
725 2877 989 2929 scientiam
1054 2876 1192 2930 Chri·

209 2957 317 3003 stus
360 2967 454 3002 non
496 2967 524 3003 a
556 2951 798 3019 principio
826 2952 973 3003 scivit
999 2953 1187 3011 omnia,

208 3025 295 3077 scd
339 3025 580 3092 paulatim
621 3031 670 3078 et
701 3033 805 3094 post
837 3025 1037 3094 aliquod
1070 3034 1193 3078 tem-

211 3114 303 3166 pus
341 3099 535 3151 scilicet
581 3101 628 3151 in
698 3100 915 3167 perfecta
981 3108 1186 3166 aetate3

207 3172 338 3242 quod
383 3179 518 3238 patet
557 3189 618 3224 ex
661 3172 776 3233 hoc,
826 3173 958 3242 quod
1027 3174 1190 3227 Evan-

207 3246 387 3316 gelista
429 3246 577 3296 simul
609 3247 747 3307 dicit,
779 3263 893 3300 eum
922 3249 1187 3315 profecisse.

207 3319 417 3374 scientia
438 3324 489 3371 et
514 3326 698 3373 aetate.
729 3341 755 3371 ι)
783 3322 1033 3375 -Hehr.
1054 3325 1106 3386 5,
1130 3324 1183 3384 8,
1249 3319 1432 3370 Christi
1474 3326 1593 3371 sunt
1635 3334 1785 3371 verae
1824 3321 2050 3370 actiones
2076 3317 2272 3400 Ve3rbi

252 3476 405 3522 (1)1.÷h.
427 3477 472 3510 de
493 3477 634 3510 lncarn.
658 3485 723 3520 cap
761 3477 793 3512 7.

250 3522 302 3566 (Ξ)
326 3525 427 3556 serm
465 3520 497 3559 5,
524 3522 567 3555 de
591 3522 721 3556 div-eis.

249 3567 302 3607 (3)
326 3567 391 3602 Lib
430 3565 486 3607 10,
511 3566 682 3603 Thes-aur
707 3565 843 3607 cap-'1-

654 193 715 230 DE
755 192 846 230 ΠΕΟ
884 191 1018 231 LAPSI
1055 192 1240 231 HUMANt
1277 190 1479 231 cssszs
1515 193 1850 235 REDEMPTORE.

1271 273 1495 326 diciturft
1556 273 1682 337 Cum
1732 282 1850 328 esset
1905 275 2071 330 Filius
2125 277 2218 340 Dei
2239 319 2254 343 ,

1271 347 1438 400 didicit
1475 364 1537 408 ex
1580 350 1668 407 eis,
1717 365 1843 419 quae
1870 367 2046 419 pas-sus
2095 360 2164 405 est
2211 368 2260 408 o·

1272 421 1579 476 bedientiam.
1622 423 1722 487 Qui
1766 424 1905 477 locus
1956 425 2259 495 intelligitur
2311 452 2313 454 ·

1271 496 1333 548 de
1373 497 1587 550 scientia
1631 499 2024 567 experimentali
2090 495 2302 571 acqui-⁴

1270 570 1388 629 sita,
1431 586 1529 639 qua
1569 573 1771 640 proprio
1811 575 2163 642 experimento
2191 577 2261 629 di·
2294 570 2299 573 ’

1273 644 1414 706 dicit,
1457 661 1611 714 quam
1642 646 1862 700 arduum
1900 655 2036 700 esset
2074 651 2259 718 exequi

1270 734 1399 787 quae
1421 718 1558 771 Deus
1598 720 1661 772 ab
1701 737 1759 772 eo
1790 722 2109 789 postulabat3
2142 724 2261 778 licet

1270 794 1406 845 enim
1449 793 1580 846 hanc
1620 794 1926 848 arduitatem
1966 796 2067 848 iam
2107 807 2259 851 antea

1272 869 1471 920 noverit
1511 884 1600 936 per
1638 869 1906 921 scientiam
1943 869 2169 924 divinam
2207 882 2259 927 et

1268 942 1514 1002 infusam,
1547 943 1772 995 nondum
1797 950 1966 998 tamen
1989 960 2258 1012 cognosce-

1270 1016 1356 1069 bat
1395 1018 1711 1083 experientia
1742 1019 1962 1085 propria,
1993 1034 2092 1088 qua
2119 1029 2257 1075 certe

1270 1107 1367 1143 non
1391 1091 1685 1143 excluditur
1712 1093 1921 1144 scientia
1942 1099 2032 1146 aut
2058 1094 2251 1158 divina,

1267 1172 1356 1218 aut
1385 1165 1638 1227 beatifica,
1681 1173 1771 1219 aut
1812 1167 1996 1219 infusa.

1340 1239 1615 1292 Scientiam
1667 1241 1967 1309 acquisitam
2021 1242 2072 1294 in
2110 1241 2255 1296 Chri-

1267 1320 1344 1366 sto
1385 1314 1533 1381 longe
1582 1315 1932 1383 perfectiorem
1996 1321 2046 1367 et
2085 1318 2254 1370 excel·
2312 1330 2323 1337 “

1268 1388 1535 1440 lentiorem
1561 1429 1572 1450 ‚
1624 1405 1776 1457 quam
1824 1390 1875 1440 in
1915 1392 2130 1443 caeteris
2170 1391 2252 1444 ho-

1269 1464 1487 1514 minibus
1548 1463 1734 1523 fuisse,
1794 1479 1979 1530 graves
2032 1465 2254 1519 rationes

1266 1538 1559 1589 ostendunt.
1592 1536 1833 1589 Homines
1865 1538 1999 1590 enim
2028 1554 2253 1593 commu-

1268 1612 1399 1663 niter
1440 1611 1690 1680 loquendo
1733 1611 1960 1678 pluribus
1999 1615 2148 1665 annis
2181 1616 2248 1667 in·

1266 1686 1458 1752 digent,
1505 1693 1561 1736 ut
1602 1686 1880 1753 perfectum
1922 1688 2131 1739 rationis
2195 1705 2251 1742 u-

1265 1776 1379 1811 sum
1419 1767 1817 1828 consequantur.
1871 1758 2102 1814 Christus
2165 1779 2253 1816 au·
2329 1815 2332 1818 .

1265 1842 1367 1885 tem
1407 1851 1436 1885 a
1478 1836 1637 1902 primo
1677 1835 1885 1886 instanti
1907 1837 2251 1904 conceptionis
2314 1849 2331 1890 f

1266 1908 1441 1960 habuit
1481 1925 1630 1960 usum
1672 1910 1879 1961 rationis
1937 1916 1986 1961 et
2050 1911 2249 1965 intelle-
2312 1910 2332 1983 ’ὲ

1263 1985 1483 2035 ctionem
1526 1983 1822 2036 humanam.
1856 1983 2096 2036 Homines
2131 2002 2252 2055 qua·
2306 1984 2332 2052 {ssi

1263 2073 1480 2126 cumque
1527 2060 1802 2126 sagacitate
1869 2059 2079 2126 praediti
2144 2063 2251 2114 suis

1265 2132 1454 2184 viribus
1501 2132 1661 2184 relicti
1726 2134 1981 2184 erroribus
2044 2134 2247 2187 obnoxii
2306 2144 2332 2261 i

1261 2213 1399 2267 sunt,
1445 2222 1533 2273 per
1571 2222 1753 2258 sensus
1800 2206 1900 2258 falli
1943 2217 1994 2259 et
2032 2209 2080 2259 in
2125 2210 2249 2261 iudi·
2307 2223 2319 2262 ,⁴⁴

1261 2281 1349 2331 ciis
1389 2282 1494 2332 suis
1532 2296 1560 2331 a
1590 2284 1804 2333 veritate
1833 2280 2102 2334 deflectere
2140 2300 2227 2351 pos
2315 2294 2318 2297 “

1261 2362 1397 2406 sunt.
1460 2353 1691 2406 Christus
1748 2361 1920 2408 autem
1982 2357 2133 2408 etiam
2192 2363 2246 2411 ut
2312 2410 2316 2414 .

1262 2428 1410 2481 homo
1452 2445 1550 2480 non
1594 2430 1755 2496 potuit
1794 2445 1964 2481 errare
1986 2437 2037 2481 et
2057 2431 2239 2499 decipi,

1259 2510 1412 2571 atque
1452 2504 1560 2554 eius
1599 2504 1808 2556 scientia
1849 2504 2094 2572 acquisita
2142 2521 2241 2558 non
2301 2523 2306 2532 ·

1263 2579 1422 2645 potuit
1464 2593 1573 2629 esse
1617 2578 1755 2630 falsa.
1802 2577 1854 2628 ld
1896 2594 1962 2629 ex
2016 2580 2121 2644 ipsa
2190 2594 2243 2631 u·
2291 2575 2294 2579 ’

1258 2653 1406 2703 nione
1441 2651 1759 2720 hypostatica
1793 2652 2110 2704 inferendum
2141 2661 2235 2706 est.
2301 2660 2306 2662 ’

1263 2725 1482 2778 Verbum
1523 2726 1657 2777 enim
1701 2726 1821 2777 nihil
1864 2726 2132 2779 admittere
2162 2744 2243 2794 po·
2302 2750 2304 2755 ·

1257 2802 1350 2852 tuit
1390 2802 1439 2852 in
1482 2807 1662 2852 natura
1685 2808 1961 2868 assumpta,
1987 2803 2077 2852 nisi
2107 2801 2238 2870 quod

1255 2880 1386 2927 esset
1428 2875 1694 2926 honestum
1726 2875 1803 2926 vel
1836 2875 1896 2925 ad
1924 2876 2238 2928 honestatem
2292 2879 2297 2892 ‘

1254 2949 1541 3013 conferret3
1584 2964 1725 3001 error
1763 2956 1934 3001 autem
1967 2965 2129 3017 neque
2159 2966 2237 3001 ra·
2284 2943 2290 2981 ’ἶ

1257 3025 1441 3075 tionem
1482 3022 1679 3075 honesti
1724 3023 1894 3083 habet,
1942 3031 2035 3075 nec
2062 3024 2124 3075 ad
2150 3023 2238 3074 ho·
2279 3043 2281 3047 ·

1255 3105 1500 3149 aestatem
1542 3097 1754 3156 confert,
1797 3102 1848 3148 et
1888 3096 1997 3148 ideo
2038 3097 2087 3149 in
2151 3113 2238 3148 na·

1254 3178 1361 3222 tura
1405 3170 1590 3223 Christi
1635 3171 1855 3223 humana
1897 3171 2091 3222 admitti
2133 3186 2231 3223 non
2276 3235 2281 3241 ff

1253 3245 1430 3314 potuit
1478 3245 1600 3296 Dein
1641 3247 1867 3297 actiones
1905 3245 2234 3296 humanitatis
2278 3294 2279 3298 ,

1249 3400 1300 3446 et
1337 3393 1625 3459 suppositi3
1690 3400 1842 3461 atque
1901 3391 2011 3444 ideo
2077 3381 2252 3446 etiam

1291 3522 1614 3588 (4)1nh11ue.

1447 3563 1541 3594 ·Ἀθ·-
1561 3572 1627 3602 art.
1654 3566 1687 3602 2.
1959 3565 2010 3609 (6)
2034 3566 2085 3601 Ad
2108 3564 2143 3603 2.
