2332 3860
14 28 15 31 ¹
55 0 118 62 ..ἐξ

51 49 107 76 ,ἦκ’-

64 81 70 89 k
83 87 104 114 --⁵
110 88 113 89 γ
167 106 171 113 ι

62 114 82 135 ,Δ

533 150 545 177 ·
735 161 860 201 :mas
895 160 950 200 ιι.
993 160 1160 200 suario
1196 162 1235 200 1.
1279 142 1436 200 aanor
1469 160 1544 199 ιιι.

2005 143 2115 202 253

145 246 233 303 soit
254 257 381 314 quae
415 247 534 295 sunt
563 240 795 304 hominis,
853 243 955 296 nisi
983 242 1131 311 spiri·
1196 245 1247 304 1,
1284 238 1390 295 122
1428 230 1660 309 laquem
1703 239 1980 294 desiderant
2010 242 2185 312 Anqolt

148 327 242 373 tus:
275 315 500 374 hominis,
539 315 633 384 qui
658 316 712 368 in
738 317 843 385 ipso
863 316 971 370 est?
994 317 1064 369 ita
1089 324 1132 368 et

146 407 267 461 quae
310 389 553 450 Deisum,
594 405 733 442 nemo
772 393 1009 457 coynovit,
1033 391 1132 442 nisi

145 463 480 533 spiritus'Dei
514 461 614 534 (l).
646 463 778 516 Hinc
815 463 869 517 S.
909 462 1130 531 Chryso-

144 547 325 593 slomus
364 534 440 608 (Ξ)
487 536 597 589 fuse
637 538 881 600 ostendit,
925 553 1016 606 per
1064 535 1131 589 A·

64 632 67 635 ·
148 612 364 679 postolos
402 627 592 663 arcana
630 610 802 663 divina
842 613 1131 679 aperientes

116 684 459 739 ‘illuminatos
496 685 651 736 fuisse
703 685 1018 753 principatus
1081 691 1131 736 et

145 763 440 828 potestates,
485 758 580 811 hoc
606 765 705 821 est,
735 774 1003 827 supremos
1036 762 1133 809 An-

142 832 371 900 gelorum
412 832 637 894 ordineS,
681 840 732 885 et
771 850 858 894 ea,
883 848 1015 900 quae
1044 832 1131 883 lia·

141 913 319 959 etenus
337 907 662 973 ignorabant,
681 908 745 959 ab
763 907 862 958 illis
880 907 1129 958 didicisse.

214 979 363 1032 Nota.
415 981 658 1047 Magnum
723 980 943 1032 hominis
1010 997 1131 1047 prae

142 1054 357 1107 caeteris
395 1055 742 1107 animantibus
808 1053 1132 1123 privilegium

142 1134 239 1189 est,
282 1129 415 1198 quod
455 1136 733 1198 conceptus
772 1146 892 1180 suos
922 1128 1131 1180 manife-

142 1209 298 1263 stare,
342 1219 432 1254 seu
474 1202 611 1271 loqui
654 1203 827 1271 possit.
872 1202 995 1265 Quis
1030 1204 1132 1253 iam

141 1292 297 1329 sanae
339 1278 522 1328 mentis
550 1276 651 1329 tale
675 1277 998 1344 privilegium
1027 1276 1132 1328 An-

141 1351 270 1417 gelis
297 1350 591 1418 denegabit,
623 1353 705 1419 qui
730 1350 994 1402 intellectu
1022 1366 1134 1418 per·

43 1475 51 1482 ,
141 1425 403 1492 spicaciori
444 1424 715 1491 gaudent?
751 1425 861 1493 lpsa
899 1424 953 1476 S.
998 1424 1132 1476 Scri-

25 1532 50 1572 j
144 1507 294 1566 ptura
334 1498 546 1566 Angelis
579 1498 818 1563 linquam,
873 1515 962 1550 seu
1006 1498 1134 1550 loca-

22 1573 50 1595 *
145 1573 319 1624 tionem
346 1573 595 1624 attribuit,
642 1572 705 1624 Et
743 1589 867 1625 sane
908 1573 1133 1639 Angelos

144 1647 279 1698 inter
318 1662 371 1697 se
418 1646 634 1714 colloqui
677 1652 817 1713 patet
855 1663 919 1698 ex
968 1647 1128 1698 lsaia:

43 1742 46 1750 ·
144 1718 430 1772 Clamabant
481 1719 606 1771 alter
631 1721 694 1771 ad
726 1721 964 1772 alterum:
1010 1720 1135 1772 San-

144 1803 246 1846 ctus
273 1801 376 1845 etc.
410 1791 503 1862 (5).
537 1793 727 1845 Paulus
743 1796 840 1846 ait:
871 1795 923 1846 Si
951 1795 1134 1862 linquis

148 1868 397 1920 hominum
419 1867 592 1934 loquar
626 1876 668 1919 ce
707 1866 1007 1935 Anqelorum
1030 1875 1128 1919 etc.

28 1931 30 1933 ’
63 1992 66 1994 ,
122 1937 242 2012 ’(Ιι),
272 1942 364 1992 lioc
392 1949 488 2000 est.
532 1944 602 1994 ait
641 1940 698 1995 S.
743 1942 1130 2011 Chrysoscomas:

152 2016 451 2078 «Quamvis
491 2016 560 2068 ita
602 2015 780 2084 loquar
839 2024 895 2069 ut
952 2018 1132 2084 Angeli

149 2090 281 2142 inter
318 2107 371 2142 se
411 2089 773 2158 colloquuntur
800 2097 853 2142 et
885 2091 1136 2159 quomodo

168 2170 282 2216 nter
320 2180 374 2215 se
414 2164 692 2224 disserunt,
738 2173 788 2217 et
827 2165 992 2217 Deum
1030 2166 1138 2234 lau-

150 2238 294 2290 dant.
331 2258 357 2287 »
387 2237 578 2289 Eodem
607 2239 754 2291 modo
776 2242 988 2307 exponit
1011 2240 1138 2291 haec

151 2313 307 2364 verba
352 2311 693 2364 Theodoram&
743 2313 893 2366 Iudas
946 2315 996 2365 in
1043 2330 1136 2365 sua

152 2385 364 2452 epistola
406 2402 455 2437 v.
500 2385 552 2445 9,
592 2386 746 2439 dicit:
778 2386 902 2439 Cum
930 2388 1140 2440 Michae'l

150 2458 482 2527 Archanqelus
508 2475 618 2511 cum
658 2460 844 2513 diabolo
889 2462 1138 2529 disputans

151 2533 472 2585 altercaretur
510 2533 565 2585 de
585 2535 748 2603 Moysi
770 2551 965 2602 corpore
984 2536 1134 2587 dixit:

23 2633 57 2652 »-
152 2608 350 2674 imperet
408 2607 494 2658 tibi
533 2607 791 2660 Dominus,
836 2609 913 2660 Ex
973 2609 1049 2660 liis
1089 2617 1140 2661 et

153 2679 403 2732 similibus
444 2681 567 2733 locis
605 2683 702 2734 iam
746 2683 1009 2751 Dionysius
1038 2681 1135 2754 (ὃ),

155 2751 420 2821 Greqorius
453 2754 526 2806 M.
561 2754 656 2824 (6).
683 2756 756 2808 Io.
803 2757 1027 2808 Damaso.
1062 2757 1137 2827 (7)

154 2836 206 2880 et
261 2827 345 2879 alii
388 2834 525 2879 recte
565 2829 872 2891 intulerunt,
916 2831 1140 2897 Angelos

155 2901 286 2953 inter
324 2918 378 2954 se
419 2901 659 2970 colloqui,
712 2919 802 2955 seu
863 2911 1140 2972 conceptus

14 2979 15 2982 ’
79 3011 82 3014 >
154 2989 274 3028 suos
311 2975 405 3028 sibi
445 2975 667 3028 invicem
715 2978 1063 3031 manifestare.

21 3142 42 3175 ,¹-

11 3206 38 3242 l&

5 3324 44 3351 k

0 3357 29 3397 :t

6 3406 50 3452 ξι.
63 3415 69 3421 ‘

6 3455 43 3515 {⁸³

0 3605 65 3860 ἱ

552 3096 590 3156 g
627 3098 756 3144 uz.

337 3187 402 3224 111.
427 3189 479 3224 De
503 3187 690 3224 voluntate
715 3189 950 3232 Angelorum.

212 3265 434 3325 -Gertum
467 3279 564 3333 est,
597 3271 810 3340 Angelis
849 3273 1018 3325 inesse
1060 3288 1144 3324 vo-

157 3339 445 3410 luntatem3
513 3346 699 3399 dicitur
761 3347 899 3399 enim
940 3346 958 3398 1
1001 3346 1136 3399 Petr.

201 3466 254 3512 (ί)
275 3470 291 3503 1
312 3470 394 3506 Cor.
414 3470 448 3514 2,
472 3473 526 3511 11.

200 3511 322 3557 (³)1s.
347 3514 384 3558 ο,
406 3516 440 3552 ³.
652 3474 709 3518 (θ)
729 3474 773 3509 ¹¹¹
796 3475 885 3519 Epa.
912 3473 947 3516 a,
970 3473 993 3510 s
1015 3479 1083 3510 etc.

657 3517 710 3563 (t)
728 3518 748 3554 1
767 3517 850 3555 Cor.
874 3516 934 3562 18,
961 3518 992 3555 1.

1187 315 1486 385 prospicere;
1508 314 1822 375 desiderium
1842 320 2015 368 autem
2038 324 2188 370 actus

1193 397 1271 442 est
1312 389 1610 441 voluntatis.
1658 388 1930 441 Praeterea
1976 387 2190 458 Angelis

1195 463 1236 516 ll
1277 463 1413 516 Petr.
1454 461 1518 524 11,
1563 464 1595 514 li
1636 469 1688 516 et
1733 462 1875 523 alibi,
1921 469 2190 530 peccatum

1193 537 1519 597 adscribitur,
1552 535 1686 605 quod
1712 542 1792 589 est
1832 535 1992 589 libera
2022 542 2189 589 trans·

1192 613 1385 679 gressio
1437 610 1582 675 legiS.
1638 610 1870 663 Dubitari
1911 625 2034 676 ergo
2088 625 2188 662 non

1196 691 1391 752 potest,
1435 682 1662 751 Angelos
1702 685 1772 736 ita
1830 700 1860 736 a
1900 683 2007 736 Deo
2070 698 2189 736 con-

1193 759 1323 810 ditos
1356 774 1489 818 esse,
1519 764 1573 810 ut
1596 757 1756 810 libera
1775 758 2043 810 voluntate
2064 772 2189 826 gau-

1193 831 1393 884 derent.
1460 831 1576 883 ldeo
1627 829 1685 884 S.
1744 833 2059 899 Auqastinus
2111 830 2189 901 (8)

1193 906 1297 958 ait:
1346 925 1372 954 «
1402 904 1497 968 Qui
1550 904 1731 975 (Deus)
1786 906 2006 958 liberum
2052 906 2191 957 arbi-

1194 980 1349 1031 trium
1391 980 1557 1031 eidem
1600 986 1815 1031 naturae
1850 978 2191 1032 intellectuali

1195 1054 1372 1106 tribuit
1412 1054 1535 1114 tale,
1569 1060 1645 1114 ut,
1690 1054 1731 1106 si
1771 1053 1932 1106 vellet
1951 1052 2191 1105 deserere

1196 1127 1379 1189 Deum,
1424 1129 1667 1180 continuo
1710 1128 1915 1180 miseria
1955 1132 2090 1179 esset
2117 1142 2192 1179 se·

1194 1208 1397 1254 cutura.
1433 1221 1458 1250 »
1491 1201 1631 1253 ldem
1671 1202 1858 1254 docent
1883 1200 1936 1254 S.
1969 1200 2192 1253 Basilius

1195 1274 1292 1345 (9),
1318 1275 1371 1328 S.
1395 1273 1662 1342 Greqorius
1681 1275 1820 1329 Naz.
1844 1273 1981 1345 (io),
2002 1282 2054 1327 et
2078 1275 2186 1327 alii.

1194 1348 1251 1401 S.
1322 1350 1394 1401 Ιο.
1448 1349 1778 1401 Damascenus
1823 1346 1936 1421 (Η)
1983 1349 2187 1401 scribit:

1200 1442 1222 1471 «
1257 1422 1345 1475 Est
1384 1422 1615 1492 Angelus
1654 1431 1839 1476 natura
1878 1439 1971 1475 sua
2010 1420 2195 1475 intelli-

1194 1513 1340 1565 genS‚
1374 1499 1570 1550 arbitrii
1605 1497 1840 1551 libertate
1869 1496 2187 1566 praeditus..

1195 1572 1435 1639 quoniam
1475 1572 1523 1622 id
1567 1587 1750 1634 omne,
1794 1571 1929 1641 quod
1994 1572 2193 1624 ratione

1198 1647 1378 1705 utitur,
1411 1646 1647 1698 libertate
1672 1662 1874 1715 quoque
1903 1645 2191 1713 praeditum

1196 1725 1291 1771 est.
1328 1739 1354 1768 »
1387 1719 1449 1771 Et
1487 1735 1614 1771 sane
1655 1719 1864 1772 libertas
1902 1724 2102 1787 spectat
2127 1718 2193 1771 ad

1199 1794 1560 1860 perfectionem
1577 1801 1790 1846 naturae
1808 1793 2192 1860 intellectualiS‚

1196 1867 1420 1935 alioquin
1483 1866 1588 1918 Deo
1635 1883 1748 1919 ·non
1799 1869 2026 1920 inesset:
2070 1883 2192 1934 ergo

1199 1948 1381 1992 natura
1424 1941 1789 1994 intellectualis
1828 1941 1951 1994 Deo·
1976 1942 2191 1993 vicinior

1198 2022 1247 2067 et
1271 2016 1616 2084 propinquior,
1649 2015 1815 2084 qualis
1834 2022 1912 2068 est
1932 2015 2189 2082 angelica,

1199 2090 1433 2142 libertate
1474 2091 1699 2142 maxime
1739 2090 1966 2156 gaudere
2016 2089 2186 2141 debet.

1198 2162 1338 2215 lnter
1387 2163 1649 2216 naturales
1696 2163 2013 2230 Angelorum
2049 2163 2194 2215 dotes

1199 2238 1353 2290 etiam
1394 2237 1609 2291 liberam
1650 2238 1970 2290 voluntatem
2012 2253 2193 2290 nume-

1201 2312 1411 2364 randam
1466 2327 1599 2373 esse,
1654 2311 1938 2364 clarissime
1997 2311 2193 2379 patebit

1199 2401 1265 2437 ex
1304 2387 1384 2446 iis,
1427 2402 1558 2454 quae
1597 2385 1809 2437 inferius
1848 2386 2115 2438 demerito
2142 2391 2195 2437 et

1203 2460 1427 2526 praemio
1467 2458 1784 2526 Angelorum
1824 2460 2097 2520 bonorum,
2141 2465 2194 2511 et

1201 2534 1263 2585 de
1306 2542 1514 2600 peccato
1554 2549 1615 2585 ac
1655 2549 1814 2599 poena
1873 2533 2193 2601 Angelorum

1202 2607 1452 2659 malorum
1494 2608 1750 2659 dicentur.

1274 2681 1423 2732 Nota.
1469 2679 1768 2734 Scholastici
1809 2696 1990 2733 omnes
2014 2679 2197 2734 admit-

1203 2762 1336 2817 tunt,
1370 2756 1596 2823 Angelos
1616 2757 1665 2807 in
1690 2755 1940 2807 electione
1962 2755 2194 2807 facienda

1205 2831 1250 2881 vi
1296 2835 1509 2881 naturae
1549 2845 1674 2881 suae
1702 2828 1889 2881 liberos
1914 2844 2046 2881 esse.
2078 2827 2189 2881 Non

1202 2905 1535 2956 consentiunt
1572 2910 1768 2959 autem,
1824 2918 1943 2955 cum
1993 2904 2198 2972 quaeri-

1204 2984 1307 3038 tur,
1352 2993 1475 3028 num
1518 2983 1628 3046 post
1667 2978 1856 3028 factam·
1889 2976 2195 3030 electionem

1205 3051 1523 3103 voluntatem
1563 3066 1710 3101 suam
1745 3058 1947 3103 mutare
1976 3051 2192 3118 possint,

1203 3140 1269 3177 an
1311 3141 1431 3177 non.
1468 3124 1519 3178 S.
1553 3123 1757 3177 Thomas
1785 3122 1899 3195 (12)
1927 3125 2025 3178 ait:
2063 3144 2087 3174 «
2119 3123 2193 3176 Li·

1247 3296 1417 3341 (5)c.·1.
1451 3297 1547 3350 coer.
1571 3289 1664 3336 Μετ’.
1703 3284 1724 3309 ·’
1756 3282 1807 3347 (a)
1831 3301 1869 3336 1..
1904 3300 1927 3338 ε
1964 3280 2113 3338 morse.
2138 3299 2171 3336 s.

1250 3341 1297 3382 (7)
1324 3343 1361 3375 L.
1387 3342 1410 3376 2
1433 3343 1478 3377 de
1501 3344 1587 3378 Fide
1609 3354 1641 3379 c.
1667 3343 1700 3379 3.

1263 3385 1298 3429 8)
1324 3387 1362 3420 L.
1388 3386 1432 3421 22
1453 3388 1499 3421 de
1521 3387 1599 3423 aiv.
1624 3388 1688 3423 nei
1709 3396 1742 3425 c.
1769 3388 1801 3426 ι.

1262 3429 1404 3516 ἷόἶόιῖ.
1431 3431 1522 3509 {tffp'
1537 3433 1572 3467 ὃ·
1586 3440 1618 3468 ‘⁵'
1635 3432 1692 3468 ω’
1733 3475 1808 3522 (ιι)
1832 3476 1871 3514 ι..
1885 3447 1918 3512 ι’
1933 3476 1979 3513 «ie
1994 3474 2134 3526 rid-2⁴0.
2159 3475 2196 3514 8.

1247 3516 1318 3562 (Π)
1343 3518 1376 3561 l,
1400 3527 1437 3563 q.
1461 3519 1518 3564 et,
1540 3524 1610 3557 nrt.
1635 3517 1669 3556 1.
2157 3542 2160 3545 -
