2332 3860
268 139 340 191 92

877 155 941 191 DE
978 154 1072 193 DEO
1110 154 1160 190 ΙΝ
1197 154 1253 191 SE
1290 152 1549 195 specum.

194 235 385 288 debent
424 232 698 288 admittere
723 233 979 289 infinitam
1003 241 1196 302 tempo·
1256 243 1613 289 creaturarum
1677 236 1950 291 Dominum
1991 238 2089 291 hac
2126 214 2244 292 cdn-
2283 282 2297 294 ,

193 310 265 362 ris
288 309 688 371 successionem,
715 324 846 377 quae
871 315 1050 376 aperte
1077 323 1195 360 con-

197 383 494 439 tradictoria
528 389 627 438 est:
671 383 712 434 si
754 389 928 434 autem
962 397 1053 450 pro
1087 388 1193 434 toto

196 457 440 510 universo
480 457 687 510 initium
724 462 995 517 statuunt,
1039 454 1192 508 huius

198 531 451 584 rationem
519 528 861 583 sufficientem
926 529 1191 596 assignare

195 610 483 674 nequeunt,
516 610 567 655 et-
596 603 911 671 ineplissime
953 602 1017 654 ad
1042 602 1194 654 nihil-

195 694 283 731 um
346 684 642 739 recurrunt,
675 677 830 743 quod,
865 692 983 728 cum
1011 678 1077 728 sit
1107 692 1193 728 ne-

195 753 334 820 gatio
375 767 563 804 causae
596 791 608 812 ‚
652 751 866 802 eftectus
908 750 1191 817 producere

196 826 394 894 nequit.
439 825 588 877 Ratio
635 840 759 892 ergo
799 822 1057 876 sufficiens
1097 824 1193 875 hu·

194 901 273 952 ius
321 899 547 951 universi
591 914 691 950 non
735 904 902 965 potest
941 913 1053 950 esse
1094 898 1189 949 nisi

195 989 290 1026 ens
327 990 357 1025 a
398 989 473 1034 se,
518 972 662 1024 initio
702 987 905 1032 carenS‚
950 987 1039 1023 seu
1069 987 1190 1022 vere

196 1054 489 1108 aeternum,
522 1052 573 1097 et
601 1061 690 1113 per
717 1061 1038 1114 consequens
1068 1051 1193 1097 tem-

198 1121 335 1189 poris
385 1121 698 1173 successioni
740 1135 839 1171 non
881 1119 1189 1185 subiectum,

193 1194 394 1247 acideo
434 1194 498 1246 ab
539 1194 634 1245 hoc
673 1195 933 1253 universm
978 1192 1109 1260 quod
1139 1194 1189 1243 in

196 1276 430 1336 tempore
457 1267 652 1329 existit,
686 1267 836 1335 plane
864 1267 1185 1319 distinctum.

198 1340 430 1410 Denique
469 1341 703 1393 nonnulli
731 1340 1057 1393 Socinianiet
1096 1339 1191 1391 Ar-

197 1416 416 1467 miniani
458 1421 650 1482 negant
695 1414 1056 1468 aeternitatem
1097 1413 1190 1466 Dei

196 1488 580 1548 simultaneam‚
624 1490 742 1557 quia
801 1487 1191 1556 incomprehen-

197 1562 359 1615 sibilis
398 1569 495 1625 est,
540 1570 592 1614 et
649 1563 930 1614 admittunt
969 1563 1190 1613 aeterni-

195 1642 354 1690 tatem
423 1637 813 1689 successivam:
902 1636 1191 1688 reiicientes

197 1726 320 1779 ergo
384 1710 519 1778 quod
574 1716 652 1762 est
698 1725 854 1777 supra
914 1710 1187 1767 rationem,

199 1784 247 1835 id
290 1784 674 1851 amplectuntur
714 1783 846 1852 quod
888 1791 967 1835 est
1011 1790 1190 1835 contra

200 1858 474 1916 rationem,

271 1929 404 1981 Nota
444 1932 499 1982 ⁸2.
530 1930 842 1989 Aeternitas,
874 1930 923 1981 in
955 1944 1055 1997 qua
1097 1945 1191 1981 nec

199 2004 420 2069 initium,
463 2018 558 2055 nec
597 2002 733 2064 finis,
779 2019 874 2054 nec
933 2004 1190 2054 successio

199 2077 372 2138 datur,
441 2083 518 2128 est
583 2077 888 2129 attributum
939 2077 1030 2128 soli
1085 2077 1191 2129 Deo

202 2151 487 2219 proprium,
531 2150 603 2202 ita
667 2158 724 2202 ut
779 2157 983 2219 praeter
1024 2151 1190 2218 ipsum

202 2224 326 2276 nihil
368 2225 421 2275 in
464 2223 560 2275 hoc
587 2239 739 2276 sensu
780 2232 1050 2276 aeternum
1093 2225 1188 2276 dici

201 2298 381 2365 possit3
412 2298 648 2366 quamvis
688 2299 750 2349 de
789 2298 1003 2366 Angelis
1042 2305 1093 2350 et
1133 2315 1187 2350 a·

199 2371 435 2424 nimabus
485 2371 748 2424 hominum
809 2373 1186 2433 immortalitas,

203 2461 316 2505 seu,
357 2453 419 2497 ut
457 2445 749 2498 scholastici
802 2447 998 2508 dicunt,
1042 2454 1192 2497 aeter-

203 2520 331 2570 nitas
366 2534 428 2570 em
459 2527 595 2587 post,
639 2535 769 2588 quae
791 2526 963 2571 tamen
1005 2522 1054 2571 in
1082 2535 1193 2571 suc-

203 2593 431 2644 cessione
473 2594 717 2661 temporis
755 2594 1006 2654 consistit,
1053 2599 1190 2644 recte

144 2702 146 2704 -
203 2665 548 2731 praedicetur.
612 2666 732 2720 Ideo
781 2667 845 2718 ΙΙ.
898 2666 1066 2720 Maeli.
1111 2665 1190 2736 (l)

199 2739 341 2790 Deus
367 2739 553 2792 dicitur
590 2741 719 2792 solus
755 2748 1032 2809 praestans,
1063 2739 1192 2791 solas

202 2812 382 2873 iustus,
427 2821 469 2864 et
527 2816 828 2883 omnipotens
891 2821 934 2865 et
973 2822 1191 2873 eternas,-

202 2885 327 2936 etin
369 2885 465 2937 hoc
495 2902 650 2939 sensu
692 2888 831 2940 Deus
883 2886 1015 2939 solas
1055 2886 1192 2938 habet

202 2959 617 3012 immortalitatem
658 2958 753 3031 (2).
785 2961 953 3013 Etiam
1018 2959 1194 3012 Patres

202 3033 563 3084 aeternitatem
626 3034 731 3086 Deo
791 3035 883 3087 soli
936 3035 1191 3102 propriam

202 3104 401 3158 dicunt.
444 3104 497 3158 S.
527 3106 747 3159 Basilius
774 3107 850 3178 (5)
879 3124 926 3160 c.
970 3107 1187 3160 Eunom.

143 3176 145 3183 ’
200 3179 295 3231 ait:
341 3197 368 3227 «
410 3178 511 3231 Nos
560 3187 612 3232 et
670 3183 919 3234 creaturis
974 3182 1194 3234 aeterni·

204 3252 326 3305 tatis
392 3254 743 3308 testimonium
802 3256 1094 3325 perhibere,
1143 3262 1194 3308 el

249 3367 284 3410 (1
326 3367 412 3410 cap.
439 3368 472 3410 1,
497 3368 554 3404 25.

266 3411 287 3446 2
325 3412 343 3445 1
365 3411 459 3446 rim.
485 3413 586 3454 ‹216-

267 3455 287 3490 3
326 3455 365 3490 c.
391 3455 565 3498 2,n.19,

252 3499 301 3543 (4)
328 3499 410 3545 cap.
434 3500 469 3536 ι.

1254 309 1477 365 sessione
1541 311 1744 379 privare
1778 353 1790 373 ‚
1853 311 2081 364 eiusdem
2132 328 2246 366 esse
2309 357 2314 362 ,

1253 383 1512 435 amentiae
1552 385 1884 438 arbitramur.
1933 405 1958 434 n
2002 385 2082 453 Cf.
2132 386 2245 438 Ter-

1255 457 1450 508 tullian.
1494 473 1541 509 c.
1587 458 1832 526 Hermog.
1866 456 1965 529 (14),
1995 458 2054 512 S.
2086 459 2246 512 ΑιΙια-

1253 546 1362 582 ηας.
1395 545 1442 582 c.
1474 531 1649 583 Arian.
1685 529 1782 601 (5),
1813 530 1864 583 S.
1892 530 2157 599 Auqustin.
2185 533 2248 584 de

1255 610 1436 656 natura
1464 603 1582 656 boni
1624 602 1718 674 (6).
1743 634 1812 644 --
1841 603 2098 658 Nonnulla
2137 608 2249 674 qui-

1253 677 1369 728 dem
1399 679 1557 730 menti
1589 686 1793 736 nostrae
1818 680 2128 740 necessaria,
2152 681 2247 731 im·

1255 751 1520 804 mutabilia
1562 757 1613 803 et
1669 758 1880 804 aeterna
1921 767 2032 804 esse
2072 753 2249 805 viden-

1254 830 1358 885 tur,
1402 833 1458 877 ut
1500 826 1735 877 internae
1776 841 1951 877 rerum
1994 826 2249 893 possibili-

1256 904 1405 960 tateS‚
1433 905 1484 951 et
1507 898 1767 951 evidentia
1797 899 2250 953 demonstrationis

1255 973 1530 1040 principia,·
1570 973 1659 1024 sed
1701 973 1750 1024 id
1792 988 1892 1024 non
1922 989 1989 1025 ex
2028 971 2128 1025 alia
2173 989 2251 1026 ra-

1253 1047 1391 1098 tione
1432 1046 1707 1112 contingit,
1753 1047 1850 1098 nisi
1878 1047 1995 1115 quia
2026 1045 2153 1099 haec
2195 1048 2245 1099 in

1252 1126 1462 1172 aeterna
1504 1121 1744 1180 veritate,
1789 1136 1920 1188 quae
1960 1121 2118 1173 menti
2163 1137 2249 1173 no-

1253 1201 1390 1245 strae
1432 1194 1590 1254 lucet,
1623 1201 1673 1245 et
1701 1210 1831 1262 quae
1859 1194 1998 1246 Deus
2026 1200 2124 1255 est,
2166 1210 2248 1246 co-

1252 1268 1544 1333 gnoscimus
1573 1274 1622 1319 et
1650 1267 2009 1331 diiudicamus3
2053 1284 2118 1320 ex
2146 1283 2245 1336 quo

1253 1341 1329 1403 fit,
1375 1348 1431 1392 ut
1470 1341 1626 1393 etiam
1674 1357 1753 1402 ea,
1797 1357 1928 1410 quae
1994 1342 2044 1393 in
2084 1349 2246 1394 aeter·

1255 1430 1320 1467 na
1372 1416 1590 1466 veritate
1665 1417 2047 1481 conspicimuS‚
2103 1422 2245 1468 recte

1253 1505 1282 1540 a
1312 1489 1456 1540 nobis
1471 1496 1526 1540 ut
1555 1490 1870 1550 necessaria,
1903 1490 2245 1542 immutabilia

1254 1569 1305 1613 et
1332 1569 1542 1614 aeterna
1559 1555 1866 1614 habeantur.
1899 1563 2116 1629 Egregie
2132 1563 2243 1615 ideo

1253 1635 1311 1688 S.
1341 1636 1543 1687 Thomas
1566 1633 1640 1706 (7)
1664 1636 1726 1687 ad
1767 1635 2070 1688 solvendam
2101 1652 2243 1704 prae-

1253 1715 1454 1761 sentem
1518 1707 1870 1761 difficultatem
1936 1710 2027 1762 ait:
2077 1731 2098 1758 «
2143 1708 2242 1763 Ne-

1253 1784 1535 1835 cessarium
1562 1783 1816 1849 significat
1842 1783 2117 1851 quemdam
2138 1800 2242 1836 mo·

1254 1856 1375 1907 dum
1415 1857 1670 1907 veritatis,
1716 1855 1909 1910 Verum
1949 1864 2124 1909 autem
2165 1874 2242 1910 se-

1254 1930 1480 1981 cundum
1521 1929 1884 1996 Philosophum
1936 1929 2010 2000 (8)
2061 1937 2139 1983 est
2188 1932 2241 1983 in

1254 2003 1541 2056 intellectu.
1599 2003 1895 2056 Secundum
1952 2004 2049 2056 hoc
2088 2005 2244 2071 igitur

1256 2093 1378 2129 vera
1429 2085 1480 2130 et
1554 2079 1846 2130 necessaria
1899 2085 2021 2129 sunt
2077 2084 2242 2130 aeter-

1255 2168 1339 2212 na,
1384 2153 1502 2219 quia
1550 2158 1671 2204 sunt
1735 2152 1787 2202 in
1829 2151 2097 2203 intellectu
2159 2168 2243 2204 ae—

1255 2232 1420 2286 ternO,
1463 2226 1548 2293 qui
1589 2231 1666 2277 est
1707 2224 1999 2277 intellectus
2039 2225 2244 2278 divinus

1253 2299 1412 2350 solus:
1460 2299 1594 2350 unde
1661 2315 1760 2350 non
1803 2300 2065 2367 sequitur,
2108 2300 2242 2366 quod

1253 2372 1440 2440 aliquid
1504 2379 1652 2425 extra
1719 2371 1884 2424 Deum
1949 2373 2041 2436 sit,
2077 2379 2243 2425 aeter-

1256 2462 1397 2497 num,
1448 2465 1469 2494 »

1326 2519 1462 2571 Nola
1502 2518 1554 2570 5.
1598 2517 1726 2571 Cum
1782 2519 1921 2571 Deus
1961 2518 2101 2571 solus
2160 2534 2243 2571 ae-

1254 2600 1452 2653 ternus,
1496 2592 1635 2644 solus
1673 2593 1862 2645 bonum
1904 2593 2245 2644 incommuta·

1255 2668 1355 2718 bile
1395 2673 1448 2718 et
1490 2682 1712 2733 perenne
1745 2667 1828 2731 sit:
1861 2663 1912 2734 a)
1955 2667 2123 2732 ipsum
2165 2682 2243 2717 so-

1258 2741 1363 2791 lum
1414 2755 1768 2808 quaeramus,
1837 2755 2244 2808 spernamusquc

1256 2815 1385 2865 bona
1431 2814 1656 2881 peritura
1690 2820 1742 2866 et
1769 2813 1993 2874 fallacia,
2021 2829 2083 2865 ne
2100 2814 2246 2865 amit-

1258 2895 1425 2941 tamus
1480 2893 1710 2939 aeterna.
1769 2884 1818 2949 b)
1859 2887 2247 2938 praetereuntia

1255 2961 1388 3012 mala
1408 2962 1664 3029 patienter
1692 2961 1940 3024 feramus3
1959 2975 2079 3012 nam
2091 2959 2247 3012 breve

1256 3042 1332 3087 est
1351 3041 1551 3102 tempus
1572 3033 1916 3086 tribulationis
1939 3039 2244 3093 nostrae‚et·.

1255 3124 1351 3160 non
1401 3116 1514 3158 sant
1552 3107 1814 3174 condiqnae
1849 3108 2095 3176 passiones
2155 3106 2246 3158 liu-

1257 3187 1333 3234 ius
1387 3182 1612 3248 temporis
1650 3181 1713 3232 ad
1751 3182 1974 3248 futuram
2012 3179 2243 3247 moriam,

1255 3270 1378 3323 quae
1394 3253 1691 3306 revel-abitur
1717 3255 1771 3305 in
1795 3251 2031 3323 nobis.(‘.))
2054 3251 2131 3322 c.)
2158 3252 2248 3304 Dc-

1302 3369 1353 3414 (5)
1377 3370 1438 3404 or.
1463 3370 1497 3405 2.
1609 3423 1616 3429 Ἰ
1984 3366 2034 3412 (a)
2058 3368 2143 3412 cap.
2168 3366 2224 3422 aa.

1304 3414 1355 3501 533
1378 3415 1411 3492 l:
1434 3411 1706 3499 tralatis}
1727 3413 1773 3491 35¹
1798 3412 1830 3448 ³·

1305 3501 1355 3548 (9)
1379 3502 1482 3537 Rom.
1508 3500 1540 3545 8,
1566 3500 1620 3536 18.
