2332 3860
314 104 423 158 ⁶266

240 201 511 264 memiana,
553 208 599 255 et
631 211 914 271 portaretur
951 204 1010 258 ab
1033 202 1235 272 Amyclis

241 275 468 329 insinum
486 274 712 331 Abrahae
733 276 830 351 (l),
845 285 896 331 et
915 279 966 331 in
996 293 1249 332 consum·¹

239 350 462 403 matione
487 351 702 414 saeculi,
733 352 934 405 exibunt
971 350 1164 422 Anqeli‚
1189 362 1233 406 et

238 423 534 492 separabunt
572 426 724 478 malos
761 426 818 478 de
862 427 1017 479 medio
1075 427 1230 479 iusto-

237 511 354 550 rum
379 496 478 570 (2).
514 499 654 552 Haec
680 509 729 552 et
750 499 911 553 multa
938 501 1039 553 alia
1061 517 1234 554 exem-

238 570 323 640 pla
354 574 480 626 satis
528 574 667 627 clare
717 574 1016 637 ostendunt,
1065 574 1230 628 Deum

237 644 454 713 Angelis
484 653 747 717 tamquam
778 650 1021 701 ministris
1057 650 1130 701 uti
1165 650 1230 702 ad

237 718 531 774 hominibus
551 723 798 776 beneficia
826 724 1154 786 conferenda,
1181 731 1230 777 et

237 794 302 847 ad
335 810 513 848 curam
541 796 604 848 de
631 796 732 848 illis
759 798 1039 866 gerendam
1062 796 1159 868 (5).

311 869 364 921 ᾖ.
398 869 776 939 Argumentum
816 871 1057 924 biblicum
1106 887 1227 924 con·

237 941 473 996 firmatur
544 961 633 1013 per
684 944 1030 998 traditionem.
1102 945 1230 998 Nam

236 1032 440 1085 semper
467 1025 519 1071 et
570 1019 756 1088 ubique
805 1026 855 1071 et
898 1021 963 1072 ab
994 1021 1230 1072 omnibus

237 1092 491 1145 creditum
521 1099 619 1154 est,
675 1093 900 1159 Angelos
951 1093 1013 1146 ad
1061 1101 1229 1146 custo-

237 1165 374 1217 diam
405 1166 671 1219 hominum
713 1167 970 1235 deputari.
1026 1165 1077 1220 S.
1137 1167 1229 1234 Cy-

238 1240 445 1307 prianus
471 1239 549 1311 (li)
579 1242 775 1309 inquit:
837 1261 861 1289 «ε
902 1240 1127 1309 Angelos
1177 1243 1227 1293 in

240 1314 478 1367 omnibus
504 1315 790 1367 actionibus
808 1317 992 1367 nostris
1006 1317 1229 1367 fautores

240 1388 510 1442 babemuS.
541 1409 566 1438 »
591 1388 643 1441 S.
678 1387 944 1458 Greqorius
970 1387 1103 1441 Naz.
1151 1388 1227 1461 (ὃ)

238 1466 447 1515 asserit:
484 1483 510 1512 «
551 1463 775 1531 Angelos
806 1480 895 1516 nos
924 1465 973 1515 in
1005 1465 1147 1516 bonis
1174 1481 1225 1516 o-

238 1537 444 1605 peribus
496 1538 763 1590 adiuvare.
817 1558 843 1586 »
894 1538 952 1591 S.
986 1538 1228 1607 Ephraem

237 1611 299 1663 de
328 1610 424 1664 loc.
457 1612 591 1665 beat.
628 1619 865 1673 testatur,
886 1612 1153 1679 «Angelos
1181 1620 1229 1664 et

236 1684 453 1739 Sanctos
482 1703 571 1754 pro
602 1687 746 1739 nobis
773 1686 937 1738 Deum
991 1687 1229 1755 depreca—

239 1761 302 1811 ri.
339 1780 364 1809 »
404 1759 455 1813 S.
496 1759 766 1828 Greqorius
804 1761 954 1829 Nysa.
1019 1763 1068 1813 in
1125 1762 1229 1812 vita

236 1833 291 1886 S.
323 1833 483 1887 Macr.
517 1835 700 1888 habet:
738 1855 760 1883 «
794 1833 977 1902 Angeli
1022 1841 1131 1903 post
1178 1851 1229 1886 o-

237 1907 398 1960 bitum
427 1909 624 1961 animas
652 1909 848 1960 ducunt
867 1909 929 1960 ad
958 1908 1126 1961 locum
1154 1924 1231 1959 re-

237 1981 449 2045 frigerii.
500 2003 526 2032 »
572 1982 625 2035 S.
674 1980 904 2050 Gyrillus
954 1983 1096 2035 Hier.
1152 1981 1227 2053 (6)

238 2055 390 2109 dicit:
445 2057 724 2125 «Angelos
772 2058 900 2109 libro
952 2057 1229 2109 inscribere

237 2131 322 2200 qui
378 2132 614 2200 puritatis
680 2133 995 2199 propositum
1066 2132 1231 2184 conci-

237 2206 404 2274 piunt,
448 2211 500 2258 et
526 2206 612 2275 qui
643 2211 877 2274 stuprum
911 2212 1225 2273 perpetrant,

237 2295 305 2331 ex
331 2295 391 2332 eo
431 2280 624 2332 delere.
661 2299 687 2328 »
741 2279 794 2332 S.
837 2277 1122 2332 Ambrosius
1154 2278 1228 2349 (7)

237 2354 404 2422 inquit
428 2371 443 2406 ε
498 2374 520 2404 «
552 2354 707 2409 Mittit
735 2353 961 2421 Angelos
989 2371 1109 2407 suos
1137 2354 1232 2405 Do-

240 2428 410 2480 minus
437 2428 500 2480 ad
530 2428 880 2480 defensionem
904 2444 1101 2490 eorum,
1144 2429 1230 2496 qui

238 2501 487 2555 haeredes
516 2502 671 2555 futuri
699 2510 820 2555 sunt
838 2503 1229 2571 promissionum

238 2578 560 2629 coelestium.
579 2597 605 2626 »
619 2575 670 2629 S.
692 2574 996 2645 Augustinus
1014 2574 1088 2647 (8)
1108 2578 1232 2628 scri·

238 2650 312 2702 bit
340 2650 636 2703 deecclesia
653 2651 1022 2718 triumphante:
1051 2650 1231 2702 «Haec

240 2724 291 2774 in
331 2723 533 2777 Sanctis
558 2725 771 2792 Angelis
794 2725 941 2777 beata
984 2725 1226 2792 persistit,

239 2804 291 2849 et
318 2813 442 2851 suae
484 2800 614 2866 parti
668 2799 1041 2867 peregrinanti,
1098 2800 1231 2849 sicut

240 2879 459 2938 oportet,
497 2874 811 2941 opitulatur3
850 2874 967 2941 quia
1015 2879 1232 2940 utraque

241 2960 346 2997 una
385 2946 481 2997 erit
520 2948 775 3000 consortio
802 2946 1139 3006 aeternitatis,
1179 2953 1234 2996 ut

244 3034 382 3070 nunc
435 3035 536 3071 una
576 3028 654 3073 est
694 3019 899 3073 vinculo
945 3020 1228 3080 charitatis,

242 3108 373 3162 quae
414 3099 520 3145 tota
558 3094 795 3148 instituta
840 3101 918 3147 est
956 3093 1020 3146 ad
1066 3092 1235 3146 colen·

245 3167 367 3218 dum
383 3165 547 3218 Deum
566 3186 590 3215 »
608 3166 703 3238 (9).
736 3168 988 3222 Constans
1015 3174 1093 3221 est
1113 3183 1235 3235 ergo

288 3310 340 3354 (1)
363 3313 448 3345 Luc.
476 3311 530 3351 16,
556 3311 607 3346 22.

304 3356 339 3400 ἱ)
366 3357 491 3391 Malth-
516 3356 573 3396 13,
596 3354 651 3390 49·
811 3373 817 3378 ”

288 3355 343 3533 (ἒξ
366 3400 416 3434 Cf.
439 3401 622 3443 Dobinayr
638 3398 716 3440 1‚5,
733 3398 757 3443 S
769 3399 848 3435 125.
861 3401 1135 3445 Staudenmayr,
1146 3399 1235 3446 566.

293 3488 329 3531 {5
365 3443 545 3524 gssizfio.
811 3485 862 3531 (6)
887 3487 1031 3523 catech.
1055 3488 1092 3530 4,
1116 3497 1154 3524 n.
1178 3489 1234 3524 επ.

643 123 705 160 DE
741 123 836 161 ΠΕΟ
872 122 924 161 ΙΝ
950 123 1236 163 ΥΚΙΞΙΗΛἸἸΟΝΙἘ
1271 126 1336 164 An
1373 106 1576 165 MuNnulti'
1612 123 1878 168 SPECTA‘ro.
1927 96 1933 111 e

1293 205 1374 260 Ss.
1406 204 1615 262 Pathum
1642 203 1892 272 doctrina,
1916 186 2239 282 quodengbl'
2289 194 2324 286 ³·

1293 282 1529 350 quamvis
1566 280 1733 336 Deum
1769 283 1999 338 videntes
2035 279 2258 352 ineffabs.
2326 330 2332 332 -

1295 353 1536 408 felicitate
1555 355 1811 419 fruantur,
1842 363 2012 411 tamen
2042 355 2148 410 Deio
2169 355 2218 427 ip

1294 428 1520 490 volente,
1551 428 1614 483 de
1639 429 1931 484 hominibus
1964 431 2141 484 curam
2191 411 2332 510 geaig'}

1294 509 1427 564 rant,
1482 509 1534 556 et
1582 504 1646 556 ad
1678 504 1958 560 eorundem
1993 500 2332 572 custodian&

1292 575 1620 646 deputentur.
2256 576 2292 602 ’Ψ
2311 575 2332 591 ⁵

1673 717 1712 775 ς
1742 717 1871 764 15².

1368 807 1415 842 11.
1440 806 1600 851 Quilibet
1622 807 1733 841 homo
1756 806 1867 842 habet
1887 815 1996 842 suum
2020 807 2200 852 Angelum
2291 827 2296 849 ς,

1685 867 1887 902 custodem.

1363 948 1500 1000 Haec
1540 949 1815 1008 sententia,
1859 950 2096 1018 quamvis
2135 949 2197 1000 ad
2227 948 2294 1001 fi-·

1292 1020 1369 1074 dei
1410 1023 1647 1091 dogmata
1676 1039 1774 1074 non
1807 1024 2079 1090 pertineat,
2105 1022 2298 1075 solidis·

1292 1102 1462 1148 tamen
1492 1098 1812 1163 argumentis
1854 1113 1920 1148 ex
1947 1096 2205 1164 Scriptura
2232 1103 2284 1150 et

1296 1169 1573 1222 Traditione
1603 1172 1773 1238 petitis
1802 1171 2076 1239 probatur:

1367 1245 1416 1295 1.
1462 1244 1517 1296 ln
1560 1245 1640 1296 Ps.
1673 1243 1781 1305 XC,
1813 1260 1930 1295 cum
1962 1244 2194 1296 homines
2215 1243 2280 1296 ad

1292 1317 1653 1370 confidentiam
1689 1320 1736 1370 in
1769 1318 1931 1370 Deum
1964 1319 2277 1378 excitentur,

1292 1394 1341 1443 in
1384 1392 1520 1444 hunc
1559 1393 1714 1444 finem
1756 1400 1969 1460 paterna
2008 1391 2098 1444 Dei
2148 1389 2282 1444 'cha-

1294 1467 1414 1518 ritas
1454 1474 1506 1518 et
1557 1466 1845 1519 sollicitudo
1896 1466 2054 1518 etiam
2107 1481 2172 1517 ex
2222 1481 2282 1517 eo

1293 1541 1599 1602 ostenditur,
1631 1540 1761 1609 quod
1792 1540 1886 1608 ipsi
1914 1539 2095 1607 Angcli
2120 1540 2278 1591 homi·

1295 1615 1442 1667 nibus
1486 1614 1805 1667 utcustodes
1828 1613 1932 1666 dati
1962 1615 2168 1665 luerint.
2198 1613 2281 1664 Di·

1292 1690 1423 1741 citur
1456 1690 1593 1740 enim
1630 1689 1736 1741 ibi:
1776 1687 1972 1756 Anqelis
2011 1687 2115 1739 suis
2154 1685 2326 1761 Deua,

1291 1765 1542 1815 mandavit
1582 1763 1637 1814 cle
1678 1771 1735 1829 te,
1764 1770 1820 1813 ut
1867 1763 2137 1815 custodiant
2166 1769 2206 1813 te
2230 1762 2283 1813 in

1291 1837 1514 1888 omnibus
1535 1837 1626 1888 viis
1648 1837 1762 1888 luia.
1789 1835 1849 1887 In
1868 1835 2095 1887 manibus
2119 1842 2283 1903 porta-

1293 1910 1406 1962 bam
1434 1919 1493 1970 te,
1527 1927 1585 1962 ne
1605 1911 1727 1978 forte
1747 1909 1962 1978 offendas
1993 1910 2055 1961 ad
2079 1910 2284 1978 lapidem

1286 1985 1451 2052 pedem
1498 1992 1634 2036 tuum
1682 1983 1815 2053 (40).
1867 1982 2060 2045 Quibus
2116 1983 2284 2035 verbis

1295 2059 1592 2110 mandatum
1615 2058 1705 2111 Dei
1728 2058 1790 2110 ad
1818 2056 2061 2127 AngelOS,
2095 2064 2151 2109 ut
2191 2057 2282 2108 ho-

1294 2134 1484 2185 minem
1506 2134 1555 2185 in
1580 2130 1933 2184 omnibus'viis
1956 2133 1989 2183 i.
2022 2146 2070 2183 e.
2103 2131 2284 2200 quovis

1295 2208 1402 2259 loco
1441 2214 1490 2259 et
1533 2214 1762 2274 tempore
1802 2205 2121 2270 custodiant3
2172 2211 2283 2257 tum

1292 2282 1590 2350 obsequium
1631 2280 1955 2348 angelorum,
1986 2280 2071 2348 qui
2125 2279 2284 2330 maxi-

1294 2371 1374 2407 me
1413 2355 1686 2408 sollicitam
1726 2355 1788 2407 de
1842 2354 2046 2406 homine
2103 2367 2280 2405 curam

1292 2437 1518 2497 gerunt,
1563 2445 1624 2482 ac
1664 2429 1872 2481 demum
1911 2426 2154 2480 fortitudo
2194 2425 2283 2478 ho-

1296 2504 1444 2555 minis
1485 2504 1554 2555 ita
1595 2503 1807 2571 protecti
1847 2508 2025 2554 contra
2083 2500 2284 2568 gravis-

1293 2579 1420 2629 sima
1462 2575 1687 2643 pericula
1728 2575 2051 2645 exprimitur.
2095 2574 2281 2626 Exem-

1295 2651 1376 2718 pla
1427 2666 1627 2718 quoque
1679 2650 1742 2701 de
1788 2648 2059 2717 peculiaris
2098 2647 2283 2715 Augeli

1294 2724 1522 2776 custodia
1562 2725 1662 2776 iam
1704 2724 1754 2775 in
1803 2721 1866 2776 V.
1915 2722 1972 2774 T.
2023 2722 2283 2790 reperiun-

1295 2804 1395 2849 tur.
1444 2798 1578 2866 Ayar
1617 2798 1754 2850 enim
1795 2795 2050 2864 Angelum
2080 2796 2279 2855 habuit,

1294 2875 1379 2940 qui
1408 2887 1522 2924 eam
1564 2871 1778 2933 monuit,
1811 2878 1867 2923 ut
1907 2870 1967 2922 ad
2011 2869 2284 2922 Dominam
2328 2925 2332 2929 ,

1294 2961 1441 2998 suam
1498 2952 1847 2998 reverteretur
1897 2942 2031 3015 (ll),
2095 2943 2179 3012 qui
2235 2944 2280 2994 ei

1297 3019 1522 3072 lsmaelis
1556 3020 1881 3072 nativitatem
1930 3025 1982 3070 et
2010 3017 2284 3083 fata-prae·
2327 3026 2330 3031 '

1296 3095 1426 3145 dixit
1464 3091 1598 3163 (ΓΞ),
1639 3099 1690 3144 et
1719 3094 1815 3161 ipsi
1845 3093 1927 3145 siti
1959 3105 2078 3143 cum
2127 3104 2283 3157 puero
2327 3098 2332 3160 J

1299 3167 1561 3235 languenti
1583 3165 1694 3238 (15)
1713 3167 1901 3219 fontem
1926 3179 2088 3234 aquae
2111 3170 2284 3217 osten·

1355 3309 1391 3350 ⁵¹1)
1415 3311 1456 3343 In
1481 3310 1538 3345 Rs.
1565 3309 1643 3351 118,
1666 3311 1781 3346 Serm.
1806 3310 1840 3354 1,
1864 3319 1902 3345 u.
1926 3309 1960 3345 9.
2324 3306 2332 3346 ἰ

1355 3354 1392 3398 8)
1417 3355 1527 3388 anch.
1559 3364 1592 3389 e.
1619 3355 1675 3390 56.
2035 3382 2038 3385 Α
2314 3364 2332 3404 s,

1355 3398 1393 3442 9)
1416 3398 1468 3432 ct.
1493 3398 1581 3433 ibid.
1607 3407 1642 3434 c.
1665 3398 1722 3439 57,
1746 3396 1787 3433 ⁶1
1801 3401 1838 3432 et
1854 3396 1877 3431 l.
1893 3396 1936 3432 1⁰
1950 3397 1996 3432 de
2010 3397 2085 3432 Civ.
2111 3396 2174 3432 Dei
2193 3405 2230 3432 c.
2246 3396 2276 3434 ⁷.
2328 3405 2332 3430 ε

1341 3399 1414 3530 {a}
1438 3440 1816 3528 armies-„taee-
1920 3441 1998 3529 aa,
2017 3441 2106 3520 aar
2132 3440 2199 3527 εει
2210 3439 2279 3520 ⁹12.

2300 3550 2332 3614 fi

2233 3753 2235 3758 '
2286 3748 2290 3765 i

2242 3778 2260 3803 .ss

2136 3816 2139 3818 ¹
2230 3620 2332 3860 ΗΞ
