2332 3860
367 138 475 205 272

291 255 479 303 sonant
535 252 829 312 testimonia
900 249 1276 320 Apostolorum.

289 321 509 389 Insignis
547 332 625 379 est
665 326 807 379 locus
846 325 1007 386 Petri,
1047 326 1134 394 qui
1170 332 1279 378 tum

288 406 559 467 peccatum
598 398 936 468 Angelorum,
970 407 1081 452 tum
1123 399 1278 454 latam

286 471 336 523 in
363 472 499 541 ipsos
527 481 749 542 poenam
784 474 1082 527 clarissimis
1109 474 1279 527 verbis

286 549 543 619 proponit,
575 548 770 602 dicens:
806 549 931 600 Deus
957 547 1155 615 Amyclis
1178 564 1280 616 pec-

280 622 498 674 cantibus
535 638 634 675 non
670 624 895 692 pepercit,
938 625 1019 674 sed
1065 623 1279 674 rudenti-

281 693 367 747 bus
406 696 593 764 inferni
648 697 886 750 detractos
936 698 988 749 in
1030 704 1274 748 tartarum

285 770 490 822 tradidit
546 773 840 824 cruciandos
880 770 977 843 (1).
1032 770 1276 839 Princeps

279 843 643 912 Apostolorum
683 846 765 898 hic
818 844 1115 914 exemplum
1166 862 1274 898 cer-

284 923 391 969 tum
431 926 482 971 et
522 920 646 971 satis
688 927 867 972 notum
919 921 1156 988 proponit
1208 920 1272 971 ad

276 991 509 1046 homines
550 1009 821 1061 perversos
848 994 912 1046 ab
946 993 1168 1045 aliorum
1196 1010 1271 1045 se·

274 1066 514 1119 ductione
553 1067 910 1120 deterrendos.
943 1067 1270 1121 Conveniunt

270 1154 390 1192 cum
433 1141 510 1193 his
552 1142 685 1194 Petri
718 1143 886 1195 verbis
915 1158 997 1203 ea,
1041 1158 1173 1210 quae
1206 1142 1272 1194 le-

266 1222 461 1280 guntur
483 1218 532 1268 in
546 1216 771 1284 Epistola
795 1216 951 1268 Iudae
978 1233 1027 1268 v.
1050 1217 1110 1267 6:
1133 1216 1270 1268 Deus

266 1286 490 1356 AnqelOS,
522 1292 610 1358 qni
634 1307 732 1343 non
770 1299 1085 1344 servaverunt
1123 1307 1268 1342 suzim

263 1364 631 1433 principatum,
711 1365 793 1417 sed
868 1365 1268 1432 derelinquerant

266 1453 410 1489 saum
452 1438 771 1500 domicilium,
805 1439 858 1490 in
898 1439 1138 1490 iudicium
1166 1454 1267 1490 ma—

266 1512 354 1578 qni
393 1512 492 1564 dici
531 1513 735 1566 vinculis
774 1513 985 1565 aeternis
1024 1513 1112 1564 sab
1152 1513 1264 1564 cali-

263 1587 377 1654 pinc
429 1589 710 1640 reservavit.
774 1587 990 1639 lacobus
1054 1588 1258 1654 inquit:

264 1660 538 1712 Daemones
578 1661 778 1714 credant
816 1670 858 1713 et
886 1661 1263 1714 contremiscunt

262 1732 379 1805 (2);
424 1736 559 1802 ipsos
620 1752 743 1803 ergo
805 1742 1053 1804 tanquam
1114 1751 1262 1788 veras

263 1824 547 1876 personaS‚
597 1810 687 1861 sed
749 1811 914 1861 reatui
974 1810 1155 1877 culpae
1211 1817 1261 1860 et

260 1898 455 1950 poenae
497 1883 755 1937 subiectas
797 1885 1051 1951 proponit.

335 1957 388 2009 3.
432 1957 727 2010 Daemones
761 1958 1005 2017 existere,
1037 1972 1129 2009 scu
1154 1954 1258 2008 An·

257 2029 401 2096 gelos
440 2032 571 2093 dari,
603 2033 687 2101 qui
721 2046 808 2099 per
837 2039 1107 2100 peccatum
1138 2031 1257 2083 mali

258 2105 375 2157 facti
417 2112 577 2165 sunt,
624 2113 674 2158 et
720 2106 833 2158 ideo
873 2106 1098 2158 aeternis
1138 2121 1256 2172 sup·

258 2178 423 2246 pliciis
477 2178 803 2241 afficiuntur,
865 2187 1113 2248 perpetua
1165 2179 1257 2232 fuit

253 2252 517 2306 Ecclesiae
577 2254 862 2307 catholicae
919 2254 1065 2306 fides,
1111 2252 1256 2306 Hanc

258 2333 615 2380 contestantur
655 2329 1000 2397 antiquissimi
1054 2327 1249 2380 Patres

255 2399 485 2470 Oriyenes
526 2402 599 2472 (5)
643 2402 703 2456 dc
727 2402 927 2455 diabolo
968 2403 1059 2454 ait:
1086 2424 1107 2450 «
1138 2401 1253 2454 Ser-

259 2490 383 2543 pens
425 2493 524 2529 non
580 2477 674 2528 fuit
732 2492 935 2545 semper
995 2491 1249 2544 serpenS,

258 2551 420 2617 primo
460 2550 666 2619 quidem
708 2567 737 2603 a
776 2550 881 2602 Deo
916 2551 1079 2603 bonus
1107 2566 1251 2602 crea-

257 2631 367 2685 ωε,
411 2625 499 2677 sed
540 2626 773 2694 propriae
816 2623 1094 2676 voluntatis
1146 2640 1254 2691 pra-

254 2699 413 2750 vitate
446 2700 661 2751 daemon
698 2699 928 2751 effectus.
951 2718 975 2746 η
1010 2697 1066 2750 S.
1095 2697 1252 2766 Chry-

253 2780 485 2824 soslomus
532 2772 680 2825 Hom.
727 2773 788 2825 de
855 2772 1099 2840 patientia
1139 2771 1245 2824 Iob.

255 2845 436 2914 inquit:
468 2846 754 2900 «Diabolus
795 2861 894 2899 non
928 2854 1143 2899 naturae
1169 2862 1253 2898 no-

255 2934 395 2981 men,
426 2921 514 2972 sed
539 2920 967 2989 praesumptionis
989 2927 1084 2973 est.
1101 2935 1249 2974 ..non

257 2992 668 3063 enimydiabolus
720 2995 884 3048 factus
924 3000 1003 3046 est
1043 3010 1070 3046 a
1112 2994 1249 3061 prin-

255 3067 406 3135 cipio,
450 3067 538 3119 sed
579 3068 1052 3138 Angelus'creatus
1094 3075 1189 3120 est.
1221 3087 1243 3117 »

253 3139 315 3194 S.
358 3138 643 3194 Ambrosius
698 3143 792 3212 Ep.
825 3144 888 3195 ad
933 3142 1246 3195 Demetriam

259 3212 334 3286 (lt)
375 3220 551 3282 aperte
580 3216 719 3278 dicit,
758 3237 780 3267 «
814 3216 1107 3278 Diabolum,
1137 3217 1243 3284 qui,

254 3288 498 3358 quoniam
525 3304 618 3342 sua
651 3306 806 3359 quam
831 3308 860 3345 a
888 3290 1129 3344 Creatore
1155 3305 1248 3341 suo

253 3368 541 3432 acceperat,
569 3366 823 3432 potentia,
867 3365 1115 3434 dignitate
1153 3364 1247 3417 sibi

299 3468 632 3548 ‹nssspmni

309 3538 361 3584 (2)
385 3541 454 3574 iac.
488 3538 520 3575 2.
547 3535 585 3575 Γ
839 3539 892 3584 (3)
915 3539 1021 3575 Hom.
1047 3539 1084 3575 in
1109 3541 1236 3577 Ezech-

2035 0 2086 33 ιι*
2134 35 2136 37 ,
2239 0 2332 49 ,·ῐῇ

2129 58 2135 69 i
2306 55 2327 66 ’ἢ

2302 67 2326 93 -ὲ

2302 94 2322 122 1.

2302 139 2308 150 r

697 171 761 208 DE
797 170 891 208 1)Εο
929 170 981 207 ΙΝ
1018 169 1289 208 RELATIONE
1326 170 1392 208 Ao
1427 167 1633 207 MuNmJM
1669 169 1928 208 SPECTATO.

1342 338 1650 378 consensum
1686 341 1812 379 suae
1851 325 2129 394 impietatis
2160 333 2276 378 trax

1343 406 1452 460 rat,
1494 415 1524 452 a
1575 399 1783 453 coelesti
1834 399 2149 452 sublimitate
2199 399 2279 452 dei

1341 478 1481 526 ctum
1523 489 1655 526 esse.
1702 493 1729 523 »
1771 473 1825 526 S.
1876 470 2182 541 Auyustinus
2238 459 2332 529 lib}

1340 547 1401 599 de
1435 546 1590 616 Nupt.
1619 554 1671 600 et
1691 552 1908 616 concup.
1941 546 2018 618 (5)
2059 548 2130 599 ita
2171 544 2332 616 loqui&

1340 628 1453 674 tur:
1502 641 1527 671 «
1573 621 1817 675 Diabolus
1862 622 2072 690 spiritus
2109 622 2332 674 immun·

1339 696 1434 749 dus
1475 703 1572 748 est.
1618 703 1669 748 et
1708 696 1904 764 utique,
1950 695 2189 764 quoniam
2230 697 2332 765 spi·-

1339 771 1467 822 ritus
1508 778 1585 823 est
1623 777 1810 823 natura
1836 810 1849 831 ‚
1903 769 2202 822 immundus
2253 776 2332 824 est

1337 844 1398 896 de
1439 845 1583 907 vitio,
1629 846 1819 897 bonurn
1848 844 1982 912 quod
2017 844 2247 912 spirituS‚
2278 850 2331 898 et

1338 919 1529 970 malum
1572 920 1703 987 quod
1744 918 2063 970 immundus:
2107 933 2328 987 quorum

1335 993 1553 1045 duorum
1595 993 1717 1045 illud
1747 1009 1777 1044 a
1816 993 1922 1045 Deo
1950 992 2046 1044 hoc
2072 992 2137 1044 ab
2165 993 2324 1059 ipsc.»

1333 1097 1404 1105 ——
1444 1066 1726 1123 Concilium
1768 1067 2092 1118 Lacerancnsc
2130 1065 2207 1118 IV
2242 1066 2330 1118 de-

1333 1141 1498 1193 finivit
1528 1140 1625 1211 (6):
1668 1141 1900 1193 Diabolus
1939 1156 1968 1192 a
2007 1140 2106 1192 Deo
2133 1140 2328 1208 quidem

1331 1223 1512 1267 natura
1552 1224 1742 1268 creatas
1780 1223 1846 1267 cst
1888 1215 2063 1274 bonuti,
2106 1214 2189 1266 sed
2227 1215 2327 1282 ipsc

1328 1306 1415 1357 per
1453 1307 1500 1342 se
1537 1292 1693 1356 factus
1739 1297 1806 1341 est
1856 1289 2032 1340 malus.
2088 1287 2323 1341 Dubitari

1330 1380 1451 1430 ergo
1494 1381 1594 1416 non
1649 1370 1852 1432 potest,
1915 1362 2200 1415 doctrinam
2260 1362 2322 1414 de

1329 1439 1606 1490 existentia
1633 1438 1942 1490 daemonum
1969 1437 2032 1490 ad
2056 1435 2174 1488 fidei
2200 1434 2323 1506 dog-

1330 1520 1466 1564 mata
1509 1513 1785 1580 pertinere.

1345 243 1562 320 placuit,
1602 266 1721 304 cum
1760 250 1853 304 his‘
1879 249 2092 320 Angelis
2129 244 2332 455 quom}

1402 1586 1551 1639 Nom.
1584 1585 1944 1647 Difficultates‚
1976 1599 2107 1655 quae
2139 1590 2319 1640 contra

1326 1662 1655 1713 existentiam
1686 1662 1993 1714 daemonum
2021 1660 2218 1713 moveri
2245 1676 2326 1713 so-

1326 1734 1454 1795 lent,
1498 1735 1562 1788 ad
1590 1742 1865 1806 sequentes
1890 1735 2212 1803 potissimum
2239 1750 2323 1788 re·-

1325 1809 1607 1861 ducuntur.

1397 1881 1502 1935 Obsi.
1540 1882 1811 1945 ·1.²1deae‚
1843 1899 1970 1952 quas
1987 1882 2225 1938 catholici
2253 1885 2323 1943 de

1323 1956 1659 2010 daemonibus
1702 1957 1893 2010 habent
1932 1963 1982 2009 et
2022 1959 2312 2024 venditant,

1320 2031 1545 2084 absonae
1567 2039 1617 2084 et
1639 2033 1824 2084 rationi
1853 2034 2140 2086 contrariae
2167 2041 2308 2087 sunt.

1319 2104 1511 2173 Aperta
1533 2122 1735 2175 quoque
1758 2107 2157 2161 contradictioin
2186 2110 2314 2178 ipso-

1320 2195 1434 2231 rum
1474 2180 1707 2233 doctrina
1744 2182 2056 2243 continetur,
2101 2198 2218 2235 cum
2246 2200 2311 2238 ex

1320 2269 1422 2305 una
1465 2262 1606 2321 parte
1647 2255 1844 2317 dicunt,
1883 2254 2109 2323 Angelos
2135 2263 2311 2311 omnes

1318 2328 1767 2382 excellentissimis
1819 2329 1965 2382 donis
2013 2337 2121 2383 tum
2161 2339 2309 2384 natu-

1318 2401 1512 2454 ralibus
1535 2410 1645 2455 tum
1698 2404 2175 2472 supernaturalibus
2221 2422 2306 2459 ex·

1317 2483 1523 2528 ornatos
1584 2478 1775 2539 fuisse,
1850 2494 1942 2530 ex1
1971 2477 2134 2531 altera
2182 2496 2304 2535 vero

1316 2557 1574 2612 asserunt,
1619 2551 1866 2619 quosdam
1907 2552 2079 2605 statim
2120 2554 2183 2606 ab
2212 2555 2304 2607 ini·

1319 2625 1385 2676 tio
1424 2625 1724 2692 gravissime
1760 2641 2017 2693 peccasse.
2062 2627 2212 2681 Entia
2251 2645 2304 2682 e-

1317 2698 1420 2749 nim
1477 2698 1745 2751 rationalia
1805 2700 2024 2758 naturali
2088 2702 2200 2754 nisu
2249 2705 2302 2758 i‘n

1315 2771 1503 2824 bonum
1544 2773 1781 2826 feruntur
1805 2816 1817 2836 ‚
1870 2780 1924 2827 et
1961 2774 2024 2827 ab
2063 2775 2159 2828 hoc
2201 2794 2315 2832 non»

1314 2845 1579 2908 deficiunt,
1615 2847 1709 2900 nisi
1742 2848 1821 2901 vel
1849 2846 2041 2900 malum
2071 2851 2165 2903 suh
2191 2855 2317 2921 spei*

1313 2921 1388 2973 cie
1429 2921 1544 2974 boni
1587 2921 1808 2990 eligant,
1853 2923 1936 2978 vel
1974 2923 2163 2977 bonum
2205 2929 2324 2983 sub

1311 2996 1480 3079 specie
1521 2996 1641 3048 mali
1657 2962 1932 3063 ⁰reiiciant.
1982 2997 2077 3051 Ast
2112 2996 2332 3068 Angeh

1313 3070 1745 3137 perspicacissimo
1767 3068 2029 3125 intellectu
2060 3076 2323 3167 praedat}

1312 3143 1398 3194 tali
1460 3144 1606 3196 modo
1664 3145 1826 3214 decipi
1881 3161 1984 3198 non
2026 3154 2302 3231 poterant-,⁵

1310 3223 1463 3284 atque
1504 3217 1616 3270 ideo
1646 3226 1912 3286 peccatum
1944 3219 1995 3272 in
2025 3220 2147 3289 ipsis
2173 3190 2332 3294 con-⁵3*j

1312 3290 1410 3359 cipi
1452 3307 1551 3343 non
1595 3299 1786 3359 potest:

1382 3363 1521 3434 Resp.
1565 3365 1750 3436 Negari
1803 3380 1904 3420 non
1944 3375 2111 3437 potest
2150 3370 2260 3428 abs·
2283 3370 2316 3440 ‘23

1268 3494 1404 3586 {⁴3
1427 3495 1631 3585 tar-152
1651 3541 1704 3578 ‚a
