2332 3860
111 0 119 30 ,Ἴ
135 4 146 19 ,1
203 0 231 12 ,,
259 11 269 17 -
403 19 408 26 ι

63 65 78 74 5
93 46 120 67 t*
271 47 275 49 '
332 66 335 67 .

0 0 57 167 Ξ
520 66 538 88 i·

0 133 17 151 4
46 118 54 126 “
68 146 100 161 1,,

0 153 57 243 J}
152 199 167 206 -
290 194 295 199 .
636 163 754 201 rans
790 163 863 201 m.
907 148 1071 200 sscrio
1109 162 1145 199 ι.
1189 159 1340 199 carm·
1378 160 1451 196 m.

0 231 137 310 *icor
172 243 308 307 Iesu
320 249 439 297 tam
478 242 691 297 acerbos
746 258 837 310 pro
885 242 1029 298 nobis

0 311 239 384 §dolores
273 318 538 378 sustinuit,
579 331 802 384 aequum
843 325 940 377 est,
972 322 1028 368 ut

0 396 70 463 ,ᾖα
123 391 268 445 nobis
303 391 458 445 etiam
509 389 715 458 speciali
756 390 907 442 modo
945 405 1027 442 co-

4 462 192 519 '‘-latur.
235 463 432 517 Graves
457 479 655 532 quoque
697 465 916 516 rationes
945 479 1029 515 no·

13 538 114 592 --bis
164 538 506 606 persuadent,
562 538 792 589 internos
842 536 1025 588 Christi

21 611 234 664 dolores
254 612 473 664 maiores
494 617 544 662 et
564 612 853 663 acerbiores
872 610 1027 661 fuisse

25 686 283 738 externis.
339 683 887 737 Convenientissimum
941 683 1029 748 igi-

26 764 120 812 ,tur
158 765 256 820 est,
286 765 342 810 ut
370 757 602 811 homines
629 759 857 810 internos
886 773 1028 824 prae-

35 833 183 900 cipue
222 822 422 884 doloies
463 833 542 900 pie
581 847 641 884 ac
699 832 882 883 devote
924 846 1026 882 me-

36 906 290 967 ditentur,
333 922 460 974 quos
518 913 692 957 autem
737 904 935 957 facilius
976 905 1023 955 in

35 977 196 1032 Corde
236 979 349 1031 Iesu
380 979 651 1040 materiali,
683 995 835 1047 quam
885 979 933 1029 in
976 993 1026 1028 a·

23 1053 173 1119 ‘nima
212 1053 321 1105 eius
378 1069 516 1106 mere
556 1053 805 1121 spirituali
859 1052 1026 1103 conci-

10 1126 183 1196 -piunt
209 1133 364 1195 atque
393 1128 696 1195 recogitant.
729 1125 772 1195 c)
798 1125 1027 1193 Denique

35 1215 124 1253 cor
186 1202 341 1253 etiam
425 1208 686 1269 tamquam
757 1201 1026 1267 praecipua

23 1269 284 1343 quaedam
324 1275 575 1326 virtutum
614 1274 760 1325 sedes
799 1271 1028 1326 conside-

34 1349 133 1400 rari
175 1350 460 1400 consuevit.
512 1346 778 1400 Communi
821 1364 915 1399 usu
957 1346 1028 1398 lo-

35 1421 224 1490 quendi
266 1422 498 1474 homines
526 1429 664 1474 recte
704 1420 1028 1474 ambulantes

34 1494 255 1562 bonum,
295 1512 532 1563 perverse
568 1496 901 1564 procedentes
928 1511 1030 1547 ma-

35 1568 141 1620 lum
184 1586 271 1621 cor
331 1569 518 1622 habere
568 1570 825 1622 dicuntur.
869 1568 1026 1630 Sicuti

25 1659 156 1710 ergo
179 1685 191 1705 ,
227 1650 281 1694 ut
309 1642 541 1695 Christus
582 1644 769 1702 innuit,
813 1643 936 1695 vitia
976 1643 1030 1694 de

36 1717 175 1769 corde
214 1726 389 1769 eoeeum
431 1716 529 1788 (1);
568 1719 637 1769 ita
678 1715 831 1769 etiam
874 1718 1031 1768 virtu-

36 1797 111 1842 tes
152 1791 213 1842 de
253 1792 405 1843 corde
456 1792 704 1843 scaturire
752 1798 802 1842 et
843 1792 891 1841 in
936 1791 1030 1842 isto

35 1864 260 1916 residere
300 1865 395 1916 dici
427 1872 655 1932 possunt.
689 1865 1027 1927 Quamobrem

34 1939 317 1990 rectissime
358 1938 454 1990 Cor
482 1938 592 1991 lesu
632 1947 893 2007 tamquam
923 1955 1032 2006 per-

33 2011 428 2064 fectissimarum
468 2015 741 2074 virtutum,
786 2029 918 2081 quas·
953 2013 1032 2063 Di-

32 2087 185 2137 vinus
230 2086 534 2153 Redemptor
574 2088 625 2138 in
668 2089 814 2138 terris
854 2086 1031 2137 ambu-

32 2158 147 2211 lans
187 2161 438 2217 exercuit,
469 2161 616 2212 sedes
653 2161 1026 2220 consideratur,

33 2233 255 2295 colitur,
320 2233 709 2303 hominibusque
763 2241 817 2286 ut
857 2250 1032 2286 exem-

36 2307 148 2374 plar
190 2309 506 2375 proponitur.
539 2307 771 2360 Christus
806 2309 911 2376 ipse
943 2324 1032 2359 nos

35 2395 64 2432 a
104 2381 255 2432 corde
293 2398 385 2433 suo
414 2382 631 2434 virtutes
665 2382 930 2433 addiscere
959 2383 1032 2432 iu-

38 2453 144 2517 bet;
178 2454 357 2506 Discite
396 2471 425 2506 a
451 2471 545 2516 me,
589 2457 710 2523 quia
749 2457 886 2507 mitis
926 2472 1031 2506 sum

37 2535 82 2579 et
137 2527 337 2580 humilis
383 2530 522 2581 corde
562 2527 662 2599 (02)
721 2528 1035 2582 Convenien-

36 2601 228 2655 tissima
268 2610 319 2655 et
347 2602 685 2656 saluberrima
716 2603 925 2671 proinde
966 2604 1036 2654 di·

35 2675 198 2727 cenda
238 2683 314 2728 est
364 2677 565 2729 devotio
617 2694 739 2744 erga
780 2677 1037 2729 sanctissi-

37 2763 178 2800 mum
217 2747 315 2801 Cor
354 2749 489 2811 lesu,
531 2766 661 2819 quae
719 2767 778 2803 eo
837 2767 1034 2820 quoque

37 2821 294 2888 dirigitur,
322 2830 375 2875 ut
399 2823 628 2876 homines
655 2826 1035 2877 sanctissimum

36 2910 125 2948 cor
147 2903 474 2958 venerantes,
496 2898 880 2950 considerantes
898 2905 948 2950 et
964 2899 1036 2949 in-

41 2977 282 3023 vocantes
317 2971 381 3022 ad
415 2971 643 3024 eiusdem
680 2973 899 3023 virtutes
931 2972 1039 3023 imi-

40 3043 221 3097 tandas
247 3045 412 3112 magis
443 3047 704 3114 magisque
732 3046 1031 3098 incitentur,

211 3157 237 3180 ⁴
419 3167 457 3226 §
488 3168 635 3214 246.

279 3257 331 3292 De
357 3257 458 3292 cultu
483 3262 630 3292 sanctae
653 3258 791 3294 Crucis.

113 3335 253 3392 Crux
275 3340 394 3398 oiim
441 3341 815 3393 atrocissimum
847 3357 1064 3410 poenae-

27 3414 444 3466 :instrumentum
499 3420 551 3467 et
602 3415 859 3467 maximae
897 3416 1043 3483 igno-

92 3509 145 3556 (ι)
170 3513 293 3548 matun.
324 3513 378 3556 uz,
410 3513 454 3549 ιε.
672 3513 723 3559 (2)
750 3515 871 3551 Maian.
899 3514 954 3558 ιι,
980 3514 1031 3550 29.

1899 143 1997 197 1191

1092 240 1277 295 miniae
1328 239 1537 307 signum
1594 245 1863 308 postquam
1922 238 2082 293 Pilius

1091 315 1181 368 Dei
1218 315 1268 367 in
1307 329 1462 367 cruce
1490 319 1723 366 mortuus
1748 311 1982 367 homines
2007 328 2083 367 re·

1089 389 1266 451 demit,
1307 403 1338 441 a
1378 387 1682 440 Christianis
1720 392 1963 455 tanquam
2016 388 2082 441 si-

1088 462 1248 531 gnum
1274 455 1483 515 honoris'
1502 467 1553 512 et
1574 460 1756 512 salutis
1771 460 2082 512 considerari

1089 536 1286 604 colique
1323 535 1490 603 coepit
1529 531 1627 604 (5).
1681 532 1813 586 Hinc
1852 534 1903 585 in
1945 549 2083 591 sum-

1090 626 1171 661 mo
1211 610 1402 662 honore
1431 607 1615 660 'habita
1643 606 1737 660 fuit
1765 606 1968 663 vivifica
1998 606 2082 661 illa

1089 683 1228 735 Crux
1267 684 1397 751 ipsa,
1441 681 1523 733 cui
1551 680 1783 734 Christus
1823 678 2007 733 affixus
2034 697 2081 732 e·

1089 764 1189 819 rat,
1221 762 1271 808 et
1298 771 1451 825 quam
1474 754 1682 807 saeculo
1712 752 1778 810 iV
1803 754 1858 807 S.
1890 753 2083 806 Helena

1090 830 1303 883 invenit.
1358 829 1457 881 Sed
1499 828 1562 880 ad
1604 829 1750 881 istius
1792 829 2082 886 conforma·

1091 905 1277 956 tionem
1319 904 1370 955 in
1410 910 1515 956 toto
1542 903 1663 955 orbe
1701 902 1981 955 christiano
2017 908 2083 954 et-

1089 979 1190 1030 iam
1211 979 1378 1029 crucis
1401 977 1651 1044 imagines
1672 977 1934 1029 confectae
1948 983 2083 1040 sunt,

1089 1052 1272 1120 quibus
1311 1051 1472 1103 honor
1511 1050 1853 1104 exhibebatur
1893 1057 1944 1103 et
1983 1051 2087 1102 eul-

1091 1132 1173 1178 tus
1213 1126 1555 1177 deserebatur.
1588 1123 1687 1192 Ipsi
1716 1124 2084 1186 iconociastae‚

1089 1201 1325 1268 quamvis
1374 1200 1424 1250 in
1480 1199 1731 1265 imagines
1771 1198 1831 1251 B.
1872 1197 1938 1254 V.
1981 1198 2089 1252 Ma-

1092 1274 1195 1325 riae
1236 1279 1287 1325 et
1324 1274 1632 1325 Sanctorum
1671 1272 1778 1326 dire
1806 1272 2090 1325 debaccha-

1092 1353 1288 1408 rentur,
1322 1347 1630 1414 imaginibus
1674 1354 1844 1399 tamen
1883 1346 1937 1399 S.
1964 1345 2090 1399 Cru-

1091 1422 1163 1473 cis
1204 1437 1303 1473 non
1348 1421 1630 1472 intulerunt
1658 1421 1890 1482 iniuriaS,
1921 1420 2011 1473 sed
2037 1423 2091 1472 in

1091 1511 1268 1547 earum
1308 1494 1504 1547 honore
1545 1502 1595 1546 et
1623 1495 1765 1547 cultu
1795 1500 2093 1549 constanter

1093 1570 1407 1635 institerunt.
1457 1569 1509 1620 ld
1551 1576 1691 1637 patet
1719 1586 1782 1621 ex
1823 1568 1874 1621 S.
1909 1568 2093 1627 Ioanne

1092 1643 1421 1705 Damascevw,
1466 1643 1550 1712 qui
1603 1643 1807 1695 illorum
1856 1642 2095 1695 incohae-

1087 1718 1311 1769 rentiam
1351 1719 1551 1784 arguit‚
1603 1733 1703 1785 qua
1745 1717 1998 1785 imagines
2034 1715 2088 1768 S.

1092 1791 1270 1843 Crucis
1329 1798 1661 1854 venerantur,
1725 1798 1776 1843 et
1814 1790 1930 1843 ilias
1969 1790 2097 1843 San-

1093 1872 1292 1917 ctorum
1334 1866 1574 1917 reiiciunt
1603 1906 1614 1926 ,
1665 1880 1782 1919 cum
1835 1881 1926 1932 par
1965 1865 2094 1917 ratio

1094 1939 1277 1991 militet
1306 1955 1393 2006 pro
1426 1941 1676 2007 utrisque.
1712 1937 1905 1991 Eodem
1944 1954 2095 2005 argu-

1092 2019 1267 2065 mento
1331 2020 1511 2065 contra
1585 2011 1951 2065 iconomachos
2019 2011 2095 2063 usi

1050 2102 1055 2107 ·
1093 2094 1215 2139 sunt
1255 2086 1432 2139 Patres
1491 2085 1702 2139 Concilii
1750 2086 1960 2139 Ni‘caeni
2001 2085 2059 2138 ΙΙ
2079 2127 2092 2147 ,

1094 2163 1209 2213 Act.
1254 2161 1307 2213 7.
1365 2161 1485 2214 Mox
1525 2168 1698 2213 autem
1743 2160 1872 2212 tales
1924 2175 2099 2228 proru-

1097 2242 1318 2303 perunt,
1376 2237 1459 2303 qui
1519 2235 1680 2287 cultui
1729 2234 1783 2287 S.
1835 2233 2013 2286 Crucis
2047 2240 2098 2285 et

1096 2310 1375 2376 imaginum
1419 2310 1528 2361 eius
1557 2309 1748 2361 beilum
1777 2308 2096 2360 indixerunt.

1096 2383 1234 2435 Inter
1262 2383 1554 2435 huiusmodi
1581 2383 1883 2434 aberrantes
1921 2397 2097 2434 recen·

1096 2457 1240 2508 sendi
1306 2463 1465 2508 sunt:
1535 2455 1772 2507 Claudius
1812 2455 2096 2523 Episcopus

1095 2530 1445 2591 Taui·inensiS‚
1477 2529 1785 2590 Ραιιίἰσὶαηὶ,
1830 2529 2093 2596 Βοῃοτηὶἱὶ,

1100 2604 1481 2662 Ρεὶνοὸναείαηί,
1527 2602 1757 2664 Gothori,
1806 2602 2098 2666 Waldensw,

1107 2677 1409 2747 We'cleffitae,
1433 2677 1703 2730 Lutlzeranz'
1730 2685 1773 2729 et
1816 2674 2100 2730 Calviniani

1100 2751 1194 2822 (lt).
1239 2752 1467 2805 Ecclesia
1495 2759 1668 2804 autem
1696 2750 1948 2803 catholica
1984 2767 2101 2805 con-

1098 2832 1294 2878 stanter
1334 2826 1525 2885 docuit‚
1561 2833 1669 2878 tum
1710 2825 2020 2893 imaginibus
2046 2825 2098 2879 S.

1100 2899 1279 2954 Crucis
1306 2942 1318 2962 ‚
1352 2907 1459 2951 tum
1493 2900 1766 2967 praecipue
1794 2898 1944 2952 Cruci
1980 2901 2096 2968 ipsi,

1102 2975 1149 3024 in
1193 2990 1291 3041 qua
1332 2972 1566 3025 Christus
1596 2973 1838 3042 pependit
1876 2980 1929 3026 et
1967 2974 2102 3027 salu-

1102 3054 1204 3109 tem
1247 3054 1473 3099 nostram
1502 3054 1745 3114 operatus
1771 3055 1869 3109 est,
1901 3049 2098 3100 cultum

1104 3123 1341 3174 devotum
1372 3121 1721 3173 exhibendum
1741 3126 1881 3181 esse,
1926 3123 1996 3174 ita
2033 3129 2102 3175 ta·

1104 3211 1252 3257 men,
1297 3201 1352 3246 ut
1392 3195 1620 3248 adoratio
1674 3212 1764 3248 scu
1818 3195 1991 3249 cuitus
2031 3196 2101 3248 la-

1106 3269 1231 3320 triae
1271 3284 1371 3320 non
1415 3269 1463 3320 in
1506 3269 1751 3336 imagine,
1783 3277 1876 3323 aut
1915 3272 1965 3322 in
1998 3285 2102 3322 ma-

1105 3342 1268 3394 teriali
1310 3341 1446 3410 ligno
1484 3343 1653 3406 sistat,
1697 3344 1786 3397 sed
1828 3344 1892 3397 ad
1934 3350 2102 3413 proto-

1152 3471 1207 3560 }33
1229 3472 1302 3524 Gal.
1317 3472 1352 3513 3,
1378 3471 1432 3509 13.
1453 3473 1506 3508 Gt.
1533 3474 1640 3510 Deut.
1663 3474 1718 3513 21,
1743 3474 1798 3509 23.

1169 3516 1189 3550 4
1229 3516 1314 3551 vide
1338 3517 1458 3554 petav.
1482 3519 1528 3554 de
1550 3519 1729 3554 incurat.
1754 3518 1810 3555 15.
1833 3526 1867 3554 c.
1892 3516 1926 3553 7.
