2332 3860
0 199 4 231 1
135 167 244 217 'tem
270 159 387 235 (l).
396 187 466 200 --
491 157 637 213 Alter
658 158 849 229 peccati
866 157 1077 212 eftectus

0 224 177 326 'istest
237 239 398 291 reatus
448 233 633 303 cuniae,
700 248 791 286 seu
850 231 1071 293 macula,

0 326 112 405 ξύ
94 326 229 382 quae
266 309 487 364 animam
525 307 775 377 inquinat,
813 313 865 360 et
909 306 1078 360 adbuc

88 386 150 446 jn
187 399 248 437 ea
285 388 536 451 superest,
581 381 700 435 licet
738 382 839 434 iam
881 387 1076 451 praete—

0 407 239 530 alumni
257 463 402 510 actus
423 455 712 525 peccati.1d
739 462 877 524 patet
899 471 964 507 ex
991 455 1070 507 Ss.

44 522 82 566 t
84 531 318 594 Litteris
371 546 500 600 quae
554 537 819 599 peecatum
877 530 1076 597 proprio

0 615 26 644 *—
47 588 301 670 ,salamine
335 604 595 658 maculam
647 603 926 673 appellant,
987 610 1076 656 aut

0 671 80 748 *ἕξ-
85 681 346 735 'similibus
384 680 615 732 terminis
654 680 968 747 exprimunt.
1000 677 1074 730 lta

0 735 193 824 {Jffivssslen
241 753 305 816 ΙΙ,
348 754 450 806 22:
493 753 549 806 Si
586 754 765 806 laveris
824 759 865 804 te
920 753 1071 814 nitra,

0 825 27 884 {⁵2
56 825 140 892 ‘⁷1,et
159 827 550 897 multiplicaveris
571 829 656 880 tibi
683 827 877 879 herbam
897 825 1070 887 borith,

98 903 335 956 maculata
356 919 404 955 es
424 903 477 955 in
505 903 761 971 iniquitate
794 912 880 954 tna
911 917 1075 952 coram

0 974 2 979 ’
45 976 188 1039 scine,
220 977 336 1030 dicit
374 977 611 1029 Dominus
644 977 787 1029 Deus.
821 976 902 1028 Ps.
934 975 1069 1039 XlV,

0 1106 1 1109 ,
57 1058 195 1107 Ἕω.
218 1069 231 1104 :
256 1051 474 1118 Domine,
501 1053 612 1119 qais
658 1050 890 1103 habitabit
929 1050 982 1101 in
1009 1058 1076 1102 ta·

0 1125 3 1188 J
59 1141 70 1180 ·,
97 1125 346 1180 bernaculo
374 1127 527 1178 ιιιοῖ..
559 1126 646 1193 qai
672 1125 944 1193 inqreditar
969 1124 1075 1175 sine

0 1197 1 1200 ’
35 1216 71 1266 .·‘.’
95 1200 305 1253 macula,
337 1200 494 1253 Eccli.
525 1199 723 1252 XXXl:
772 1199 946 1251 Beatus
973 1199 1069 1258 vir,

54 1304 65 1317 .’
95 1277 179 1343 qui
218 1276 440 1328 inventus
481 1282 548 1326 est
575 1275 677 1326 sine
703 1273 911 1327 macula.
942 1271 1067 1325 Con>-

88 1355 279 1402 ¹sonant
319 1349 413 1401 hac
454 1349 503 1401 in
562 1365 615 1401 re
666 1348 744 1401 Ss,
801 1348 974 1401 Patres
1026 1354 1076 1399 et

51 1420 66 1480 *J-
95 1423 315 1490 theologi
355 1424 683 1485 recentiorem
727 1438 844 1475 cum
884 1423 979 1477 hoc
1005 1428 1076 1474 ta·

52 1500 208 1571 {men
250 1498 559 1559 discrimine,
602 1497 734 1567 quod
775 1504 974 1550 veteres
1002 1497 1070 1559 id,

93 1572 223 1641 quod
265 1579 376 1640 post
413 1580 587 1625 actum
616 1573 806 1641 peccati
835 1572 886 1625 in
906 1572 1073 1624 anima

75 1654 345 1708 =remanet,
388 1648 632 1699 maculam
675 1647 1070 1707 nominaverint,

60 1722 400 1774 erecentiores
459 1737 580 1774 vero
630 1727 893 1789 peccatum
937 1721 1074 1773 habi-

52 1826 58 1863 ς
93 1795 231 1848 tuale
271 1811 568 1862 nuncupare
606 1796 821 1847 soleant.
866 1795 939 1847 De
980 1795 1075 1846 hac

93 1869 292 1923 macula
320 1869 378 1924 S.
408 1869 614 1922 Thomas
642 1870 716 1939 (9)
741 1870 861 1921 dicit
885 1886 897 1919 τ
927 1889 953 1919 «
974 1869 1075 1923 Ma-

38 2011 41 2014 ⁴
93 1943 206 1997 cula
263 1961 360 1997 non
421 1951 498 1997 est
540 1945 727 2013 aliquid
771 1945 982 2012 positive
1024 1946 1071 1996 in

93 2019 284 2081 anima,
326 2035 422 2071 nec
456 2021 711 2088 significat
739 2020 1072 2088 privationem

92 2092 276 2153 solum,
320 2094 407 2146 sed
447 2095 700 2161 significat
739 2095 1071 2161 privationem

91 2167 346 2236 quandam
389 2168 564 2220 nitoris
591 2169 791 2222 animae
818 2168 866 2219 in
898 2169 1072 2220 ordine

92 2242 154 2294 ad
195 2258 340 2294 suam
380 2258 607 2303 causam,
650 2259 780 2312 quae
802 2249 1074 2310 estpecca-

82 2322 234 2368 tum:
277 2323 328 2369 et
366 2316 477 2369 ideo
517 2319 715 2369 diversa
760 2324 963 2385 peccata
1002 2318 1075 2368 di-

70 2404 271 2444 ‚versas
312 2391 538 2444 maculas
577 2392 846 2452 inducunt,
898 2398 950 2444 et
998 2399 1073 2443 cst

92 2464 255 2519 simile
295 2466 356 2516 de
396 2467 596 2527 umbra,
640 2482 770 2534 quae
809 2472 885 2518 est
915 2467 1076 2533 priva·

79 2539 165 2591 ⁴tio
216 2538 421 2592 luminis
483 2556 549 2592 ex
606 2542 801 2592 obiecto
860 2540 1074 2592 alicuius

93 2615 354 2682 corporis:
398 2620 448 2666 ct
486 2615 768 2667 secundum
809 2615 1074 2668 diversita-

54 2692 194 2744 ‚.·tem
235 2698 502 2755 corporum
540 2690 854 2743 obiectorum
907 2690 1074 2742 diver-

93 2762 356 2814 sificantur
395 2763 625 2815 umbrae.
665 2785 689 2812 »
732 2794 802 2802 —
831 2764 1074 2817 Tristissi-

76 2851 175 2888 =ma
241 2842 361 2887 sunt
400 2838 497 2889 alia
556 2854 752 2906 quoque
791 2839 1074 2906 spiritualia

71 2910 293 2974 ‚daniam
333 2925 463 2978 quae
491 2910 677 2963 homini
705 2928 790 2980 per
812 2920 1073 2996 peccatum

92 2984 306 3037 mortale
347 2985 653 3038 inferuntur.
714 2986 878 3038 Primo
938 2988 1071 3039 enim

84 3070 244 3126 ⁴(ittera
307 3057 437 3112 bona
500 3066 551 3112 et
605 3060 883 3121 meritoria
944 3077 1072 3130 quae

93 3128 245 3185 homo
282 3133 331 3183 in
372 3139 507 3185 statu
548 3135 742 3201 gratiae
771 3135 1070 3204 perfecerat,

93 3219 191 3274 per
222 3206 537 3276 subsequens
578 3208 765 3261 lethale
811 3217 1071 3294 peccatum

94 3278 463 3334 mortificantur
501 3289 592 3345 ita,
637 3290 693 3336 ut
731 3285 773 3336 si
830 3285 1074 3354 impoeni-

78 3420 87 3444 ἴ
137 3405 269 3498 ‘13:¹³3
291 3408 327 3499 g
347 3410 406 3499 gli,
429 3461 496 3491 art
520 3455 555 3500 1,
578 3455 676 3493 ada.

65 3766 122 3811 ’κῖ

655 77 816 116 »Ans
851 77 906 116 n.
947 63 1113 114 suario
1143 46 1187 112 ἰ.
1228 73 1379 114 meur
1414 74 1481 113 iv.
1941 60 2048 115 559

1138 163 1252 210 teus
1282 155 1560 218 moriatur,
1611 152 1808 210 nul-lam
1874 171 1964 225 pro
2025 157 2127 214 illis

1138 230 1426 290 mercedem
1465 230 1722 282 inaltera
1763 230 1868 282 vita
1895 232 2126 289 obtinere

1138 306 1312 374 possit.
1357 303 1412 357 ld
1438 303 1510 357 S,
1532 303 1798 373 Scriptura
1819 304 1959 358 clare
1978 307 2126 362 docet

1136 377 1271 448 apud
1311 378 1534 432 Ezech.:
1574 378 1632 431 Si
1663 394 1918 432 conversae
1968 384 2125 435 iustus

1136 470 1167 507 a
1216 453 1412 506 iustitia
1455 467 1546 505 sua
1597 453 1770 521 fuerit,
1825 462 1867 506 et
1893 455 2060 522 fecerit
2087 457 2126 509 i·

1137 529 1513 597 niqin‘tatam...¹
1549 527 1602 579 in
1651 535 1840 595 peccato
1888 545 1974 580 sno
2022 546 2124 583 mo-

1137 604 1313 665 rietur,
1359 610 1403 655 et
1439 616 1535 654 non
1580 610 1731 653 erant
1787 603 1840 654 in
1890 606 2125 658 momoria

1138 680 1351 729 iustitiae
1393 678 1519 736 eius,
1570 692 1695 744 qaas
1739 678 1852 744 fecit
1906 676 2016 749 (5):
2073 686 2125 733 et

1138 752 1342 804 ibidem:
1373 750 1428 803 Si
1456 759 1615 803 autem
1638 752 1871 804 averterit
1897 768 1945 804 se
1967 754 2126 806 instas

1135 842 1166 878 a
1210 827 1398 878 institia
1436 842 1550 885 saa,
1600 832 1643 877 et
1688 827 1854 893 fecerit
1892 828 2126 897 iniquita·

1138 908 1290 953 tem...
1349 916 1510 953 omnes
1550 901 1765 952 institiae
1811 902 1918 953 eius
1942 943 1954 962 ,
2004 919 2124 971 qaas

1118 972 1330 1043 fecerat,
1384 992 1481 1027 non
1532 975 1916 1027 recordabuntur
1944 974 2042 1047 (li),
2075 977 2124 1030 id

1137 1057 1233 1110 est,
1278 1051 1467 1102 intuitu
1510 1050 1760 1101 mercedis
1798 1056 1850 1102 et
1882 1058 2124 1104 aeternae

1135 1124 1327 1190 gloriae
1356 1124 1482 1176 tales
1509 1131 1680 1184 erunt,
1706 1140 1765 1175 ac
1791 1125 1830 1175 si
1860 1140 2123 1194 nunquam

1136 1199 1433 1250 adfuissent.
1468 1196 1686 1250 Secundo
1713 1198 1863 1253 homo
1895 1215 1982 1266 per
2011 1217 2124 1268 pec-

1137 1279 1304 1326 catum
1327 1275 1489 1341 gratia
1518 1273 1871 1326 sanctificante
1897 1274 2124 1342 privatus

1136 1350 1341 1400 omnino
1381 1349 1599 1415 incapax
1622 1355 1700 1399 est
1725 1349 1788 1399 ad
1812 1365 1963 1417 opera
1993 1350 2124 1403 bona

1137 1423 1184 1473 in
1226 1423 1403 1474 ordine
1441 1423 1838 1489 supernaturali,
1883 1431 1934 1475 et
1975 1426 2124 1477 meri·

1138 1498 1263 1549 toria
1305 1499 1524 1564 prorvita
1554 1504 1761 1548 aeterna
1791 1498 2118 1565 perficienda.

1138 1571 1187 1622 ld
1230 1571 1376 1623 docet
1404 1572 1661 1639 conceptis
1681 1572 1848 1624 verbis
1869 1573 2123 1626 Christus:

1135 1645 1268 1698 Sient
1301 1645 1490 1715 palmes
1530 1662 1628 1698 non
1665 1654 1812 1713 potest
1851 1647 1980 1713 ferre
2018 1650 2124 1715 fru-

1135 1728 1264 1772 ctum
1301 1738 1330 1772 a
1369 1721 1635 1789 semetipso,
1678 1722 1775 1772 nisi
1809 1723 2044 1774 manserit
2072 1723 2125 1774 in

1138 1796 1246 1855 vite,
1289 1796 1360 1846 sie
1398 1811 1480 1846 nec
1519 1811 1618 1852 vos,
1661 1796 1760 1846 nisi
1799 1796 1950 1847 inme
1984 1813 2124 1849 inan-

1134 1870 1294 1920 seritis
1324 1867 1419 1940 (5),
1467 1885 1648 1936 nempe
1692 1869 1783 1920 nisi
1829 1886 1916 1937 per
1955 1871 2122 1923 chari-

1138 1949 1313 2003 tatem,
1358 1960 1446 1996 seu
1475 1946 1689 2009 gratiam
1712 1944 2123 1998 sanctificantem

1139 2019 1257 2070 mihi
1301 2020 1424 2070 uniti
1467 2018 1681 2070 fueritis,
1718 2018 2124 2089 Tertio.,propter

1138 2101 1402 2159 peccatum
1447 2094 1683 2153 mortale,
1747 2095 2018 2162 praecipue
2082 2096 2123 2147 si

1135 2168 1246 2235 quis
1287 2169 1370 2220 diu
1412 2168 1462 2219 in
1505 2167 1589 2219 illo
1631 2176 1944 2236 perseveret,
1989 2170 2123 2221 idem

1138 2244 1284 2294 iteret
1324 2250 1373 2294 et
1414 2244 1613 2294 vocanti
1656 2243 1717 2293 ad
1760 2244 2124 2310 poenitentiam

1138 2316 1239 2367 Deo
1293 2318 1520 2376 resistat,
1584 2317 1876 2384 frequenter
1929 2319 2126 2383 gratiae

1135 2391 1381 2450 actuales,
1434 2391 1616 2459 quibus
1668 2391 1960 2444 intellectus
2013 2392 2126 2444 illu-

1136 2467 1378 2525 minatur,
1424 2473 1474 2517 et
1524 2465 1760 2517 voluntas
1812 2465 1875 2517 ad
1935 2467 2126 2519 bonum

1139 2548 1389 2601 movetur,
1435 2540 1775 2606 denegantur,
1801 2556 1890 2592 seu
1926 2541 2126 2594 subtra-

1138 2615 1347 2673 huntur,
1392 2631 1454 2668 ex
1497 2632 1595 2684 quo
1636 2615 1710 2675 fit,
1757 2620 1813 2666 ut
1853 2615 2002 2667 homo
2029 2631 2124 2668 au-

1137 2691 1256 2742 xilio
1296 2690 1384 2742 Dei
1427 2688 1618 2741 efficaci
1659 2690 1933 2741 destitutus
1972 2689 2120 2743 facile

1139 2765 1501 2816 tentationibus
1529 2766 1849 2823 succumbat,
1876 2763 1997 2815 etin
2019 2764 2121 2818 alia

1134 2841 1308 2907 gravia
1354 2847 1562 2906 peccata
1607 2846 1738 2890 ruat.
1769 2839 1820 2889 ln
1848 2838 1941 2890 hoc
1967 2855 2122 2892 sensu

1138 2920 1422 2980 peccatum,
1467 2915 1561 2965 dici
1583 2913 1709 2964 solet
1735 2928 1891 2978 poena
1911 2914 2124 2966 alterius

1138 2988 1347 3054 peccati.
1387 2988 1494 3040 Non
1536 2995 1704 3038 tamen
1737 2987 1872 3039 Deus
1899 2988 1986 3039 tali
2012 3004 2124 3056 poe-

1138 3079 1198 3113 na
1239 3070 1417 3114 auctor
1484 3063 1677 3129 peccati
1733 3060 1821 3123 fit,
1875 3063 2122 3131 *quoniam

1137 3138 1240 3204 ipse
1282 3153 1380 3188 non
1418 3136 1528 3188 vult
1552 3142 1838 3203 peccatum,
1864 3152 1958 3188 nec
1988 3137 2121 3190 istud

1134 3212 1302 3280 aliquo
1362 3211 1508 3262 modo
1574 3211 1787 3277 positive
1845 3218 2117 3273 causatur,

1133 3287 1219 3338 sed
1262 3301 1326 3337 ex
1367 3285 1499 3337 iusto
1539 3286 1723 3339 iudicio
1751 3285 1863 3338 vult
1887 3286 2113 3339 beneficii

1177 3414 1227 3458 (3)
1251 3415 1375 3448 Ezecli.
1407 3414 1439 3455 ³,
1459 3413 1514 3450 20.

1177 3459 1229 3504 (4)
1254 3459 1341 3504 Cap.
1367 3458 1425 3503 18,
1447 3459 1501 3495 24.
1822 3456 1875 3504 (δ)
1897 3459 1950 3493 Ιο.
1975 3457 2018 3493 15
