<?xml version="1.0" encoding="UTF-8"?>
<!DOCTYPE html PUBLIC "-//W3C//DTD XHTML 1.0 Transitional//EN"
    "http://www.w3.org/TR/xhtml1/DTD/xhtml1-transitional.dtd">
<html xmlns="http://www.w3.org/1999/xhtml" xml:lang="en" lang="en">
 <head>
  <title>
</title>
<meta http-equiv="Content-Type" content="text/html;charset=utf-8" />
  <meta name='ocr-system' content='tesseract 3.04.00' />
  <meta name='ocr-capabilities' content='ocr_page ocr_carea ocr_par ocr_line ocrx_word'/>
</head>
<body>
  <div class='ocr_page' id='page_1' title='image "./theologiae00knoluoft_0213.png"; bbox 0 0 2332 3860; ppageno 0'>
   <div class='ocr_carea' id='block_1_1' title="bbox 650 116 1514 185">
    <p class='ocr_par' dir='ltr' id='par_1_1' title="bbox 650 116 1514 185">
     <span class='ocr_line' id='line_1_1' title="bbox 650 116 1514 185; baseline -0.006 1"><span class='ocrx_word' id='word_1_1' title='bbox 650 152 653 155; x_wconf 65' lang='grc'><em>’</em></span> <span class='ocrx_word' id='word_1_2' title='bbox 725 145 845 185; x_wconf 69' lang='lat' dir='ltr'><strong>mas</strong></span> <span class='ocrx_word' id='word_1_3' title='bbox 878 146 916 184; x_wconf 82' lang='lat'><strong>1.</strong></span> <span class='ocrx_word' id='word_1_4' title='bbox 956 140 1121 183; x_wconf 71' lang='lat' dir='ltr'><strong>sec-rio</strong></span> <span class='ocrx_word' id='word_1_5' title='bbox 1161 144 1214 184; x_wconf 87' lang='lat' dir='ltr'><strong>u.</strong></span> <span class='ocrx_word' id='word_1_6' title='bbox 1257 116 1412 181; x_wconf 59' lang='lat' dir='ltr'><strong>caru-r</strong></span> <span class='ocrx_word' id='word_1_7' title='bbox 1446 144 1514 182; x_wconf 78' lang='lat' dir='ltr'><strong>iv.</strong></span> 
     </span>
    </p>
   </div>
   <div class='ocr_carea' id='block_1_2' title="bbox 46 224 1094 1029">
    <p class='ocr_par' dir='ltr' id='par_1_2' title="bbox 46 224 1094 1029">
     <span class='ocr_line' id='line_1_2' title="bbox 78 224 1094 301; baseline -0.008 -15"><span class='ocrx_word' id='word_1_8' title='bbox 78 227 520 301; x_wconf 50' lang='lat' dir='ltr'><strong>«taemqenesneus.</strong></span> <span class='ocrx_word' id='word_1_9' title='bbox 549 224 701 280; x_wconf 89' lang='lat' dir='ltr'><strong>Nulla</strong></span> <span class='ocrx_word' id='word_1_10' title='bbox 737 243 860 296; x_wconf 83' lang='lat' dir='ltr'><strong>ergo</strong></span> <span class='ocrx_word' id='word_1_11' title='bbox 896 233 1094 281; x_wconf 87' lang='lat' dir='ltr'><strong>contra·</strong></span> 
     </span>
     <span class='ocr_line' id='line_1_3' title="bbox 108 302 1091 360; baseline -0.007 0"><span class='ocrx_word' id='word_1_12' title='bbox 108 306 261 360; x_wconf 79' lang='lat' dir='ltr'><strong>dictio</strong></span> <span class='ocrx_word' id='word_1_13' title='bbox 295 305 347 355; x_wconf 91' lang='lat' dir='ltr'><strong>in</strong></span> <span class='ocrx_word' id='word_1_14' title='bbox 386 302 616 354; x_wconf 87' lang='lat' dir='ltr'><strong>doctrina</strong></span> <span class='ocrx_word' id='word_1_15' title='bbox 646 302 895 355; x_wconf 86' lang='lat' dir='ltr'><strong>catholica</strong></span> <span class='ocrx_word' id='word_1_16' title='bbox 931 302 1091 354; x_wconf 87' lang='lat' dir='ltr'><strong>conti-</strong></span> 
     </span>
     <span class='ocr_line' id='line_1_4' title="bbox 103 374 1090 433; baseline -0.005 -1"><span class='ocrx_word' id='word_1_17' title='bbox 103 385 273 433; x_wconf 75' lang='lat' dir='ltr'><strong>netur.</strong></span> <span class='ocrx_word' id='word_1_18' title='bbox 316 374 445 429; x_wconf 88' lang='lat' dir='ltr'><strong>Nam</strong></span> <span class='ocrx_word' id='word_1_19' title='bbox 486 377 710 429; x_wconf 84' lang='lat' dir='ltr'><strong>essentia</strong></span> <span class='ocrx_word' id='word_1_20' title='bbox 751 392 864 429; x_wconf 30' lang='lat' dir='ltr'><strong>non*</strong></span> <span class='ocrx_word' id='word_1_21' title='bbox 914 375 1090 427; x_wconf 87' lang='lat' dir='ltr'><strong>distin-</strong></span> 
     </span>
     <span class='ocr_line' id='line_1_5' title="bbox 106 451 1090 523; baseline -0.003 -19"><span class='ocrx_word' id='word_1_22' title='bbox 106 453 279 523; x_wconf 78' lang='lat' dir='ltr'>guitur</span> <span class='ocrx_word' id='word_1_23' title='bbox 333 467 360 502; x_wconf 86' lang='lat' dir='ltr'><strong>a</strong></span> <span class='ocrx_word' id='word_1_24' title='bbox 423 451 686 519; x_wconf 88' lang='lat' dir='ltr'><strong>personis,</strong></span> <span class='ocrx_word' id='word_1_25' title='bbox 747 458 798 503; x_wconf 89' lang='lat' dir='ltr'><strong>et</strong></span> <span class='ocrx_word' id='word_1_26' title='bbox 845 465 1090 520; x_wconf 81' lang='lat' dir='ltr'>personae</span> 
     </span>
     <span class='ocr_line' id='line_1_6' title="bbox 77 524 1085 592; baseline -0.006 -11"><span class='ocrx_word' id='word_1_27' title='bbox 77 542 206 580; x_wconf 73' lang='lat' dir='ltr'><strong>-non</strong></span> <span class='ocrx_word' id='word_1_28' title='bbox 272 525 658 592; x_wconf 85' lang='lat' dir='ltr'><strong>distinguuntur</strong></span> <span class='ocrx_word' id='word_1_29' title='bbox 721 526 785 578; x_wconf 90' lang='lat' dir='ltr'><strong>ab</strong></span> <span class='ocrx_word' id='word_1_30' title='bbox 843 524 1085 577; x_wconf 77' lang='lat' dir='ltr'><strong>essentia.</strong></span> 
     </span>
     <span class='ocr_line' id='line_1_7' title="bbox 102 598 1090 655; baseline -0.005 -1"><span class='ocrx_word' id='word_1_31' title='bbox 102 601 354 655; x_wconf 71' lang='lat' dir='ltr'><strong>Personae</strong></span> <span class='ocrx_word' id='word_1_32' title='bbox 388 615 511 651; x_wconf 84' lang='lat' dir='ltr'><strong>vero</strong></span> <span class='ocrx_word' id='word_1_33' title='bbox 550 601 615 653; x_wconf 92' lang='lat' dir='ltr'><strong>ab</strong></span> <span class='ocrx_word' id='word_1_34' title='bbox 654 600 877 651; x_wconf 87' lang='lat' dir='ltr'><strong>invicem</strong></span> <span class='ocrx_word' id='word_1_35' title='bbox 916 598 1090 650; x_wconf 91' lang='lat' dir='ltr'><strong>distin-</strong></span> 
     </span>
     <span class='ocr_line' id='line_1_8' title="bbox 106 672 1090 745; baseline -0.004 -18"><span class='ocrx_word' id='word_1_36' title='bbox 106 679 362 745; x_wconf 85' lang='lat' dir='ltr'><strong>guuntur,</strong></span> <span class='ocrx_word' id='word_1_37' title='bbox 405 674 493 725; x_wconf 89' lang='lat' dir='ltr'><strong>sed</strong></span> <span class='ocrx_word' id='word_1_38' title='bbox 548 689 647 726; x_wconf 91' lang='lat' dir='ltr'><strong>non</strong></span> <span class='ocrx_word' id='word_1_39' title='bbox 714 689 801 741; x_wconf 90' lang='lat' dir='ltr'><strong>per</strong></span> <span class='ocrx_word' id='word_1_40' title='bbox 865 672 947 734; x_wconf 90' lang='lat' dir='ltr'><strong>id,</strong></span> <span class='ocrx_word' id='word_1_41' title='bbox 990 688 1090 740; x_wconf 90' lang='lat' dir='ltr'><strong>quo</strong></span> 
     </span>
     <span class='ocr_line' id='line_1_9' title="bbox 108 745 1087 815; baseline -0.006 -13"><span class='ocrx_word' id='word_1_42' title='bbox 108 764 265 802; x_wconf 89' lang='lat' dir='ltr'><strong>unum</strong></span> <span class='ocrx_word' id='word_1_43' title='bbox 304 754 461 810; x_wconf 86' lang='lat' dir='ltr'><strong>sunt,</strong></span> <span class='ocrx_word' id='word_1_44' title='bbox 505 747 593 800; x_wconf 91' lang='lat' dir='ltr'><strong>sed</strong></span> <span class='ocrx_word' id='word_1_45' title='bbox 637 763 723 815; x_wconf 91' lang='lat' dir='ltr'><strong>per</strong></span> <span class='ocrx_word' id='word_1_46' title='bbox 764 746 811 799; x_wconf 86' lang='lat' dir='ltr'><strong>id</strong></span> <span class='ocrx_word' id='word_1_47' title='bbox 866 763 966 815; x_wconf 85' lang='lat' dir='ltr'><strong>quo</strong></span> <span class='ocrx_word' id='word_1_48' title='bbox 1025 745 1087 796; x_wconf 92' lang='lat' dir='ltr'><strong>ad</strong></span> 
     </span>
     <span class='ocr_line' id='line_1_10' title="bbox 46 820 1092 887; baseline -0.005 -11"><span class='ocrx_word' id='word_1_49' title='bbox 46 880 53 885; x_wconf 22' lang='lat' dir='ltr'><em>f</em></span> <span class='ocrx_word' id='word_1_50' title='bbox 106 824 322 877; x_wconf 86' lang='lat' dir='ltr'><strong>invicem</strong></span> <span class='ocrx_word' id='word_1_51' title='bbox 354 823 660 874; x_wconf 85' lang='lat' dir='ltr'><strong>referuntur.</strong></span> <span class='ocrx_word' id='word_1_52' title='bbox 693 820 943 874; x_wconf 84' lang='lat' dir='ltr'><strong>Observat</strong></span> <span class='ocrx_word' id='word_1_53' title='bbox 983 836 1092 887; x_wconf 93' lang='lat' dir='ltr'><strong>por-</strong></span> 
     </span>
     <span class='ocr_line' id='line_1_11' title="bbox 106 894 1089 967; baseline -0.006 -16"><span class='ocrx_word' id='word_1_54' title='bbox 106 913 162 951; x_wconf 85' lang='lat' dir='ltr'><strong>ro</strong></span> <span class='ocrx_word' id='word_1_55' title='bbox 207 896 260 950; x_wconf 92' lang='lat' dir='ltr'><strong>S.</strong></span> <span class='ocrx_word' id='word_1_56' title='bbox 309 897 512 949; x_wconf 79' lang='lat' dir='ltr'><em>Thomas</em></span> <span class='ocrx_word' id='word_1_57' title='bbox 553 894 661 967; x_wconf 81' lang='lat' dir='ltr'><strong>(l):</strong></span> <span class='ocrx_word' id='word_1_58' title='bbox 732 895 863 965; x_wconf 89' lang='lat' dir='ltr'><strong>quod</strong></span> <span class='ocrx_word' id='word_1_59' title='bbox 915 910 1089 963; x_wconf 66' lang='lat' dir='ltr'><strong>perso-</strong></span> 
     </span>
     <span class='ocr_line' id='line_1_12' title="bbox 88 970 1090 1029; baseline -0.002 -8"><span class='ocrx_word' id='word_1_60' title='bbox 88 988 237 1029; x_wconf 80' lang='lat' dir='ltr'><strong>nae,</strong></span> <span class='ocrx_word' id='word_1_61' title='bbox 279 987 369 1023; x_wconf 87' lang='lat' dir='ltr'><strong>seu</strong></span> <span class='ocrx_word' id='word_1_62' title='bbox 419 971 694 1023; x_wconf 76' lang='lat' dir='ltr'><strong>relationes</strong></span> <span class='ocrx_word' id='word_1_63' title='bbox 750 970 1090 1022; x_wconf 81' lang='lat' dir='ltr'><strong>subsistentes</strong></span> 
     </span>
    </p>
   </div>
   <div class='ocr_carea' id='block_1_3' title="bbox 27 1043 1089 1115">
    <p class='ocr_par' dir='ltr' id='par_1_3' title="bbox 27 1043 1089 1115">
     <span class='ocr_line' id='line_1_13' title="bbox 27 1043 1089 1115; baseline -0.006 -16"><span class='ocrx_word' id='word_1_64' title='bbox 27 1056 30 1062; x_wconf 86' lang='grc'><strong>“</strong></span> <span class='ocrx_word' id='word_1_65' title='bbox 106 1045 312 1100; x_wconf 79' lang='lat' dir='ltr'><strong>realiter</strong></span> <span class='ocrx_word' id='word_1_66' title='bbox 370 1046 573 1115; x_wconf 88' lang='lat' dir='ltr'><strong>quidem</strong></span> <span class='ocrx_word' id='word_1_67' title='bbox 632 1060 790 1096; x_wconf 89' lang='lat' dir='ltr'><strong>unum</strong></span> <span class='ocrx_word' id='word_1_68' title='bbox 852 1050 904 1096; x_wconf 87' lang='lat' dir='ltr'><strong>et</strong></span> <span class='ocrx_word' id='word_1_69' title='bbox 956 1043 1089 1095; x_wconf 83' lang='lat' dir='ltr'><strong>idem</strong></span> 
     </span>
    </p>
   </div>
   <div class='ocr_carea' id='block_1_4' title="bbox 45 1116 1099 3031">
    <p class='ocr_par' dir='ltr' id='par_1_4' title="bbox 45 1116 1099 3031">
     <span class='ocr_line' id='line_1_14' title="bbox 64 1116 1087 1178; baseline -0.007 -5"><span class='ocrx_word' id='word_1_70' title='bbox 64 1152 66 1154; x_wconf 32' lang='lat' dir='ltr'>v</span> <span class='ocrx_word' id='word_1_71' title='bbox 107 1127 226 1173; x_wconf 89' lang='lat' dir='ltr'><strong>sunt</strong></span> <span class='ocrx_word' id='word_1_72' title='bbox 281 1135 400 1173; x_wconf 85' lang='lat' dir='ltr'><strong>cum</strong></span> <span class='ocrx_word' id='word_1_73' title='bbox 463 1119 682 1172; x_wconf 80' lang='lat' dir='ltr'><strong>essentia</strong></span> <span class='ocrx_word' id='word_1_74' title='bbox 741 1118 933 1178; x_wconf 88' lang='lat' dir='ltr'><strong>divina,</strong></span> <span class='ocrx_word' id='word_1_75' title='bbox 1002 1116 1087 1168; x_wconf 89' lang='lat' dir='ltr'><strong>sed</strong></span> 
     </span>
     <span class='ocr_line' id='line_1_15' title="bbox 77 1193 1090 1259; baseline -0.006 -11"><span class='ocrx_word' id='word_1_76' title='bbox 77 1249 79 1256; x_wconf 46' lang='lat'><strong>,</strong></span> <span class='ocrx_word' id='word_1_77' title='bbox 108 1201 280 1248; x_wconf 89' lang='lat' dir='ltr'><strong>tamen</strong></span> <span class='ocrx_word' id='word_1_78' title='bbox 318 1194 599 1247; x_wconf 89' lang='lat' dir='ltr'><strong>secundum</strong></span> <span class='ocrx_word' id='word_1_79' title='bbox 622 1193 987 1259; x_wconf 78' lang='lat' dir='ltr'><strong>intelligentiae</strong></span> <span class='ocrx_word' id='word_1_80' title='bbox 1013 1207 1090 1242; x_wconf 84' lang='lat' dir='ltr'><strong>ra-</strong></span> 
     </span>
     <span class='ocr_line' id='line_1_16' title="bbox 54 1268 1090 1334; baseline -0.005 -13"><span class='ocrx_word' id='word_1_81' title='bbox 54 1292 56 1294; x_wconf 42' lang='lat'>*</span> <span class='ocrx_word' id='word_1_82' title='bbox 109 1270 297 1321; x_wconf 83' lang='lat' dir='ltr'><strong>tionem</strong></span> <span class='ocrx_word' id='word_1_83' title='bbox 338 1269 403 1321; x_wconf 90' lang='lat' dir='ltr'><strong>ab</strong></span> <span class='ocrx_word' id='word_1_84' title='bbox 436 1284 494 1320; x_wconf 89' lang='lat' dir='ltr'><strong>ea</strong></span> <span class='ocrx_word' id='word_1_85' title='bbox 550 1268 955 1334; x_wconf 80' lang='lat' dir='ltr'><strong>distinguuntur3</strong></span> <span class='ocrx_word' id='word_1_86' title='bbox 1025 1282 1090 1316; x_wconf 83' lang='lat' dir='ltr'><strong>cx</strong></span> 
     </span>
     <span class='ocr_line' id='line_1_17' title="bbox 108 1340 1087 1412; baseline -0.005 -17"><span class='ocrx_word' id='word_1_87' title='bbox 108 1359 206 1412; x_wconf 92' lang='lat' dir='ltr'><strong>quo</strong></span> <span class='ocrx_word' id='word_1_88' title='bbox 233 1343 309 1403; x_wconf 84' lang='lat' dir='ltr'><strong>fit,</strong></span> <span class='ocrx_word' id='word_1_89' title='bbox 354 1349 408 1394; x_wconf 91' lang='lat' dir='ltr'><strong>ut</strong></span> <span class='ocrx_word' id='word_1_90' title='bbox 436 1341 572 1394; x_wconf 91' lang='lat' dir='ltr'><strong>aliud</strong></span> <span class='ocrx_word' id='word_1_91' title='bbox 602 1342 663 1394; x_wconf 89' lang='lat' dir='ltr'><strong>de</strong></span> <span class='ocrx_word' id='word_1_92' title='bbox 688 1342 928 1403; x_wconf 77' lang='lat' dir='ltr'><strong>essentia,</strong></span> <span class='ocrx_word' id='word_1_93' title='bbox 952 1340 1087 1392; x_wconf 91' lang='lat' dir='ltr'><strong>aliud</strong></span> 
     </span>
     <span class='ocr_line' id='line_1_18' title="bbox 109 1414 1088 1485; baseline -0.003 -16"><span class='ocrx_word' id='word_1_94' title='bbox 109 1418 170 1469; x_wconf 91' lang='lat' dir='ltr'><strong>de</strong></span> <span class='ocrx_word' id='word_1_95' title='bbox 199 1417 427 1485; x_wconf 87' lang='lat' dir='ltr'><strong>personis</strong></span> <span class='ocrx_word' id='word_1_96' title='bbox 449 1416 742 1483; x_wconf 88' lang='lat' dir='ltr'><strong>praedicare</strong></span> <span class='ocrx_word' id='word_1_97' title='bbox 765 1416 933 1467; x_wconf 89' lang='lat' dir='ltr'><strong>liceat.</strong></span> <span class='ocrx_word' id='word_1_98' title='bbox 962 1414 1088 1467; x_wconf 88' lang='lat' dir='ltr'><strong>Nam</strong></span> 
     </span>
     <span class='ocr_line' id='line_1_19' title="bbox 109 1489 1090 1543; baseline -0.003 0"><span class='ocrx_word' id='word_1_99' title='bbox 109 1492 261 1543; x_wconf 84' lang='lat' dir='ltr'><strong>etiam</strong></span> <span class='ocrx_word' id='word_1_100' title='bbox 328 1492 573 1543; x_wconf 88' lang='lat' dir='ltr'><strong>attributa</strong></span> <span class='ocrx_word' id='word_1_101' title='bbox 634 1491 806 1542; x_wconf 86' lang='lat' dir='ltr'><strong>divina</strong></span> <span class='ocrx_word' id='word_1_102' title='bbox 858 1489 1090 1542; x_wconf 86' lang='lat' dir='ltr'><strong>absoluta</strong></span> 
     </span>
     <span class='ocr_line' id='line_1_20' title="bbox 108 1564 1093 1617; baseline -0.003 0"><span class='ocrx_word' id='word_1_103' title='bbox 108 1566 314 1617; x_wconf 84' lang='lat' dir='ltr'><strong>realiter</strong></span> <span class='ocrx_word' id='word_1_104' title='bbox 353 1565 416 1617; x_wconf 89' lang='lat' dir='ltr'><strong>ab</strong></span> <span class='ocrx_word' id='word_1_105' title='bbox 457 1566 673 1616; x_wconf 85' lang='lat' dir='ltr'><strong>essentia</strong></span> <span class='ocrx_word' id='word_1_106' title='bbox 698 1565 868 1616; x_wconf 89' lang='lat' dir='ltr'><strong>divina</strong></span> <span class='ocrx_word' id='word_1_107' title='bbox 898 1581 997 1616; x_wconf 91' lang='lat' dir='ltr'><strong>non</strong></span> <span class='ocrx_word' id='word_1_108' title='bbox 1023 1564 1093 1614; x_wconf 90' lang='lat' dir='ltr'><strong>di·</strong></span> 
     </span>
     <span class='ocr_line' id='line_1_21' title="bbox 110 1638 1087 1706; baseline -0.001 -17"><span class='ocrx_word' id='word_1_109' title='bbox 110 1641 465 1706; x_wconf 80' lang='lat' dir='ltr'><strong>stinguuntur,</strong></span> <span class='ocrx_word' id='word_1_110' title='bbox 498 1639 563 1690; x_wconf 87' lang='lat' dir='ltr'><strong>ita</strong></span> <span class='ocrx_word' id='word_1_111' title='bbox 609 1645 664 1691; x_wconf 88' lang='lat' dir='ltr'><strong>ut</strong></span> <span class='ocrx_word' id='word_1_112' title='bbox 702 1645 839 1690; x_wconf 88' lang='lat' dir='ltr'><strong>recte</strong></span> <span class='ocrx_word' id='word_1_113' title='bbox 867 1638 1087 1695; x_wconf 86' lang='lat' dir='ltr'><strong>dicatur,</strong></span> 
     </span>
     <span class='ocr_line' id='line_1_22' title="bbox 108 1712 1095 1765; baseline -0.003 0"><span class='ocrx_word' id='word_1_114' title='bbox 108 1714 351 1765; x_wconf 88' lang='lat' dir='ltr'><strong>iustitiam</strong></span> <span class='ocrx_word' id='word_1_115' title='bbox 394 1712 483 1764; x_wconf 87' lang='lat' dir='ltr'><strong>Dei</strong></span> <span class='ocrx_word' id='word_1_116' title='bbox 536 1729 646 1764; x_wconf 84' lang='lat' dir='ltr'><strong>esse</strong></span> <span class='ocrx_word' id='word_1_117' title='bbox 686 1714 961 1764; x_wconf 83' lang='lat' dir='ltr'><strong>essentiam</strong></span> <span class='ocrx_word' id='word_1_118' title='bbox 1025 1712 1095 1762; x_wconf 88' lang='lat' dir='ltr'><strong>di·</strong></span> 
     </span>
     <span class='ocr_line' id='line_1_23' title="bbox 110 1786 1091 1847; baseline -0.003 -9"><span class='ocrx_word' id='word_1_119' title='bbox 110 1788 301 1847; x_wconf 86' lang='lat' dir='ltr'><strong>vinam,</strong></span> <span class='ocrx_word' id='word_1_120' title='bbox 345 1792 395 1837; x_wconf 90' lang='lat' dir='ltr'><strong>et</strong></span> <span class='ocrx_word' id='word_1_121' title='bbox 434 1786 835 1838; x_wconf 85' lang='lat' dir='ltr'><strong>misericordiam</strong></span> <span class='ocrx_word' id='word_1_122' title='bbox 864 1787 951 1837; x_wconf 82' lang='lat' dir='ltr'><strong>Dei</strong></span> <span class='ocrx_word' id='word_1_123' title='bbox 982 1802 1091 1835; x_wconf 85' lang='lat' dir='ltr'><strong>esse</strong></span> 
     </span>
     <span class='ocr_line' id='line_1_24' title="bbox 111 1861 1095 1930; baseline -0.005 -17"><span class='ocrx_word' id='word_1_124' title='bbox 111 1863 298 1930; x_wconf 88' lang='lat' dir='ltr'><strong>pariter</strong></span> <span class='ocrx_word' id='word_1_125' title='bbox 336 1861 609 1912; x_wconf 82' lang='lat' dir='ltr'><strong>essentiam</strong></span> <span class='ocrx_word' id='word_1_126' title='bbox 652 1861 898 1922; x_wconf 80' lang='lat' dir='ltr'><strong>divinam3</strong></span> <span class='ocrx_word' id='word_1_127' title='bbox 944 1867 993 1911; x_wconf 90' lang='lat' dir='ltr'><strong>et</strong></span> <span class='ocrx_word' id='word_1_128' title='bbox 1025 1866 1095 1910; x_wconf 82' lang='lat' dir='ltr'><strong>ta-</strong></span> 
     </span>
     <span class='ocr_line' id='line_1_25' title="bbox 110 1934 1092 2003; baseline -0.003 -17"><span class='ocrx_word' id='word_1_129' title='bbox 110 1951 246 1997; x_wconf 88' lang='lat' dir='ltr'><strong>men,</strong></span> <span class='ocrx_word' id='word_1_130' title='bbox 271 1936 386 2003; x_wconf 90' lang='lat' dir='ltr'><strong>quia</strong></span> <span class='ocrx_word' id='word_1_131' title='bbox 422 1935 704 1995; x_wconf 77' lang='lat' dir='ltr'><strong>secundum</strong></span> <span class='ocrx_word' id='word_1_132' title='bbox 725 1934 1092 2002; x_wconf 83' lang='lat' dir='ltr'><strong>intelligentiae</strong></span> 
     </span>
     <span class='ocr_line' id='line_1_26' title="bbox 111 2008 1092 2075; baseline -0.002 -15"><span class='ocrx_word' id='word_1_133' title='bbox 111 2010 359 2062; x_wconf 84' lang='lat' dir='ltr'><strong>rationem</strong></span> <span class='ocrx_word' id='word_1_134' title='bbox 430 2009 816 2075; x_wconf 81' lang='lat' dir='ltr'><strong>distinguuntur</strong></span> <span class='ocrx_word' id='word_1_135' title='bbox 843 2050 853 2070; x_wconf 98' lang='lat'><strong>,</strong></span> <span class='ocrx_word' id='word_1_136' title='bbox 923 2008 1092 2059; x_wconf 81' lang='lat' dir='ltr'><strong>dicere</strong></span> 
     </span>
     <span class='ocr_line' id='line_1_27' title="bbox 110 2082 1088 2141; baseline -0.003 -6"><span class='ocrx_word' id='word_1_137' title='bbox 110 2099 208 2135; x_wconf 91' lang='lat' dir='ltr'><strong>non</strong></span> <span class='ocrx_word' id='word_1_138' title='bbox 234 2083 382 2135; x_wconf 85' lang='lat' dir='ltr'><strong>licet:</strong></span> <span class='ocrx_word' id='word_1_139' title='bbox 406 2083 595 2135; x_wconf 90' lang='lat' dir='ltr'><strong>iustitia</strong></span> <span class='ocrx_word' id='word_1_140' title='bbox 619 2091 695 2135; x_wconf 90' lang='lat' dir='ltr'><strong>est</strong></span> <span class='ocrx_word' id='word_1_141' title='bbox 726 2082 1088 2141; x_wconf 83' lang='lat' dir='ltr'><strong>misericordia,</strong></span> 
     </span>
     <span class='ocr_line' id='line_1_28' title="bbox 110 2157 1096 2224; baseline -0.002 -16"><span class='ocrx_word' id='word_1_142' title='bbox 110 2158 228 2224; x_wconf 89' lang='lat' dir='ltr'><strong>quia</strong></span> <span class='ocrx_word' id='word_1_143' title='bbox 254 2157 384 2208; x_wconf 88' lang='lat' dir='ltr'><strong>alius</strong></span> <span class='ocrx_word' id='word_1_144' title='bbox 411 2165 488 2208; x_wconf 91' lang='lat' dir='ltr'><strong>est</strong></span> <span class='ocrx_word' id='word_1_145' title='bbox 516 2159 756 2217; x_wconf 85' lang='lat' dir='ltr'><strong>iustitiae,</strong></span> <span class='ocrx_word' id='word_1_146' title='bbox 780 2157 911 2209; x_wconf 90' lang='lat' dir='ltr'><strong>alius</strong></span> <span class='ocrx_word' id='word_1_147' title='bbox 947 2157 1096 2208; x_wconf 86' lang='lat' dir='ltr'><strong>mise-</strong></span> 
     </span>
     <span class='ocr_line' id='line_1_29' title="bbox 116 2231 1094 2298; baseline -0.001 -16"><span class='ocrx_word' id='word_1_148' title='bbox 116 2231 358 2282; x_wconf 84' lang='lat' dir='ltr'><strong>ricordiae</strong></span> <span class='ocrx_word' id='word_1_149' title='bbox 388 2239 691 2298; x_wconf 65' lang='lat' dir='ltr'><strong>conceptus</strong></span> <span class='ocrx_word' id='word_1_150' title='bbox 749 2232 890 2294; x_wconf 88' lang='lat' dir='ltr'><strong>Quod</strong></span> <span class='ocrx_word' id='word_1_151' title='bbox 937 2234 976 2283; x_wconf 93' lang='lat' dir='ltr'><strong>si</strong></span> <span class='ocrx_word' id='word_1_152' title='bbox 1034 2232 1094 2281; x_wconf 85' lang='lat' dir='ltr'><strong>de</strong></span> 
     </span>
     <span class='ocr_line' id='line_1_30' title="bbox 114 2304 1091 2363; baseline -0.001 -7"><span class='ocrx_word' id='word_1_153' title='bbox 114 2304 370 2356; x_wconf 80' lang='lat' dir='ltr'><strong>attributis</strong></span> <span class='ocrx_word' id='word_1_154' title='bbox 390 2304 574 2356; x_wconf 85' lang='lat' dir='ltr'><strong>divinis</strong></span> <span class='ocrx_word' id='word_1_155' title='bbox 601 2305 648 2356; x_wconf 93' lang='lat' dir='ltr'><strong>id</strong></span> <span class='ocrx_word' id='word_1_156' title='bbox 667 2313 803 2357; x_wconf 90' lang='lat' dir='ltr'><strong>recte</strong></span> <span class='ocrx_word' id='word_1_157' title='bbox 825 2307 1091 2363; x_wconf 88' lang='lat' dir='ltr'><strong>asseritur,</strong></span> 
     </span>
     <span class='ocr_line' id='line_1_31' title="bbox 113 2379 1097 2446; baseline 0.001 -18"><span class='ocrx_word' id='word_1_158' title='bbox 113 2380 346 2446; x_wconf 88' lang='lat' dir='ltr'><strong>quamvis</strong></span> <span class='ocrx_word' id='word_1_159' title='bbox 375 2380 505 2431; x_wconf 86' lang='lat' dir='ltr'><strong>inter</strong></span> <span class='ocrx_word' id='word_1_160' title='bbox 530 2395 584 2430; x_wconf 87' lang='lat' dir='ltr'><strong>se</strong></span> <span class='ocrx_word' id='word_1_161' title='bbox 613 2379 820 2431; x_wconf 85' lang='lat' dir='ltr'><strong>realiter</strong></span> <span class='ocrx_word' id='word_1_162' title='bbox 869 2396 966 2431; x_wconf 93' lang='lat' dir='ltr'><strong>non</strong></span> <span class='ocrx_word' id='word_1_163' title='bbox 1023 2379 1097 2429; x_wconf 90' lang='lat' dir='ltr'><strong>di-</strong></span> 
     </span>
     <span class='ocr_line' id='line_1_32' title="bbox 114 2452 1095 2521; baseline 0.001 -19"><span class='ocrx_word' id='word_1_164' title='bbox 114 2452 460 2518; x_wconf 82' lang='lat' dir='ltr'><strong>stinguantur,</strong></span> <span class='ocrx_word' id='word_1_165' title='bbox 498 2459 689 2521; x_wconf 88' lang='lat' dir='ltr'><strong>quanto</strong></span> <span class='ocrx_word' id='word_1_166' title='bbox 719 2454 879 2520; x_wconf 83' lang='lat' dir='ltr'><strong>magis</strong></span> <span class='ocrx_word' id='word_1_167' title='bbox 933 2453 981 2504; x_wconf 90' lang='lat' dir='ltr'><strong>id</strong></span> <span class='ocrx_word' id='word_1_168' title='bbox 1034 2453 1095 2504; x_wconf 89' lang='lat' dir='ltr'><strong>de</strong></span> 
     </span>
     <span class='ocr_line' id='line_1_33' title="bbox 115 2524 1092 2594; baseline 0.002 -18"><span class='ocrx_word' id='word_1_169' title='bbox 115 2524 298 2579; x_wconf 88' lang='lat' dir='ltr'><strong>divinis</strong></span> <span class='ocrx_word' id='word_1_170' title='bbox 348 2528 577 2594; x_wconf 90' lang='lat' dir='ltr'><strong>personis</strong></span> <span class='ocrx_word' id='word_1_171' title='bbox 627 2527 899 2579; x_wconf 88' lang='lat' dir='ltr'><strong>dicendum</strong></span> <span class='ocrx_word' id='word_1_172' title='bbox 952 2528 1092 2587; x_wconf 88' lang='lat' dir='ltr'><strong>erit,</strong></span> 
     </span>
     <span class='ocr_line' id='line_1_34' title="bbox 115 2601 1098 2667; baseline 0.002 -17"><span class='ocrx_word' id='word_1_173' title='bbox 115 2614 244 2667; x_wconf 84' lang='lat' dir='ltr'><strong>quae</strong></span> <span class='ocrx_word' id='word_1_174' title='bbox 271 2615 369 2652; x_wconf 90' lang='lat' dir='ltr'><strong>non</strong></span> <span class='ocrx_word' id='word_1_175' title='bbox 405 2601 570 2652; x_wconf 88' lang='lat' dir='ltr'><strong>solum</strong></span> <span class='ocrx_word' id='word_1_176' title='bbox 598 2603 879 2653; x_wconf 85' lang='lat' dir='ltr'><strong>secundum</strong></span> <span class='ocrx_word' id='word_1_177' title='bbox 911 2601 1098 2652; x_wconf 87' lang='lat' dir='ltr'><strong>intelli-</strong></span> 
     </span>
     <span class='ocr_line' id='line_1_35' title="bbox 116 2674 1095 2740; baseline 0.002 -16"><span class='ocrx_word' id='word_1_178' title='bbox 116 2674 318 2740; x_wconf 84' lang='lat' dir='ltr'><strong>gentiae</strong></span> <span class='ocrx_word' id='word_1_179' title='bbox 347 2678 594 2726; x_wconf 89' lang='lat' dir='ltr'><strong>rationem</strong></span> <span class='ocrx_word' id='word_1_180' title='bbox 616 2677 679 2727; x_wconf 88' lang='lat' dir='ltr'><strong>ab</strong></span> <span class='ocrx_word' id='word_1_181' title='bbox 707 2677 951 2737; x_wconf 79' lang='lat' dir='ltr'><strong>essentia,</strong></span> <span class='ocrx_word' id='word_1_182' title='bbox 1008 2676 1095 2732; x_wconf 81' lang='lat' dir='ltr'><strong>sed</strong></span> 
     </span>
     <span class='ocr_line' id='line_1_36' title="bbox 118 2747 1098 2816; baseline 0.003 -18"><span class='ocrx_word' id='word_1_183' title='bbox 118 2747 269 2798; x_wconf 88' lang='lat' dir='ltr'><strong>etiam</strong></span> <span class='ocrx_word' id='word_1_184' title='bbox 300 2748 505 2799; x_wconf 88' lang='lat' dir='ltr'><strong>realiter</strong></span> <span class='ocrx_word' id='word_1_185' title='bbox 532 2750 663 2802; x_wconf 89' lang='lat' dir='ltr'><strong>inter</strong></span> <span class='ocrx_word' id='word_1_186' title='bbox 689 2766 743 2802; x_wconf 90' lang='lat' dir='ltr'><strong>se</strong></span> <span class='ocrx_word' id='word_1_187' title='bbox 777 2750 1098 2816; x_wconf 79' lang='lat' dir='ltr'><strong>distinguun-</strong></span> 
     </span>
     <span class='ocr_line' id='line_1_37' title="bbox 45 2818 1097 2893; baseline 0.003 -21"><span class='ocrx_word' id='word_1_188' title='bbox 45 2866 49 2872; x_wconf 95' lang='lat'>.</span> <span class='ocrx_word' id='word_1_189' title='bbox 118 2827 200 2871; x_wconf 90' lang='lat' dir='ltr'><strong>tur</strong></span> <span class='ocrx_word' id='word_1_190' title='bbox 222 2818 249 2873; x_wconf 71' lang='grc' dir='ltr'><strong>’ἓ</strong></span> <span class='ocrx_word' id='word_1_191' title='bbox 276 2850 346 2859; x_wconf 93' lang='grc'><strong>--</strong></span> <span class='ocrx_word' id='word_1_192' title='bbox 369 2821 645 2889; x_wconf 84' lang='lat' dir='ltr'><strong>Responsio</strong></span> <span class='ocrx_word' id='word_1_193' title='bbox 688 2823 883 2891; x_wconf 89' lang='lat' dir='ltr'><strong>prolata</strong></span> <span class='ocrx_word' id='word_1_194' title='bbox 928 2823 1097 2893; x_wconf 84' lang='lat' dir='ltr'><strong>aliquo</strong></span> 
     </span>
     <span class='ocr_line' id='line_1_38' title="bbox 51 2893 1099 2964; baseline 0.003 -19"><span class='ocrx_word' id='word_1_195' title='bbox 51 2943 53 2945; x_wconf 83' lang='grc'><em>,</em></span> <span class='ocrx_word' id='word_1_196' title='bbox 118 2893 265 2946; x_wconf 89' lang='lat' dir='ltr'><strong>modo</strong></span> <span class='ocrx_word' id='word_1_197' title='bbox 292 2894 540 2947; x_wconf 72' lang='lat' dir='ltr'><strong>illust-rari</strong></span> <span class='ocrx_word' id='word_1_198' title='bbox 570 2903 732 2964; x_wconf 88' lang='lat' dir='ltr'><strong>potest</strong></span> <span class='ocrx_word' id='word_1_199' title='bbox 759 2896 996 2964; x_wconf 85' lang='lat' dir='ltr'><strong>exemplo</strong></span> <span class='ocrx_word' id='word_1_200' title='bbox 1047 2913 1099 2948; x_wconf 92' lang='lat' dir='ltr'><strong>a·</strong></span> 
     </span>
     <span class='ocr_line' id='line_1_39' title="bbox 59 2967 1096 3031; baseline 0.003 -13"><span class='ocrx_word' id='word_1_201' title='bbox 59 2967 65 2973; x_wconf 83' lang='lat'><em>&#39;</em></span> <span class='ocrx_word' id='word_1_202' title='bbox 110 2967 288 3020; x_wconf 71' lang='lat' dir='ltr'><strong>nimae</strong></span> <span class='ocrx_word' id='word_1_203' title='bbox 316 2968 591 3021; x_wconf 80' lang='lat' dir='ltr'><strong>humanae.</strong></span> <span class='ocrx_word' id='word_1_204' title='bbox 625 2969 752 3022; x_wconf 89' lang='lat' dir='ltr'><strong>Nam</strong></span> <span class='ocrx_word' id='word_1_205' title='bbox 782 2970 1096 3031; x_wconf 67' lang='lat' dir='ltr'><strong>intellectum,</strong></span> 
     </span>
    </p>
   </div>
   <div class='ocr_carea' id='block_1_5' title="bbox 43 3043 1102 3179">
    <p class='ocr_par' dir='ltr' id='par_1_5' title="bbox 43 3043 1098 3170">
     <span class='ocr_line' id='line_1_40' title="bbox 43 3043 1098 3122; baseline -0.003 -24"><span class='ocrx_word' id='word_1_206' title='bbox 43 3054 54 3122; x_wconf 44' lang='lat' dir='ltr'>j</span> <span class='ocrx_word' id='word_1_207' title='bbox 114 3043 363 3098; x_wconf 84' lang='lat' dir='ltr'><strong>memoria</strong></span> <span class='ocrx_word' id='word_1_208' title='bbox 442 3050 493 3095; x_wconf 88' lang='lat' dir='ltr'><strong>et</strong></span> <span class='ocrx_word' id='word_1_209' title='bbox 568 3043 809 3096; x_wconf 83' lang='lat' dir='ltr'><strong>voluntas</strong></span> <span class='ocrx_word' id='word_1_210' title='bbox 864 3050 1098 3096; x_wconf 89' lang='lat' dir='ltr'><strong>naturam</strong></span> 
     </span>
     <span class='ocr_line' id='line_1_41' title="bbox 113 3112 1102 3179; baseline 0.002 -12"><span class='ocrx_word' id='word_1_211' title='bbox 113 3112 317 3169; x_wconf 75' lang='lat' dir='ltr'><strong>animae</strong></span> <span class='ocrx_word' id='word_1_212' title='bbox 342 3118 682 3179; x_wconf 85' lang='lat' dir='ltr'><strong>constituunt,</strong></span> <span class='ocrx_word' id='word_1_213' title='bbox 707 3124 759 3170; x_wconf 89' lang='lat' dir='ltr'><strong>et</strong></span> <span class='ocrx_word' id='word_1_214' title='bbox 783 3118 847 3170; x_wconf 87' lang='lat' dir='ltr'><strong>ab</strong></span> <span class='ocrx_word' id='word_1_215' title='bbox 870 3118 965 3170; x_wconf 85' lang='lat' dir='ltr'><strong>hac</strong></span> <span class='ocrx_word' id='word_1_216' title='bbox 995 3134 1102 3169; x_wconf 80' lang='lat' dir='ltr'><strong>rea-</strong></span> 
     </span>
    </p>
   </div>
   <div class='ocr_carea' id='block_1_6' title="bbox 114 3185 1106 3319">
    <p class='ocr_par' dir='ltr' id='par_1_6' title="bbox 119 3185 1106 3319">
     <span class='ocr_line' id='line_1_42' title="bbox 119 3185 1106 3260; baseline 0.005 -21"><span class='ocrx_word' id='word_1_217' title='bbox 119 3185 233 3242; x_wconf 83' lang='lat' dir='ltr'><strong>liter</strong></span> <span class='ocrx_word' id='word_1_218' title='bbox 252 3206 352 3242; x_wconf 81' lang='lat' dir='ltr'><strong>non</strong></span> <span class='ocrx_word' id='word_1_219' title='bbox 376 3191 781 3258; x_wconf 83' lang='lat' dir='ltr'><strong>distinguuntur,</strong></span> <span class='ocrx_word' id='word_1_220' title='bbox 812 3194 930 3260; x_wconf 89' lang='lat' dir='ltr'><strong>quia</strong></span> <span class='ocrx_word' id='word_1_221' title='bbox 957 3192 1106 3244; x_wconf 88' lang='lat' dir='ltr'><strong>intel-</strong></span> 
     </span>
     <span class='ocr_line' id='line_1_43' title="bbox 114 3258 1103 3319; baseline 0 -2"><span class='ocrx_word' id='word_1_222' title='bbox 114 3258 283 3318; x_wconf 70' lang='lat' dir='ltr'><strong>lectus</strong></span> <span class='ocrx_word' id='word_1_223' title='bbox 328 3280 428 3317; x_wconf 88' lang='lat' dir='ltr'><strong>non</strong></span> <span class='ocrx_word' id='word_1_224' title='bbox 481 3273 560 3317; x_wconf 84' lang='lat' dir='ltr'><strong>est</strong></span> <span class='ocrx_word' id='word_1_225' title='bbox 585 3266 679 3318; x_wconf 89' lang='lat' dir='ltr'><strong>nisi</strong></span> <span class='ocrx_word' id='word_1_226' title='bbox 707 3266 881 3318; x_wconf 89' lang='lat' dir='ltr'><strong>anima</strong></span> <span class='ocrx_word' id='word_1_227' title='bbox 914 3266 1103 3319; x_wconf 88' lang='lat' dir='ltr'><strong>intelli·</strong></span> 
     </span>
    </p>
   </div>
   <div class='ocr_carea' id='block_1_7' title="bbox 44 3347 1100 3401">
    <p class='ocr_par' dir='ltr' id='par_1_7' title="bbox 44 3347 1100 3401">
     <span class='ocr_line' id='line_1_44' title="bbox 44 3347 1100 3401; baseline 0.002 -11"><span class='ocrx_word' id='word_1_228' title='bbox 44 3366 49 3369; x_wconf 71' lang='grc'>’</span> <span class='ocrx_word' id='word_1_229' title='bbox 115 3347 288 3401; x_wconf 44' lang='lat' dir='ltr'><strong>gens?</strong></span> <span class='ocrx_word' id='word_1_230' title='bbox 296 3353 540 3391; x_wconf 75' lang='lat' dir='ltr'><strong>memoria</strong></span> <span class='ocrx_word' id='word_1_231' title='bbox 554 3355 725 3392; x_wconf 73' lang='lat' dir='ltr'><strong>anlma</strong></span> <span class='ocrx_word' id='word_1_232' title='bbox 746 3355 1100 3401; x_wconf 72' lang='lat' dir='ltr'><strong>reminiscenS‚</strong></span> 
     </span>
    </p>
   </div>
   <div class='ocr_carea' id='block_1_8' title="bbox 116 3405 1106 3558">
    <p class='ocr_par' dir='ltr' id='par_1_8' title="bbox 63 3405 1106 3571">
     <span class='ocr_line' id='line_1_45' title="bbox 116 3405 1106 3478; baseline 0.002 -16"><span class='ocrx_word' id='word_1_233' title='bbox 116 3405 362 3478; x_wconf 65' lang='lat' dir='ltr'><strong>‚voluntas</strong></span> <span class='ocrx_word' id='word_1_234' title='bbox 383 3413 554 3466; x_wconf 83' lang='lat' dir='ltr'><strong>anima</strong></span> <span class='ocrx_word' id='word_1_235' title='bbox 592 3413 890 3467; x_wconf 75' lang='lat' dir='ltr'><strong>decernens</strong></span> <span class='ocrx_word' id='word_1_236' title='bbox 919 3408 1106 3476; x_wconf 82' lang='lat' dir='ltr'><strong>Quam·</strong></span> 
     </span>
     <span class='ocr_line' id='line_1_46' title="bbox 146 3504 656 3558; baseline -0.003 -7.28"><span class='ocrx_word' id='word_1_237' title='bbox 146 3504 318 3555; x_wconf 65' lang='grc' dir='ltr'><strong>-Μῐςιι,</strong></span> <span class='ocrx_word' id='word_1_238' title='bbox 341 3507 482 3555; x_wconf 58' lang='lat' dir='ltr'><strong>aazia</strong></span> <span class='ocrx_word' id='word_1_239' title='bbox 505 3513 544 3558; x_wconf 71' lang='grc' dir='ltr'><strong>ι,</strong></span> <span class='ocrx_word' id='word_1_240' title='bbox 567 3512 656 3551; x_wconf 66' lang='lat' dir='ltr'><strong>aas.</strong></span> 
     </span>
    </p>
   </div>
   <div class='ocr_carea' id='block_1_9' title="bbox 0 3571 115 3860">
    <p class='ocr_par' dir='ltr' id='par_1_9' title="bbox 0 3571 115 3860">
     <span class='ocr_line' id='line_1_47' title="bbox 0 3571 115 3860; baseline 0 0"><span class='ocrx_word' id='word_1_241' title='bbox 0 3571 115 3860; x_wconf 95' lang='lat' dir='ltr'><strong> </strong></span> 
     </span>
    </p>
   </div>
   <div class='ocr_carea' id='block_1_10' title="bbox 1940 76 2069 180">
    <p class='ocr_par' dir='ltr' id='par_1_10' title="bbox 1940 76 2069 180">
     <span class='ocr_line' id='line_1_48' title="bbox 1940 76 2069 180; baseline 0 0"><span class='ocrx_word' id='word_1_242' title='bbox 1940 76 1942 80; x_wconf 47' lang='lat'>&#39;</span> <span class='ocrx_word' id='word_1_243' title='bbox 1960 123 2069 180; x_wconf 69' lang='lat'><strong>205</strong></span> 
     </span>
    </p>
   </div>
   <div class='ocr_carea' id='block_1_11' title="bbox 1152 222 2157 3554">
    <p class='ocr_par' dir='ltr' id='par_1_11' title="bbox 1152 222 2143 649">
     <span class='ocr_line' id='line_1_49' title="bbox 1155 222 2141 279; baseline 0 -1"><span class='ocrx_word' id='word_1_244' title='bbox 1155 227 1231 279; x_wconf 86' lang='lat' dir='ltr'><strong>vis</strong></span> <span class='ocrx_word' id='word_1_245' title='bbox 1255 232 1432 279; x_wconf 84' lang='lat' dir='ltr'><strong>autem</strong></span> <span class='ocrx_word' id='word_1_246' title='bbox 1458 225 1587 277; x_wconf 87' lang='lat' dir='ltr'><strong>istae</strong></span> <span class='ocrx_word' id='word_1_247' title='bbox 1613 222 1910 276; x_wconf 80' lang='lat' dir='ltr'><strong>facultates</strong></span> <span class='ocrx_word' id='word_1_248' title='bbox 1930 224 2141 278; x_wconf 85' lang='lat' dir='ltr'><strong>realiter</strong></span> 
     </span>
     <span class='ocr_line' id='line_1_50' title="bbox 1153 297 2143 368; baseline -0.001 -15"><span class='ocrx_word' id='word_1_249' title='bbox 1153 317 1182 354; x_wconf 93' lang='lat' dir='ltr'><strong>a</strong></span> <span class='ocrx_word' id='word_1_250' title='bbox 1211 308 1394 353; x_wconf 90' lang='lat' dir='ltr'><strong>natura</strong></span> <span class='ocrx_word' id='word_1_251' title='bbox 1423 299 1628 352; x_wconf 88' lang='lat' dir='ltr'><strong>animae</strong></span> <span class='ocrx_word' id='word_1_252' title='bbox 1665 313 1763 350; x_wconf 91' lang='lat' dir='ltr'><strong>non</strong></span> <span class='ocrx_word' id='word_1_253' title='bbox 1825 297 2143 368; x_wconf 86' lang='lat' dir='ltr'><strong>distinguan-</strong></span> 
     </span>
     <span class='ocr_line' id='line_1_51' title="bbox 1155 370 2142 436; baseline -0.002 -9"><span class='ocrx_word' id='word_1_254' title='bbox 1155 381 1256 436; x_wconf 90' lang='lat' dir='ltr'><strong>tur,</strong></span> <span class='ocrx_word' id='word_1_255' title='bbox 1288 375 1421 427; x_wconf 89' lang='lat' dir='ltr'><strong>inter</strong></span> <span class='ocrx_word' id='word_1_256' title='bbox 1446 389 1505 426; x_wconf 84' lang='lat' dir='ltr'><strong>se</strong></span> <span class='ocrx_word' id='word_1_257' title='bbox 1530 379 1701 425; x_wconf 87' lang='lat' dir='ltr'><strong>tamen</strong></span> <span class='ocrx_word' id='word_1_258' title='bbox 1726 370 1933 435; x_wconf 65' lang='lat' dir='ltr'><strong>realiter</strong></span> <span class='ocrx_word' id='word_1_259' title='bbox 1960 372 2142 426; x_wconf 89' lang='lat' dir='ltr'><strong>distin-</strong></span> 
     </span>
     <span class='ocr_line' id='line_1_52' title="bbox 1152 446 2139 515; baseline -0.001 -14.998"><span class='ocrx_word' id='word_1_260' title='bbox 1152 455 1382 515; x_wconf 83' lang='lat' dir='ltr'><strong>guuntur</strong></span> <span class='ocrx_word' id='word_1_261' title='bbox 1412 449 1501 508; x_wconf 91' lang='lat' dir='ltr'><strong>ita,</strong></span> <span class='ocrx_word' id='word_1_262' title='bbox 1535 453 1590 499; x_wconf 93' lang='lat' dir='ltr'><strong>ut</strong></span> <span class='ocrx_word' id='word_1_263' title='bbox 1617 446 1912 500; x_wconf 88' lang='lat' dir='ltr'><strong>intellectus</strong></span> <span class='ocrx_word' id='word_1_264' title='bbox 1942 461 2043 497; x_wconf 91' lang='lat' dir='ltr'><strong>non</strong></span> <span class='ocrx_word' id='word_1_265' title='bbox 2073 448 2139 499; x_wconf 89' lang='lat' dir='ltr'><strong>sit</strong></span> 
     </span>
     <span class='ocr_line' id='line_1_53' title="bbox 1152 520 2140 585; baseline -0.003 -10"><span class='ocrx_word' id='word_1_266' title='bbox 1152 522 1418 585; x_wconf 87' lang='lat' dir='ltr'><strong>memoria,</strong></span> <span class='ocrx_word' id='word_1_267' title='bbox 1454 529 1506 574; x_wconf 89' lang='lat' dir='ltr'><strong>et</strong></span> <span class='ocrx_word' id='word_1_268' title='bbox 1534 520 1780 574; x_wconf 88' lang='lat' dir='ltr'><strong>memoria</strong></span> <span class='ocrx_word' id='word_1_269' title='bbox 1810 536 1910 572; x_wconf 90' lang='lat' dir='ltr'><strong>non</strong></span> <span class='ocrx_word' id='word_1_270' title='bbox 1939 521 2005 572; x_wconf 88' lang='lat' dir='ltr'><strong>sit</strong></span> <span class='ocrx_word' id='word_1_271' title='bbox 2056 536 2140 573; x_wconf 88' lang='lat' dir='ltr'><strong>vo-</strong></span> 
     </span>
     <span class='ocr_line' id='line_1_54' title="bbox 1154 596 1345 661; baseline 0.012 -14"><span class='ocrx_word' id='word_1_272' title='bbox 1154 596 1345 661; x_wconf 76' lang='lat' dir='ltr'><strong>luntas,</strong></span> 
     </span>
    </p>

    <p class='ocr_par' dir='ltr' id='par_1_12' title="bbox 1152 658 2146 1407">
     <span class='ocr_line' id='line_1_55' title="bbox 1225 658 2141 737; baseline -0.003 -14"><span class='ocrx_word' id='word_1_273' title='bbox 1225 658 1331 723; x_wconf 79' lang='lat' dir='ltr'><strong>Obi</strong></span> <span class='ocrx_word' id='word_1_274' title='bbox 1368 671 1415 722; x_wconf 86' lang='lat'><strong>5.</strong></span> <span class='ocrx_word' id='word_1_275' title='bbox 1425 676 1449 702; x_wconf 76' lang='lat'>⁸</span> <span class='ocrx_word' id='word_1_276' title='bbox 1478 667 1823 724; x_wconf 89' lang='lat' dir='ltr'><strong>Contradictio</strong></span> <span class='ocrx_word' id='word_1_277' title='bbox 1851 674 2030 737; x_wconf 84' lang='lat' dir='ltr'><strong>aperta</strong></span> <span class='ocrx_word' id='word_1_278' title='bbox 2065 668 2141 720; x_wconf 85' lang='lat' dir='ltr'><strong>in-</strong></span> 
     </span>
     <span class='ocr_line' id='line_1_56' title="bbox 1153 742 2137 811; baseline 0.001 -17"><span class='ocrx_word' id='word_1_279' title='bbox 1153 745 1358 796; x_wconf 88' lang='lat' dir='ltr'><strong>venitur</strong></span> <span class='ocrx_word' id='word_1_280' title='bbox 1385 746 1434 796; x_wconf 93' lang='lat' dir='ltr'><strong>in</strong></span> <span class='ocrx_word' id='word_1_281' title='bbox 1465 744 1696 796; x_wconf 85' lang='lat' dir='ltr'><strong>doctrina</strong></span> <span class='ocrx_word' id='word_1_282' title='bbox 1744 743 1805 795; x_wconf 89' lang='lat' dir='ltr'><strong>de</strong></span> <span class='ocrx_word' id='word_1_283' title='bbox 1859 742 2137 811; x_wconf 88' lang='lat' dir='ltr'><strong>processio-</strong></span> 
     </span>
     <span class='ocr_line' id='line_1_57' title="bbox 1153 816 2144 885; baseline -0.001 -16"><span class='ocrx_word' id='word_1_284' title='bbox 1153 819 1302 871; x_wconf 82' lang='lat' dir='ltr'><strong>nibus</strong></span> <span class='ocrx_word' id='word_1_285' title='bbox 1330 818 1535 871; x_wconf 88' lang='lat' dir='ltr'><strong>divinis.</strong></span> <span class='ocrx_word' id='word_1_286' title='bbox 1556 817 1687 870; x_wconf 91' lang='lat' dir='ltr'><strong>Nam</strong></span> <span class='ocrx_word' id='word_1_287' title='bbox 1703 816 2144 885; x_wconf 88' lang='lat' dir='ltr'><strong>processiodivina</strong></span> 
     </span>
     <span class='ocr_line' id='line_1_58' title="bbox 1153 890 2139 960; baseline -0.001 -17"><span class='ocrx_word' id='word_1_288' title='bbox 1153 892 1393 946; x_wconf 84' lang='lat' dir='ltr'><strong>definitur</strong></span> <span class='ocrx_word' id='word_1_289' title='bbox 1420 894 1562 960; x_wconf 85' lang='lat' dir='ltr'><strong>origo</strong></span> <span class='ocrx_word' id='word_1_290' title='bbox 1591 894 1746 944; x_wconf 89' lang='lat' dir='ltr'><strong>unius</strong></span> <span class='ocrx_word' id='word_1_291' title='bbox 1773 891 1838 944; x_wconf 86' lang='lat' dir='ltr'><strong>ab</strong></span> <span class='ocrx_word' id='word_1_292' title='bbox 1886 890 2006 954; x_wconf 85' lang='lat' dir='ltr'><strong>ali03</strong></span> <span class='ocrx_word' id='word_1_293' title='bbox 2050 891 2139 942; x_wconf 89' lang='lat' dir='ltr'><strong>sed</strong></span> 
     </span>
     <span class='ocr_line' id='line_1_59' title="bbox 1154 964 2140 1036; baseline 0 -19"><span class='ocrx_word' id='word_1_294' title='bbox 1154 966 1199 1017; x_wconf 89' lang='lat' dir='ltr'><strong>id</strong></span> <span class='ocrx_word' id='word_1_295' title='bbox 1229 969 1358 1035; x_wconf 90' lang='lat' dir='ltr'><strong>quod</strong></span> <span class='ocrx_word' id='word_1_296' title='bbox 1394 967 1641 1036; x_wconf 82' lang='lat' dir='ltr'><strong>procedit,</strong></span> <span class='ocrx_word' id='word_1_297' title='bbox 1692 967 1874 1026; x_wconf 87' lang='lat' dir='ltr'><strong>oritur,</strong></span> <span class='ocrx_word' id='word_1_298' title='bbox 1927 964 1976 1015; x_wconf 90' lang='lat' dir='ltr'><strong>id</strong></span> <span class='ocrx_word' id='word_1_299' title='bbox 2005 967 2140 1033; x_wconf 77' lang='lat' dir='ltr'><strong>quod</strong></span> 
     </span>
     <span class='ocr_line' id='line_1_60' title="bbox 1152 1038 2144 1109; baseline -0.002 -17"><span class='ocrx_word' id='word_1_300' title='bbox 1152 1042 1333 1104; x_wconf 84' lang='lat' dir='ltr'><strong>oritur,</strong></span> <span class='ocrx_word' id='word_1_301' title='bbox 1365 1043 1544 1109; x_wconf 79' lang='lat' dir='ltr'><strong>incipit</strong></span> <span class='ocrx_word' id='word_1_302' title='bbox 1566 1057 1704 1105; x_wconf 88' lang='lat' dir='ltr'><strong>essc;</strong></span> <span class='ocrx_word' id='word_1_303' title='bbox 1737 1047 1787 1092; x_wconf 88' lang='lat' dir='ltr'><strong>et</strong></span> <span class='ocrx_word' id='word_1_304' title='bbox 1816 1040 1885 1099; x_wconf 93' lang='lat' dir='ltr'><strong>id,</strong></span> <span class='ocrx_word' id='word_1_305' title='bbox 1911 1038 2043 1106; x_wconf 93' lang='lat' dir='ltr'><strong>quod</strong></span> <span class='ocrx_word' id='word_1_306' title='bbox 2072 1039 2144 1091; x_wconf 90' lang='lat' dir='ltr'><strong>in-</strong></span> 
     </span>
     <span class='ocr_line' id='line_1_61' title="bbox 1153 1110 2146 1181; baseline 0 -15"><span class='ocrx_word' id='word_1_307' title='bbox 1153 1116 1272 1181; x_wconf 81' lang='lat' dir='ltr'><strong>cipit</strong></span> <span class='ocrx_word' id='word_1_308' title='bbox 1306 1134 1436 1178; x_wconf 87' lang='lat' dir='ltr'><strong>esse,</strong></span> <span class='ocrx_word' id='word_1_309' title='bbox 1467 1133 1565 1168; x_wconf 92' lang='lat' dir='ltr'><strong>non</strong></span> <span class='ocrx_word' id='word_1_310' title='bbox 1602 1122 1679 1167; x_wconf 92' lang='lat' dir='ltr'><strong>est</strong></span> <span class='ocrx_word' id='word_1_311' title='bbox 1724 1121 2015 1167; x_wconf 89' lang='lat' dir='ltr'><strong>aeternum.</strong></span> <span class='ocrx_word' id='word_1_312' title='bbox 2050 1110 2146 1166; x_wconf 86' lang='lat' dir='ltr'><strong>[ta-</strong></span> 
     </span>
     <span class='ocr_line' id='line_1_62' title="bbox 1152 1186 2145 1257; baseline -0.002 -17"><span class='ocrx_word' id='word_1_313' title='bbox 1152 1205 1248 1257; x_wconf 89' lang='lat' dir='ltr'><strong>que</strong></span> <span class='ocrx_word' id='word_1_314' title='bbox 1275 1192 1314 1242; x_wconf 90' lang='lat' dir='ltr'><strong>si</strong></span> <span class='ocrx_word' id='word_1_315' title='bbox 1358 1191 1516 1243; x_wconf 88' lang='lat' dir='ltr'><strong>Filius</strong></span> <span class='ocrx_word' id='word_1_316' title='bbox 1561 1196 1610 1242; x_wconf 86' lang='lat' dir='ltr'><strong>et</strong></span> <span class='ocrx_word' id='word_1_317' title='bbox 1661 1188 1881 1256; x_wconf 88' lang='lat' dir='ltr'><strong>Spiritus</strong></span> <span class='ocrx_word' id='word_1_318' title='bbox 1924 1186 2145 1240; x_wconf 90' lang='lat' dir='ltr'><strong>Sanctus</strong></span> 
     </span>
     <span class='ocr_line' id='line_1_63' title="bbox 1155 1264 2142 1332; baseline 0 -18"><span class='ocrx_word' id='word_1_319' title='bbox 1155 1264 1456 1331; x_wconf 85' lang='lat' dir='ltr'><strong>procedunt,</strong></span> <span class='ocrx_word' id='word_1_320' title='bbox 1491 1281 1590 1315; x_wconf 87' lang='lat' dir='ltr'><strong>non</strong></span> <span class='ocrx_word' id='word_1_321' title='bbox 1621 1269 1742 1315; x_wconf 89' lang='lat' dir='ltr'><strong>sunt</strong></span> <span class='ocrx_word' id='word_1_322' title='bbox 1770 1277 2020 1332; x_wconf 86' lang='lat' dir='ltr'><strong>personae</strong></span> <span class='ocrx_word' id='word_1_323' title='bbox 2060 1278 2142 1315; x_wconf 88' lang='lat' dir='ltr'><strong>ae-</strong></span> 
     </span>
     <span class='ocr_line' id='line_1_64' title="bbox 1154 1339 1794 1407; baseline 0 -18"><span class='ocrx_word' id='word_1_324' title='bbox 1154 1346 1350 1401; x_wconf 89' lang='lat' dir='ltr'><strong>ternae,</strong></span> <span class='ocrx_word' id='word_1_325' title='bbox 1380 1356 1544 1407; x_wconf 82' lang='lat' dir='ltr'><strong>nequc</strong></span> <span class='ocrx_word' id='word_1_326' title='bbox 1572 1339 1794 1390; x_wconf 89' lang='lat' dir='ltr'><strong>divinae.</strong></span> 
     </span>
    </p>

    <p class='ocr_par' dir='ltr' id='par_1_13' title="bbox 1154 1410 2157 3554">
     <span class='ocr_line' id='line_1_65' title="bbox 1226 1410 2140 1480; baseline -0.002 -15"><span class='ocrx_word' id='word_1_327' title='bbox 1226 1413 1372 1480; x_wconf 68' lang='lat' dir='ltr'><strong>Resp.</strong></span> <span class='ocrx_word' id='word_1_328' title='bbox 1413 1413 1697 1466; x_wconf 83' lang='lat' dir='ltr'><strong>Difficultas</strong></span> <span class='ocrx_word' id='word_1_329' title='bbox 1735 1411 1862 1463; x_wconf 90' lang='lat' dir='ltr'><strong>baec</strong></span> <span class='ocrx_word' id='word_1_330' title='bbox 1916 1410 2063 1463; x_wconf 78' lang='lat' dir='ltr'><strong>facile</strong></span> <span class='ocrx_word' id='word_1_331' title='bbox 2115 1426 2140 1463; x_wconf 89' lang='lat' dir='ltr'><strong>e</strong></span> 
     </span>
     <span class='ocr_line' id='line_1_66' title="bbox 1156 1484 2145 1550; baseline -0.002 -12"><span class='ocrx_word' id='word_1_332' title='bbox 1156 1488 1320 1540; x_wconf 85' lang='lat' dir='ltr'><strong>medio</strong></span> <span class='ocrx_word' id='word_1_333' title='bbox 1376 1489 1592 1550; x_wconf 85' lang='lat' dir='ltr'><strong>tollitur,</strong></span> <span class='ocrx_word' id='word_1_334' title='bbox 1642 1488 1681 1539; x_wconf 87' lang='lat' dir='ltr'><strong>si</strong></span> <span class='ocrx_word' id='word_1_335' title='bbox 1730 1487 1826 1538; x_wconf 86' lang='lat' dir='ltr'><strong>rite</strong></span> <span class='ocrx_word' id='word_1_336' title='bbox 1862 1484 2145 1538; x_wconf 87' lang='lat' dir='ltr'><strong>attenditur</strong></span> 
     </span>
     <span class='ocr_line' id='line_1_67' title="bbox 1154 1558 2146 1629; baseline -0.002 -17"><span class='ocrx_word' id='word_1_337' title='bbox 1154 1562 1412 1614; x_wconf 89' lang='lat' dir='ltr'><strong>distinctio</strong></span> <span class='ocrx_word' id='word_1_338' title='bbox 1443 1562 1780 1629; x_wconf 88' lang='lat' dir='ltr'><strong>processionis</strong></span> <span class='ocrx_word' id='word_1_339' title='bbox 1805 1558 1868 1613; x_wconf 91' lang='lat' dir='ltr'><strong>ad</strong></span> <span class='ocrx_word' id='word_1_340' title='bbox 1898 1567 2068 1620; x_wconf 81' lang='lat' dir='ltr'><strong>extra,</strong></span> <span class='ocrx_word' id='word_1_341' title='bbox 2095 1565 2146 1611; x_wconf 88' lang='lat' dir='ltr'><strong>et</strong></span> 
     </span>
     <span class='ocr_line' id='line_1_68' title="bbox 1157 1633 2146 1703; baseline -0.002 -17"><span class='ocrx_word' id='word_1_342' title='bbox 1157 1637 1490 1703; x_wconf 81' lang='lat' dir='ltr'><strong>processionis</strong></span> <span class='ocrx_word' id='word_1_343' title='bbox 1549 1637 1612 1688; x_wconf 89' lang='lat' dir='ltr'><strong>ad</strong></span> <span class='ocrx_word' id='word_1_344' title='bbox 1666 1637 1818 1688; x_wconf 86' lang='lat' dir='ltr'><strong>intra.</strong></span> <span class='ocrx_word' id='word_1_345' title='bbox 1885 1633 1942 1686; x_wconf 89' lang='lat' dir='ltr'><strong>In</strong></span> <span class='ocrx_word' id='word_1_346' title='bbox 1995 1633 2146 1701; x_wconf 89' lang='lat' dir='ltr'><strong>priori</strong></span> 
     </span>
     <span class='ocr_line' id='line_1_69' title="bbox 1158 1706 2146 1777; baseline 0 -18"><span class='ocrx_word' id='word_1_347' title='bbox 1158 1726 1275 1761; x_wconf 83' lang='lat' dir='ltr'><strong>vere</strong></span> <span class='ocrx_word' id='word_1_348' title='bbox 1303 1711 1572 1777; x_wconf 82' lang='lat' dir='ltr'><strong>contingit,</strong></span> <span class='ocrx_word' id='word_1_349' title='bbox 1596 1716 1650 1762; x_wconf 93' lang='lat' dir='ltr'><strong>ut</strong></span> <span class='ocrx_word' id='word_1_350' title='bbox 1672 1709 1720 1761; x_wconf 88' lang='lat' dir='ltr'><strong>id</strong></span> <span class='ocrx_word' id='word_1_351' title='bbox 1742 1709 1876 1777; x_wconf 89' lang='lat' dir='ltr'><strong>quod</strong></span> <span class='ocrx_word' id='word_1_352' title='bbox 1902 1706 2146 1776; x_wconf 87' lang='lat' dir='ltr'><strong>procedit,</strong></span> 
     </span>
     <span class='ocr_line' id='line_1_70' title="bbox 1156 1782 2147 1852; baseline -0.002 -18"><span class='ocrx_word' id='word_1_353' title='bbox 1156 1785 1363 1851; x_wconf 86' lang='lat' dir='ltr'><strong>incipiat</strong></span> <span class='ocrx_word' id='word_1_354' title='bbox 1416 1801 1556 1845; x_wconf 86' lang='lat' dir='ltr'><strong>esse,</strong></span> <span class='ocrx_word' id='word_1_355' title='bbox 1607 1784 1725 1852; x_wconf 88' lang='lat' dir='ltr'><strong>quia</strong></span> <span class='ocrx_word' id='word_1_356' title='bbox 1754 1800 1783 1834; x_wconf 90' lang='lat' dir='ltr'><strong>a</strong></span> <span class='ocrx_word' id='word_1_357' title='bbox 1813 1799 1911 1835; x_wconf 93' lang='lat' dir='ltr'><strong>non</strong></span> <span class='ocrx_word' id='word_1_358' title='bbox 1942 1798 2054 1833; x_wconf 89' lang='lat' dir='ltr'><strong>esse</strong></span> <span class='ocrx_word' id='word_1_359' title='bbox 2082 1782 2147 1833; x_wconf 90' lang='lat' dir='ltr'><strong>ad</strong></span> 
     </span>
     <span class='ocr_line' id='line_1_71' title="bbox 1155 1859 2144 1918; baseline -0.001 -10"><span class='ocrx_word' id='word_1_360' title='bbox 1155 1875 1264 1909; x_wconf 85' lang='lat' dir='ltr'><strong>esse</strong></span> <span class='ocrx_word' id='word_1_361' title='bbox 1285 1860 1484 1918; x_wconf 81' lang='lat' dir='ltr'><strong>transit,</strong></span> <span class='ocrx_word' id='word_1_362' title='bbox 1502 1875 1563 1910; x_wconf 88' lang='lat' dir='ltr'><strong>ac</strong></span> <span class='ocrx_word' id='word_1_363' title='bbox 1593 1859 1704 1908; x_wconf 87' lang='lat' dir='ltr'><strong>ideo</strong></span> <span class='ocrx_word' id='word_1_364' title='bbox 1728 1873 1826 1907; x_wconf 93' lang='lat' dir='ltr'><strong>non</strong></span> <span class='ocrx_word' id='word_1_365' title='bbox 1851 1861 2144 1916; x_wconf 85' lang='lat' dir='ltr'><strong>aeternum,</strong></span> 
     </span>
     <span class='ocr_line' id='line_1_72' title="bbox 1155 1930 2148 1998; baseline -0.003 -15"><span class='ocrx_word' id='word_1_366' title='bbox 1155 1932 1242 1983; x_wconf 86' lang='lat' dir='ltr'><strong>scd</strong></span> <span class='ocrx_word' id='word_1_367' title='bbox 1274 1934 1485 1998; x_wconf 82' lang='lat' dir='ltr'><strong>tempori</strong></span> <span class='ocrx_word' id='word_1_368' title='bbox 1516 1933 1806 1984; x_wconf 80' lang='lat' dir='ltr'><strong>subiectum</strong></span> <span class='ocrx_word' id='word_1_369' title='bbox 1836 1938 1944 1982; x_wconf 86' lang='lat' dir='ltr'><strong>est:</strong></span> <span class='ocrx_word' id='word_1_370' title='bbox 1976 1930 2049 1981; x_wconf 91' lang='lat' dir='ltr'><strong>sic</strong></span> <span class='ocrx_word' id='word_1_371' title='bbox 2097 1930 2148 1980; x_wconf 90' lang='lat' dir='ltr'><strong>in</strong></span> 
     </span>
     <span class='ocr_line' id='line_1_73' title="bbox 1155 2003 2150 2074; baseline -0.002 -18"><span class='ocrx_word' id='word_1_372' title='bbox 1155 2007 1434 2066; x_wconf 77' lang='lat' dir='ltr'><strong>creatione,</strong></span> <span class='ocrx_word' id='word_1_373' title='bbox 1467 2022 1598 2074; x_wconf 87' lang='lat' dir='ltr'><strong>quae</strong></span> <span class='ocrx_word' id='word_1_374' title='bbox 1651 2012 1729 2057; x_wconf 86' lang='lat' dir='ltr'><strong>est</strong></span> <span class='ocrx_word' id='word_1_375' title='bbox 1775 2004 2033 2074; x_wconf 87' lang='lat' dir='ltr'><strong>processio</strong></span> <span class='ocrx_word' id='word_1_376' title='bbox 2084 2003 2150 2055; x_wconf 90' lang='lat' dir='ltr'><strong>ad</strong></span> 
     </span>
     <span class='ocr_line' id='line_1_74' title="bbox 1156 2082 2151 2147; baseline -0.002 -17"><span class='ocrx_word' id='word_1_377' title='bbox 1156 2088 1319 2140; x_wconf 84' lang='lat' dir='ltr'><strong>extra,</strong></span> <span class='ocrx_word' id='word_1_378' title='bbox 1369 2082 1540 2133; x_wconf 82' lang='lat' dir='ltr'><strong>omnia</strong></span> <span class='ocrx_word' id='word_1_379' title='bbox 1578 2082 1883 2147; x_wconf 82' lang='lat' dir='ltr'><strong>inceperunt</strong></span> <span class='ocrx_word' id='word_1_380' title='bbox 1909 2093 2043 2134; x_wconf 90' lang='lat' dir='ltr'><strong>esse,</strong></span> <span class='ocrx_word' id='word_1_381' title='bbox 2100 2085 2151 2128; x_wconf 87' lang='lat' dir='ltr'><strong>et</strong></span> 
     </span>
     <span class='ocr_line' id='line_1_75' title="bbox 1159 2151 2150 2218; baseline -0.003 -13"><span class='ocrx_word' id='word_1_382' title='bbox 1159 2156 1378 2207; x_wconf 82' lang='lat' dir='ltr'><strong>mundus</strong></span> <span class='ocrx_word' id='word_1_383' title='bbox 1408 2171 1506 2206; x_wconf 91' lang='lat' dir='ltr'><strong>non</strong></span> <span class='ocrx_word' id='word_1_384' title='bbox 1530 2162 1796 2213; x_wconf 82' lang='lat' dir='ltr'><strong>a.eternus;</strong></span> <span class='ocrx_word' id='word_1_385' title='bbox 1820 2152 1907 2205; x_wconf 89' lang='lat' dir='ltr'><strong>sed</strong></span> <span class='ocrx_word' id='word_1_386' title='bbox 1932 2151 2150 2218; x_wconf 87' lang='lat' dir='ltr'><strong>tempori</strong></span> 
     </span>
     <span class='ocr_line' id='line_1_76' title="bbox 1157 2228 2150 2281; baseline -0.003 -2"><span class='ocrx_word' id='word_1_387' title='bbox 1157 2231 1417 2281; x_wconf 63' lang='lat' dir='ltr'><strong>subiectus</strong></span> <span class='ocrx_word' id='word_1_388' title='bbox 1445 2235 1540 2281; x_wconf 87' lang='lat' dir='ltr'><strong>est.</strong></span> <span class='ocrx_word' id='word_1_389' title='bbox 1578 2228 1835 2280; x_wconf 76' lang='lat' dir='ltr'><strong>Processio</strong></span> <span class='ocrx_word' id='word_1_390' title='bbox 1864 2233 2040 2279; x_wconf 86' lang='lat' dir='ltr'><strong>autem</strong></span> <span class='ocrx_word' id='word_1_391' title='bbox 2086 2228 2150 2277; x_wconf 84' lang='lat' dir='ltr'><strong>ad</strong></span> 
     </span>
     <span class='ocr_line' id='line_1_77' title="bbox 1159 2301 2146 2373; baseline -0.003 -20"><span class='ocrx_word' id='word_1_392' title='bbox 1159 2304 1289 2355; x_wconf 87' lang='lat' dir='ltr'><strong>intra</strong></span> <span class='ocrx_word' id='word_1_393' title='bbox 1319 2304 1376 2356; x_wconf 87' lang='lat' dir='ltr'><strong>fit</strong></span> <span class='ocrx_word' id='word_1_394' title='bbox 1405 2319 1493 2355; x_wconf 88' lang='lat' dir='ltr'><strong>seu</strong></span> <span class='ocrx_word' id='word_1_395' title='bbox 1520 2301 1598 2373; x_wconf 90' lang='lat' dir='ltr'><strong>(ut</strong></span> <span class='ocrx_word' id='word_1_396' title='bbox 1622 2303 1812 2355; x_wconf 87' lang='lat' dir='ltr'><strong>rectius</strong></span> <span class='ocrx_word' id='word_1_397' title='bbox 1836 2302 2146 2369; x_wconf 86' lang='lat' dir='ltr'><strong>loquamur),</strong></span> 
     </span>
     <span class='ocr_line' id='line_1_78' title="bbox 1157 2377 2152 2445; baseline -0.004 -17"><span class='ocrx_word' id='word_1_398' title='bbox 1157 2384 1232 2429; x_wconf 85' lang='lat' dir='ltr'><strong>cst</strong></span> <span class='ocrx_word' id='word_1_399' title='bbox 1263 2379 1368 2445; x_wconf 86' lang='lat' dir='ltr'><strong>ipsa</strong></span> <span class='ocrx_word' id='word_1_400' title='bbox 1399 2378 1620 2428; x_wconf 85' lang='lat' dir='ltr'><strong>essentia</strong></span> <span class='ocrx_word' id='word_1_401' title='bbox 1651 2377 1843 2442; x_wconf 88' lang='lat' dir='ltr'><strong>divina,</strong></span> <span class='ocrx_word' id='word_1_402' title='bbox 1871 2389 2002 2443; x_wconf 91' lang='lat' dir='ltr'><strong>quae</strong></span> <span class='ocrx_word' id='word_1_403' title='bbox 2023 2379 2152 2425; x_wconf 88' lang='lat' dir='ltr'><strong>tem-</strong></span> 
     </span>
     <span class='ocr_line' id='line_1_79' title="bbox 1160 2446 2152 2519; baseline -0.005 -17"><span class='ocrx_word' id='word_1_404' title='bbox 1160 2453 1263 2519; x_wconf 89' lang='lat' dir='ltr'><strong>pori</strong></span> <span class='ocrx_word' id='word_1_405' title='bbox 1295 2467 1392 2502; x_wconf 89' lang='lat' dir='ltr'><strong>non</strong></span> <span class='ocrx_word' id='word_1_406' title='bbox 1423 2459 1498 2502; x_wconf 87' lang='lat' dir='ltr'><strong>est</strong></span> <span class='ocrx_word' id='word_1_407' title='bbox 1538 2451 1797 2502; x_wconf 88' lang='lat' dir='ltr'><strong>subiecta:</strong></span> <span class='ocrx_word' id='word_1_408' title='bbox 1833 2464 1954 2515; x_wconf 84' lang='lat' dir='ltr'><strong>ergo</strong></span> <span class='ocrx_word' id='word_1_409' title='bbox 2007 2446 2152 2514; x_wconf 89' lang='lat' dir='ltr'><strong>quid-</strong></span> 
     </span>
     <span class='ocr_line' id='line_1_80' title="bbox 1158 2521 2149 2593; baseline -0.003 -17"><span class='ocrx_word' id='word_1_410' title='bbox 1158 2526 1276 2593; x_wconf 88' lang='lat' dir='ltr'><strong>quid</strong></span> <span class='ocrx_word' id='word_1_411' title='bbox 1307 2526 1367 2576; x_wconf 87' lang='lat' dir='ltr'><strong>de</strong></span> <span class='ocrx_word' id='word_1_412' title='bbox 1396 2525 1617 2576; x_wconf 81' lang='lat' dir='ltr'><strong>essentia</strong></span> <span class='ocrx_word' id='word_1_413' title='bbox 1647 2524 1841 2583; x_wconf 90' lang='lat' dir='ltr'><strong>divina,</strong></span> <span class='ocrx_word' id='word_1_414' title='bbox 1867 2537 1958 2574; x_wconf 90' lang='lat' dir='ltr'><strong>seu</strong></span> <span class='ocrx_word' id='word_1_415' title='bbox 1987 2521 2037 2572; x_wconf 92' lang='lat' dir='ltr'><strong>in</strong></span> <span class='ocrx_word' id='word_1_416' title='bbox 2069 2537 2149 2573; x_wconf 88' lang='lat' dir='ltr'><strong>es-</strong></span> 
     </span>
     <span class='ocr_line' id='line_1_81' title="bbox 1159 2596 2150 2666; baseline -0.005 -16"><span class='ocrx_word' id='word_1_417' title='bbox 1159 2601 1323 2651; x_wconf 74' lang='lat' dir='ltr'><strong>sentia</strong></span> <span class='ocrx_word' id='word_1_418' title='bbox 1351 2600 1524 2650; x_wconf 88' lang='lat' dir='ltr'><strong>divina</strong></span> <span class='ocrx_word' id='word_1_419' title='bbox 1556 2599 1900 2666; x_wconf 84' lang='lat' dir='ltr'><strong>praedicatur,</strong></span> <span class='ocrx_word' id='word_1_420' title='bbox 1932 2596 2150 2663; x_wconf 86' lang='lat' dir='ltr'><strong>tempori</strong></span> 
     </span>
     <span class='ocr_line' id='line_1_82' title="bbox 1161 2673 2148 2736; baseline -0.004 -13"><span class='ocrx_word' id='word_1_421' title='bbox 1161 2674 1300 2725; x_wconf 92' lang='lat' dir='ltr'><strong>nullo</strong></span> <span class='ocrx_word' id='word_1_422' title='bbox 1330 2674 1476 2725; x_wconf 83' lang='lat' dir='ltr'><strong>modo</strong></span> <span class='ocrx_word' id='word_1_423' title='bbox 1507 2674 1794 2724; x_wconf 82' lang='lat' dir='ltr'><strong>subiectum</strong></span> <span class='ocrx_word' id='word_1_424' title='bbox 1822 2685 1933 2722; x_wconf 91' lang='lat' dir='ltr'><strong>esse</strong></span> <span class='ocrx_word' id='word_1_425' title='bbox 1962 2673 2148 2736; x_wconf 80' lang='lat' dir='ltr'><strong>potest,</strong></span> 
     </span>
     <span class='ocr_line' id='line_1_83' title="bbox 1159 2742 2152 2815; baseline -0.004 -17"><span class='ocrx_word' id='word_1_426' title='bbox 1159 2747 1207 2798; x_wconf 91' lang='lat' dir='ltr'><strong>Si</strong></span> <span class='ocrx_word' id='word_1_427' title='bbox 1239 2748 1408 2815; x_wconf 86' lang='lat' dir='ltr'><strong>itaque</strong></span> <span class='ocrx_word' id='word_1_428' title='bbox 1438 2747 1688 2815; x_wconf 78' lang='lat' dir='ltr'><strong>processio</strong></span> <span class='ocrx_word' id='word_1_429' title='bbox 1718 2745 1830 2797; x_wconf 90' lang='lat' dir='ltr'><strong>Filii</strong></span> <span class='ocrx_word' id='word_1_430' title='bbox 1858 2751 1910 2796; x_wconf 86' lang='lat' dir='ltr'><strong>et</strong></span> <span class='ocrx_word' id='word_1_431' title='bbox 1934 2742 2152 2810; x_wconf 86' lang='lat' dir='ltr'><strong>Spiritus</strong></span> 
     </span>
     <span class='ocr_line' id='line_1_84' title="bbox 1159 2817 2152 2889; baseline -0.004 -17"><span class='ocrx_word' id='word_1_432' title='bbox 1159 2821 1331 2873; x_wconf 87' lang='lat' dir='ltr'><strong>Sancti</strong></span> <span class='ocrx_word' id='word_1_433' title='bbox 1363 2823 1410 2872; x_wconf 92' lang='lat' dir='ltr'><strong>in</strong></span> <span class='ocrx_word' id='word_1_434' title='bbox 1443 2823 1550 2889; x_wconf 85' lang='lat' dir='ltr'><strong>ipsa</strong></span> <span class='ocrx_word' id='word_1_435' title='bbox 1579 2820 1799 2871; x_wconf 87' lang='lat' dir='ltr'><strong>essentia</strong></span> <span class='ocrx_word' id='word_1_436' title='bbox 1820 2817 1994 2870; x_wconf 89' lang='lat' dir='ltr'><strong>divina</strong></span> <span class='ocrx_word' id='word_1_437' title='bbox 2014 2833 2152 2869; x_wconf 89' lang='lat' dir='ltr'><strong>asse-</strong></span> 
     </span>
     <span class='ocr_line' id='line_1_85' title="bbox 1163 2893 2152 2962; baseline -0.005 -15"><span class='ocrx_word' id='word_1_438' title='bbox 1163 2896 1310 2955; x_wconf 90' lang='lat' dir='ltr'><strong>ritur,</strong></span> <span class='ocrx_word' id='word_1_439' title='bbox 1345 2895 1470 2947; x_wconf 86' lang='lat' dir='ltr'><strong>baec</strong></span> <span class='ocrx_word' id='word_1_440' title='bbox 1498 2896 1604 2962; x_wconf 86' lang='lat' dir='ltr'><strong>ipsa</strong></span> <span class='ocrx_word' id='word_1_441' title='bbox 1642 2893 1896 2962; x_wconf 86' lang='lat' dir='ltr'><strong>processio</strong></span> <span class='ocrx_word' id='word_1_442' title='bbox 1942 2896 2152 2943; x_wconf 86' lang='lat' dir='ltr'><strong>aeterna</strong></span> 
     </span>
     <span class='ocr_line' id='line_1_86' title="bbox 1163 2964 2153 3034; baseline -0.005 -14"><span class='ocrx_word' id='word_1_443' title='bbox 1163 2977 1239 3020; x_wconf 90' lang='lat' dir='ltr'><strong>est</strong></span> <span class='ocrx_word' id='word_1_444' title='bbox 1266 2971 1408 3021; x_wconf 89' lang='lat' dir='ltr'><strong>initio</strong></span> <span class='ocrx_word' id='word_1_445' title='bbox 1437 2984 1639 3026; x_wconf 88' lang='lat' dir='ltr'><strong>carens,</strong></span> <span class='ocrx_word' id='word_1_446' title='bbox 1670 2973 1721 3019; x_wconf 87' lang='lat' dir='ltr'><strong>et</strong></span> <span class='ocrx_word' id='word_1_447' title='bbox 1749 2967 1903 3019; x_wconf 88' lang='lat' dir='ltr'><strong>etiam</strong></span> <span class='ocrx_word' id='word_1_448' title='bbox 1929 2964 1980 3017; x_wconf 86' lang='lat' dir='ltr'><strong>id</strong></span> <span class='ocrx_word' id='word_1_449' title='bbox 2020 2965 2153 3034; x_wconf 86' lang='lat' dir='ltr'><strong>quod</strong></span> 
     </span>
     <span class='ocr_line' id='line_1_87' title="bbox 1164 3039 2154 3110; baseline -0.004 -16"><span class='ocrx_word' id='word_1_450' title='bbox 1164 3043 1390 3110; x_wconf 83' lang='lat' dir='ltr'><strong>procedit</strong></span> <span class='ocrx_word' id='word_1_451' title='bbox 1417 3084 1429 3103; x_wconf 87' lang='lat'><strong>,</strong></span> <span class='ocrx_word' id='word_1_452' title='bbox 1501 3049 1771 3094; x_wconf 89' lang='lat' dir='ltr'><strong>aeternum</strong></span> <span class='ocrx_word' id='word_1_453' title='bbox 1823 3046 1902 3092; x_wconf 90' lang='lat' dir='ltr'><strong>est</strong></span> <span class='ocrx_word' id='word_1_454' title='bbox 1954 3039 2154 3091; x_wconf 89' lang='lat' dir='ltr'><strong>initium</strong></span> 
     </span>
     <span class='ocr_line' id='line_1_88' title="bbox 1165 3115 2155 3182; baseline -0.002 -16"><span class='ocrx_word' id='word_1_455' title='bbox 1165 3132 1266 3167; x_wconf 92' lang='lat' dir='ltr'><strong>non</strong></span> <span class='ocrx_word' id='word_1_456' title='bbox 1314 3117 1527 3181; x_wconf 84' lang='lat' dir='ltr'><strong>habens;</strong></span> <span class='ocrx_word' id='word_1_457' title='bbox 1581 3130 1698 3167; x_wconf 88' lang='lat' dir='ltr'><strong>nam</strong></span> <span class='ocrx_word' id='word_1_458' title='bbox 1737 3115 1957 3174; x_wconf 88' lang='lat' dir='ltr'><strong>initium,</strong></span> <span class='ocrx_word' id='word_1_459' title='bbox 2008 3120 2155 3182; x_wconf 86' lang='lat' dir='ltr'><strong>prout</strong></span> 
     </span>
     <span class='ocr_line' id='line_1_89' title="bbox 1166 3186 2153 3258; baseline -0.004 -18"><span class='ocrx_word' id='word_1_460' title='bbox 1166 3191 1404 3258; x_wconf 87' lang='lat' dir='ltr'><strong>importat</strong></span> <span class='ocrx_word' id='word_1_461' title='bbox 1433 3190 1709 3242; x_wconf 86' lang='lat' dir='ltr'><strong>transitum</strong></span> <span class='ocrx_word' id='word_1_462' title='bbox 1738 3205 1766 3242; x_wconf 89' lang='lat' dir='ltr'><strong>a</strong></span> <span class='ocrx_word' id='word_1_463' title='bbox 1796 3205 1896 3241; x_wconf 89' lang='lat' dir='ltr'><strong>non</strong></span> <span class='ocrx_word' id='word_1_464' title='bbox 1933 3203 2047 3240; x_wconf 88' lang='lat' dir='ltr'><strong>esse</strong></span> <span class='ocrx_word' id='word_1_465' title='bbox 2093 3186 2153 3238; x_wconf 91' lang='lat' dir='ltr'><strong>ad</strong></span> 
     </span>
     <span class='ocr_line' id='line_1_90' title="bbox 1165 3263 2156 3331; baseline -0.002 -16"><span class='ocrx_word' id='word_1_466' title='bbox 1165 3281 1277 3316; x_wconf 85' lang='lat' dir='ltr'><strong>esse</strong></span> <span class='ocrx_word' id='word_1_467' title='bbox 1296 3305 1308 3326; x_wconf 94' lang='lat'><strong>,</strong></span> <span class='ocrx_word' id='word_1_468' title='bbox 1366 3264 1550 3316; x_wconf 89' lang='lat' dir='ltr'><strong>saltem</strong></span> <span class='ocrx_word' id='word_1_469' title='bbox 1601 3263 1702 3316; x_wconf 90' lang='lat' dir='ltr'><strong>duo</strong></span> <span class='ocrx_word' id='word_1_470' title='bbox 1757 3263 2001 3331; x_wconf 82' lang='lat' dir='ltr'><strong>temporis</strong></span> <span class='ocrx_word' id='word_1_471' title='bbox 2058 3275 2156 3313; x_wconf 81' lang='lat' dir='ltr'><strong>mo-</strong></span> 
     </span>
     <span class='ocr_line' id='line_1_91' title="bbox 1167 3338 2155 3406; baseline -0.004 -17"><span class='ocrx_word' id='word_1_472' title='bbox 1167 3345 1339 3389; x_wconf 82' lang='lat' dir='ltr'><strong>menta</strong></span> <span class='ocrx_word' id='word_1_473' title='bbox 1391 3338 1643 3406; x_wconf 86' lang='lat' dir='ltr'><strong>requirit,</strong></span> <span class='ocrx_word' id='word_1_474' title='bbox 1696 3343 1747 3390; x_wconf 86' lang='lat' dir='ltr'><strong>et</strong></span> <span class='ocrx_word' id='word_1_475' title='bbox 1808 3338 1893 3389; x_wconf 92' lang='lat' dir='ltr'><strong>ubi</strong></span> <span class='ocrx_word' id='word_1_476' title='bbox 1957 3342 2155 3402; x_wconf 90' lang='lat' dir='ltr'><strong>tempus</strong></span> 
     </span>
     <span class='ocr_line' id='line_1_92' title="bbox 1170 3407 2156 3477; baseline -0.006 -14"><span class='ocrx_word' id='word_1_477' title='bbox 1170 3412 1367 3463; x_wconf 91' lang='lat' dir='ltr'><strong>nullum</strong></span> <span class='ocrx_word' id='word_1_478' title='bbox 1395 3418 1500 3471; x_wconf 88' lang='lat' dir='ltr'><strong>est,</strong></span> <span class='ocrx_word' id='word_1_479' title='bbox 1530 3412 1682 3463; x_wconf 88' lang='lat' dir='ltr'><strong>etiam</strong></span> <span class='ocrx_word' id='word_1_480' title='bbox 1707 3412 1914 3463; x_wconf 89' lang='lat' dir='ltr'><strong>initium</strong></span> <span class='ocrx_word' id='word_1_481' title='bbox 1948 3407 2156 3477; x_wconf 85' lang='lat' dir='ltr'><strong>cogitari</strong></span> 
     </span>
     <span class='ocr_line' id='line_1_93' title="bbox 1168 3478 2157 3554; baseline -0.005 -16"><span class='ocrx_word' id='word_1_482' title='bbox 1168 3486 1362 3554; x_wconf 80' lang='lat' dir='ltr'><strong>nequit.</strong></span> <span class='ocrx_word' id='word_1_483' title='bbox 1394 3483 1740 3549; x_wconf 79' lang='lat' dir='ltr'><strong>Quamobrem</strong></span> <span class='ocrx_word' id='word_1_484' title='bbox 1770 3482 1932 3537; x_wconf 83' lang='lat' dir='ltr'><strong>Filius</strong></span> <span class='ocrx_word' id='word_1_485' title='bbox 1963 3488 2017 3535; x_wconf 88' lang='lat' dir='ltr'><strong>et</strong></span> <span class='ocrx_word' id='word_1_486' title='bbox 2044 3478 2157 3551; x_wconf 78' lang='lat' dir='ltr'><strong>Spi-</strong></span> 
     </span>
    </p>
   </div>
  </div>
 </body>
</html>
