2332 3860
271 114 274 116 ·
332 92 440 146 12ss
520 149 526 153 ,

324 188 383 241 Ξ,
421 187 515 241 Em.
538 186 616 240 Ss.
649 186 901 248 Patribus,
939 187 1025 255 qui
1052 186 1240 254 passim

250 262 358 318 Deo
386 262 810 331 perfectissimam
836 261 1130 313 libertatem
1156 258 1240 311 ad-

175 363 180 382 ÷
249 337 501 404 scribunt.
567 334 895 388 Tertullianus
951 333 1071 385 adv,
1115 331 1241 404 Her-

250 424 386 479 mog.
419 408 496 481 (4)
525 410 617 462 ait:
667 415 689 458 «
723 408 973 469 Liberum,
1017 422 1117 459 non
1149 422 1240 458 ne-

212 515 223 530 ,
248 485 460 537 cessitas
518 483 763 550 competit
802 481 926 534 Deo.
974 501 1000 529 n
1043 480 1095 533 S.
1140 480 1240 531 Ire·

247 573 399 610 naeus
436 556 558 609 adv,
590 557 735 610 haer.
768 554 863 625 (⁰2),
897 554 1046 606 docet
1073 554 1238 605 Deum

247 632 299 683 in
341 631 579 699 operibus
618 630 744 692 suis,
793 648 818 677 «
850 644 967 680 cum
1006 629 1072 680 sit
1113 628 1241 679 liber

249 711 302 759 et
339 720 463 757 suae
491 704 776 772 potestatis,
808 702 1101 755 necessitati
1126 701 1239 753 nul-

249 779 455 832 latenus
492 778 723 830 subesse.
767 796 793 825 »
836 775 889 828 S.
932 775 1240 845 Epiphanius

252 850 362 922 (5):
409 871 435 900 «
477 850 568 903 Est
606 857 911 919 praepotens
950 850 1088 902 Deus
1116 890 1128 910 ,
1191 856 1240 901 et

249 925 587 994 quodcunque
628 924 831 976 libitum
873 930 970 984 est,
1015 923 1239 987 molitur,

249 1001 321 1065 ita
361 1006 532 1051 tamen
562 1039 574 1059 ,
627 1005 684 1050 ut
734 1013 865 1066 quae
917 997 1239 1049 divinitatem

249 1073 408 1140 ipsius
448 1072 695 1132 deceant,
739 1078 985 1139 perpetuo
1026 1070 1235 1124 faciat.»

250 1145 304 1198 S.
348 1146 675 1214 Hieronymus
716 1143 824 1215 (li):
873 1164 898 1193 «
953 1144 1114 1196 Homo
1143 1187 1155 1207 ,
1198 1147 1237 1197 si

252 1217 369 1271 talis
413 1219 606 1280 luisset,
650 1221 731 1287 qui
776 1220 964 1270 bonum
1010 1235 1108 1270 non
1155 1235 1239 1270 vo-

250 1292 471 1352 luntate,
502 1292 591 1344 sed
621 1294 925 1344 necessitate
955 1292 1238 1360 perficeret,

250 1381 350 1419 non
391 1374 526 1418 esset
575 1366 680 1417 Deo
720 1366 899 1430 simil-is
928 1406 939 1426 ‚
1001 1368 1085 1434 qui
1130 1366 1239 1418 ideo

250 1439 415 1491 bonus
479 1446 556 1491 est
614 1440 731 1508 quia
772 1439 937 1500 vult,-
981 1455 1078 1490 non
1122 1442 1239 1508 quia

250 1513 505 1580 cogitur.»
524 1512 581 1565 S.
613 1511 918 1580 Auqustz'nus
947 1510 1040 1583 (5):
1060 1513 1238 1564 «Nulla

251 1587 577 1647 necessitate,
621 1586 709 1639 sed
738 1586 844 1638 sola
874 1587 1099 1639 bonitate
1123 1588 1241 1639 fecit

251 1658 407 1721 Deus,
452 1659 586 1728 quod
626 1661 818 1712 factum
860 1668 955 1712 est.
992 1679 1017 1709 »

323 1732 375 1785 5.
419 1733 500 1785 Eat·
546 1734 751 1785 ratione.
797 1732 846 1803 a)
895 1733 1087 1802 Cuique
1129 1749 1241 1801 per-

249 1822 461 1859 suasum
501 1814 615 1867 est,
659 1807 951 1859 libertatem
999 1822 1241 1873 magnam

250 1895 362 1932 csse
386 1886 618 1941 ,naturae
658 1880 937 1947 spiritualis
977 1880 1241 1947 perfectio-

252 1969 390 2012 nem,
421 1969 552 2021 quae
580 1953 692 2004 ideo
714 1952 832 2004 Enti
855 1953 1240 2021 perfectissime,

251 2035 300 2078 et
339 2027 569 2079 omnium
617 2027 869 2078 bonorum
915 2029 1111 2079 auctori
1153 2027 1241 2080 de-

251 2102 430 2168 negari
472 2101 668 2169 nequit.
714 2098 758 2170 b)
812 2100 868 2151 In
921 2100 1026 2154 Deo
1054 2141 1067 2162 ‚
1111 2100 1241 2153 Ente

250 2189 491 2242 supremo
531 2181 582 2225 et
621 2175 1002 2242 omnipotente,
1047 2176 1240 2227 coactio

250 2255 466 2300 externa
507 2248 676 2299 locum
703 2247 892 2299 habere
921 2249 1115 2316 nequit3
1149 2265 1242 2301 nec

250 2323 302 2373 in
343 2321 475 2384 Deo,
520 2320 649 2372 Ente
677 2321 1073 2389 simplicissimo,
1107 2324 1241 2389 prin-

249 2396 441 2464 cipium
481 2395 766 2456 internun1;
807 2395 941 2463 quod
982 2396 1237 2464 impellit,

250 2468 588 2530 et·facultaS‚
634 2484 765 2537 quae
807 2469 1118 2537 impellitur,
1170 2471 1242 2522 di-

251 2543 443 2611 stingui
483 2550 717 2611 possunt,
749 2558 869 2595 cum
887 2543 1130 2596 voluntas
1170 2544 1242 2596 di-

254 2616 374 2668 vina
413 2616 479 2668 sit
516 2617 626 2684 ipsa
665 2617 919 2677 essentia,
973 2625 1024 2670 et
1063 2618 1112 2670 in
1157 2634 1244 2687 pu-

254 2689 452 2742 rissimo
465 2696 583 2742 actu
603 2689 868 2742 consistat.
890 2689 942 2742 Si
965 2708 1085 2759 ergo
1105 2692 1244 2745 Deus

256 2763 371 2813 vult
409 2763 687 2815 bonitatem
728 2779 874 2816 suam
916 2764 1200 2818 diffundere
1227 2808 1238 2829 ,

258 2842 310 2886 et
334 2834 546 2902 gloriam
571 2853 718 2889 suam
734 2837 1085 2898 manifestare,
1118 2839 1244 2891 haec

256 2909 367 2975 ipsa
405 2909 577 2962 volitio
623 2910 884 2964 liberrima
913 2951 934 2973 ‚.
985 2913 1049 2964 ab
1107 2916 1243 2966 omni

259 2981 414 3048 priori
454 2981 597 3049 lege,
648 2999 803 3037 causa
856 2984 939 3036 vel
997 2986 1244 3056 principio

259 3055 601 3107 necessitante
638 3059 843 3111 omnino
896 3058 1245 3127 independens

262 3133 358 3180 est.
388 3126 432 3198 c)
470 3127 549 3179 Ex
575 3137 760 3196 negata
794 3131 1030 3184 libertate
1071 3134 1244 3188 divina

260 3215 450 3268 magna
488 3200 707 3255 absurda
751 3212 1058 3275 sequuntur3
1101 3224 1240 3272 nam,

321 3312 357 3355 1)
381 3314 464 3357 Cap.
489 3313 544 3349 16.

323 3356 359 3400 9.)
384 3358 421 3390 L.
447 3357 482 3398 2,
508 3367 539 3392 c.
561 3357 593 3399 5,
609 3367 645 3392 n.
663 3359 694 3393 4.

321 3399 357 3443 3)
381 3401 488 3435 Haer·
506 3401 562 3443 70,
578 3410 613 3434 n.
635 3402 667 3436 7.

239 3445 242 3447 ’
309 3443 362 3489 (4)
385 3445 427 3480 ln
451 3445 514 3490 Ep.
535 3446 576 3481 ad
601 3446 749 3484 Pliilem.
765 3447 797 3495 ὅ.

1791 14 1820 30 S

934 105 997 144 os
1037 105 1128 143 nso
1167 106 1217 142 m
1256 103 1315 166 sn
1341 79 1609 151 'specum
1851 93 1853 95 ’
1932 124 1937 126 -
2146 124 2162 130 -ψ
2240 47 2332 151 ,Ἴ

1302 185 1377 249 ait
1413 182 1490 237 Cl.
1533 179 1775 251 Tournely
1802 177 1902 254 (6),-2
1929 159 2030 249 «si
2058 141 2332 254 emilane*

1302 257 1442 311 Deus
1481 254 1636 310 efficit
1660 262 1811 325 extra
1824 257 2146 326 se‚‚quadam
2159 264 2300 320 comis

1303 332 1482 400 pulsus
1522 331 1833 399 necessitate
1882 331 2107 394 faceret,
2153 329 2332 391 nulla¹

1303 405 1474 466 debita
1519 404 1649 458 foret
1701 404 1820 458 -laus
1869 405 2332 470 misericordiae‚'

1302 494 1456 547 quam
1485 493 1608 546 erga
1636 493 1730 531 nos
1757 485 1987 546 exercet,
2017 479 2160 532 nulla
2183 496 2312 547 gra-⁸

1304 553 1491 604 tiarum
1520 553 1675 614 actio,
1717 551 1864 604 nulla
1901 553 2161 622 gratitudo
2199 554 2297 622 ipsi

1302 626 1632 694 rependenda
1684 631 1894 694 propter
1943 626 2195 679 beneficia
2231 627 2298 680 ab

1302 701 1410 768 ipso
1450 701 1502 752 in
1532 717 1625 753 nos
1664 699 1919 752 derivata:
1963 699 2091 752 nihil
2131 700 2196 752 ab
2235 715 2314 761 eo>

1302 775 1614 842 sperandum
1657 773 1787 826 foret
1835 773 2067 843 nihilque
2116 779 2298 842 peten-

1303 848 1445 900 dum.
1490 847 1568 901 Ad
1597 848 1718 917 quid
1742 848 1879 900 enim
1908 855 1961 900 et
2001 852 2206 901 nostrae
2231 848 2297 901 ad

1303 935 1421 974 eum
1449 938 1648 990 preces,
1676 929 1728 975 et
1754 921 1846 974 Dei
1875 922 1938 974 ad
1978 937 2072 974 nos
2111 921 2296 989 adhor-

1303 998 1523 1050 tationes
1564 1004 1615 1049 et
1655 997 2103 1057 commonitioneS‚
2147 996 2190 1048 si
2218 995 2295 1047 fa·

1302 1070 1391 1122 tali
1433 1070 1653 1140 quadam
1691 1071 1999 1124 necessitate
2038 1070 2172 1122 bona
2211 1069 2295 1121 vel

1303 1144 1438 1211 mala
1479 1145 1817 1198 immitteret?
1850 1165 1875 1193 »

1375 1218 1506 1270 Nola
1530 1219 1578 1270 1.
1607 1218 1753 1270 Multi
1784 1234 1849 1270 ex
1877 1217 2097 1269 ethnicis
2123 1215 2295 1269 Philo·
2328 1230 2332 1235 ·

1303 1292 1474 1358 sophis
1514 1299 1565 1344 et
1608 1293 1775 1344 Poetis
1815 1292 1948 1344 Deos
1982 1293 2083 1343 fato
2126 1290 2297 1343 subie-

1303 1373 1507 1417 cerunt.
1552 1365 1864 1418 Libertatem
1905 1355 1998 1417 Dei
2039 1371 2300 1431 negarunt

1304 1438 1645 1507 HermoqeneS,
1673 1440 1845 1491 Petrus
1870 1437 2192 1499 AbaelarduS‚
2217 1438 2293 1490 Ιο.

1312 1512 1577 1582 Wiclefftw,
1605 1520 1734 1565 teste
1762 1513 1962 1566 Bossuet
1986 1509 2083 1583 (7),
2114 1511 2297 1564 Luthe-

1303 1602 1390 1637 rus
1429 1594 1477 1638 et
1531 1589 1806 1655 praecipue
1853 1585 2122 1646 Calvinus,
2166 1592 2298 1653 teste

1305 1659 1595 1713 Bellarmin.
1631 1658 1727 1731 (8),
1761 1668 1812 1713 ct
1837 1659 2075 1729 Spinoza,
2105 1660 2188 1712 cui
2216 1675 2296 1712 as·

1304 1735 1533 1786 sentiunt
1559 1733 1888 1796 Rmzcltez'stae,
1911 1734 2163 1786 rationem
2186 1749 2298 1802 per-

1304 1807 1588 1859 sonalitatis
1628 1808 1733 1860 Deo
1774 1808 2112 1875 abnegantes,
2159 1805 2298 1860 Diffi-

1305 1879 1526 1933 cultates
1547 1897 1678 1950 quae
1700 1889 1881 1934 contra
1909 1883 2199 1935 libertatem
2227 1881 2300 1934 di-

1306 1956 1476 2006 vinam
1520 1957 1715 2008 moveri
1756 1955 1955 2018 solent,
1997 1956 2155 2008 facile
2194 1955 2298 2009 sol-

1307 2036 1517 2081 vuntur.

1380 2101 1485 2155 obi.
1534 2103 1591 2153 11⁸
1631 2102 1682 2155 Si
1724 2102 1861 2155 Deus
1910 2120 1939 2156 a
1978 2104 2111 2156 bono
2169 2102 2296 2155 defi-

1305 2191 1422 2227 cere
1463 2177 1661 2245 nequit‚
1696 2178 1989 2230 necessario
2029 2176 2299 2246 vultquod

1305 2250 1552 2317 optimum
1595 2257 1709 2313 est,
1754 2267 1814 2304 ac
1854 2251 1968 2304 ideo
2008 2259 2184 2304 actum
2221 2256 2301 2304 est

1306 2323 1368 2375 de
1411 2325 1520 2394 eius
1562 2324 1818 2378 libertate.

1378 2397 1517 2466 Resp.
1544 2398 1788 2451 Nonnulli
1814 2415 1934 2451 cum
1957 2398 2192 2451 Leibnilio
2214 2397 2301 2452 do·

1305 2479 1544 2534 cuerunt,
1571 2472 1800 2525 divinam
1817 2473 2136 2525 voluntatem
2166 2488 2301 2524 sem-

1306 2561 1394 2613 per
1434 2547 1578 2615 sequi
1621 2547 1815 2599 maiora
1854 2548 2079 2606 motiva,
2131 2547 2203 2598 ita
2243 2552 2302 2600 ut

1306 2634 1406 2670 non
1448 2620 1606 2688 possit
1646 2636 1749 2672 non
1803 2620 1993 2688 'eligere
2031 2619 2081 2672 id
2108 2661 2120 2680 ‚
2165 2618 2299 2688 quod

1305 2693 1558 2761 optimum
1585 2695 1697 2746 esse
1729 2695 2015 2764 cognoscitt
2059 2693 2147 2746 alii
2176 2708 2300 2746 vero

1305 2766 1596 2835 Philosophi
1624 2775 1675 2820 et
1694 2766 1939 2835 Theologi
1962 2766 2301 2834 contendunt,
2322 2825 2326 2827 ,

1305 2840 1470 2892 Deum
1512 2843 1580 2893 ita
1640 2842 1860 2894 liberum
1901 2858 2015 2895 esse
2042 2883 2054 2904 ‚
2098 2847 2156 2894 ut
2197 2850 2299 2893 non

1307 2917 1595 2968 necessario
1615 2923 1862 2984 sequatur
1882 2917 2075 2968 maiora
2090 2915 2301 2968 motiva.

1307 2987 1400 3040 Ast
1427 2989 1476 3040 in
1502 2996 1723 3059 utraque
1744 2990 2003 3042 sententia
2024 2989 2163 3042 Deus
2183 3003 2304 3040 con-

2319 2913 2330 2922 x

2313 2955 2332 2975 k-

1308 3061 1538 3114 funditur
1578 3079 1695 3114 cum
1736 3063 1944 3116 homine
1968 3082 1984 3128 3
2027 3062 2113 3115 hic
2162 3053 2332 3137 enim}¹

1308 3151 1398 3203 per
1436 3136 1628 3188 motiva
1668 3136 1732 3188 ad
1782 3137 2047 3206 agendum
2083 3133 2332 3202 impelli-‚2

1308 3215 1412 3269 tur,
1444 3224 1546 3260 non
1566 3216 1739 3268 autem
1760 3210 1920 3273 Deus,
1949 3210 2054 3264 Ens
2075 3209 2303 3281 primunt

1356 3321 1404 3365 (5)
1427 3323 1466 3356 L.
1493 3322 1534 3358 11
1559 3325 1604 3358 de
1628 3325 1690 3359 Civ
1729 3326 1772 3359 D.
1790 3334 1821 3360 c.
1841 3325 1897 3361 24.

2309 3211 2332 3259 ἐ

2309 3259 2332 3282 *ἱ

1352 3365 1402 3409 (6)
1428 3367 1478 3401 De
1495 3368 1580 3408 Deo,
1596 3377 1631 3410 q.
1650 3367 1708 3409 17,
1725 3373 1792 3404 art.
1811 3369 1842 3403 4.
2161 3339 2166 3343 η
2266 3333 2332 3398 ι-Ῑῗέ

1353 3409 1404 3453 (7)
1430 3411 1520 3445 Hist.
1538 3419 1613 3446 var.
1632 3412 1656 3446 1.
1673 3411 1729 3453 11,
1747 3421 1779 3447 c.
1798 3412 1851 3448 93.
2122 3414 2127 3416 ’
2223 3431 2254 3473 ‘a
2301 3405 2332 3460 ἔ

2223 3475 2255 3493 ,χ
2288 3483 2290 3485 ,

1353 3452 1402 3497 (8)
1430 3454 1467 3489 L.
1487 3453 1507 3489 3
1523 3455 1567 3490 de
1587 3460 1679 3498 grat.
1697 3456 1810 3492 etlib.
1829 3456 1906 3493 arb.
1933 3465 1964 3492 c.
1983 3456 2036 3493 ¹⁸.
2089 3489 2094 3494 .
