2332 3860
59 484 62 485 γ
113 433 212 487 bus·
237 430 552 499 potissimum
580 429 864 481 rationibus
881 430 1096 497 probant

114 505 169 575 a)
212 503 563 557 Co‘nditionate
622 502 794 562 futura
844 519 964 554 vere
1024 502 1096 554 di-

115 580 445 645 stinguuntur
473 594 502 629 a
545 591 684 628 mere
727 575 1053 644 possibilibus
1076 593 1110 640 3·

119 667 234 705 nam
261 664 346 703 ex.
379 665 459 717 gr.
503 665 644 702 mere
685 650 936 717 possibilis
975 649 1095 700 fuis-

27 754 43 797 1
115 726 357 778 setetiam
381 723 694 791 poenitentia
715 722 1096 774 Betlisaitarum

115 806 166 852 et
195 797 595 858 Corozaitarum‚
639 796 726 848 illa
761 811 882 848 vero
921 796 1098 864 Tyrio-

117 886 227 926 rum
267 878 318 923 et
380 870 705 923 Sidoniorum
764 885 866 921 non
931 870 1095 922 solum

69 982 77 989 «
117 945 384 1014 possibilis,
416 945 501 997 sed
525 950 643 997 actu
673 944 896 995 extitura
922 944 1100 996 fuisset

60 1057 66 1061 ,
115 1020 154 1072 si
194 1019 414 1070 conditio
454 1025 588 1071 esset
628 1017 858 1085 impleta:
889 1019 962 1069 sic
1008 1034 1098 1083 ge-

23 1104 41 1124 *
117 1093 331 1145 neratim
356 1092 584 1144 homines
607 1107 758 1159 saepe
786 1099 1101 1159 cognoscunt

116 1166 304 1235 aliquid
365 1166 600 1234 possibile
647 1181 801 1226 esse,
865 1167 1101 1217 nesciunt

118 1256 258 1300 ver0‚
283 1256 347 1292 an
372 1241 532 1307 posita
555 1239 778 1308 quadam
814 1239 1101 1291 conditione

117 1321 235 1366 actu
274 1314 506 1366 futurum
535 1314 619 1365 sit.
664 1312 818 1364 Porro
847 1313 1099 1365 conditio-

119 1395 235 1440 nate
262 1387 433 1439 futura
446 1387 872 1454 distinguuntura
896 1387 1103 1439 realiter

119 1463 325 1524 futuriS,
350 1462 467 1528 quia
497 1462 560 1513 ol)
588 1461 893 1513 conditionis
914 1477 1104 1529 ponen-

120 1536 215 1586 dae
253 1535 509 1586 defectum
537 1550 800 1603 nunquam
838 1536 1097 1588 evenient.

121 1607 417 1660 Necessario
456 1623 576 1675 ergo
605 1610 812 1660 tertium
842 1609 1105 1660 divisionis

124 1683 431 1741 membrum,
480 1697 662 1749 nempe
684 1683 897 1734 scientia
939 1683 1104 1733 media

120 1756 382 1807 statuitur.
426 1751 478 1823 b)
506 1754 611 1822 Ope
638 1755 881 1808 scientiae
913 1756 1106 1807 mediae

122 1829 322 1881 facilius
362 1827 741 1894 intelliguntur,
795 1837 846 1880 et
905 1830 1108 1897 planius

122 1902 446 1970 explicantur
502 1901 556 1953 S.
620 1901 914 1970 Scripturae
974 1903 1103 1962 loca,

124 1977 176 2028 1.
210 1976 336 2042 Reg.
376 1974 467 2036 25,
523 1975 705 2027 Matth.
754 1977 842 2037 M,
886 1977 950 2027 ⁶21
1003 1984 1103 2028 etc.

123 2047 177 2119 c)
225 2048 445 2101 Scientia
512 2049 678 2101 media
745 2066 833 2117 pro
885 2057 1107 2102 tractatu

124 2122 188 2174 de
227 2123 393 2190 gratia
420 2124 562 2174 varia
589 2125 852 2174 commoda
878 2126 1105 2190 praebet3

128 2212 218 2264 per
255 2195 394 2247 illam
439 2197 572 2248 enim
614 2197 762 2248 facile
790 2198 1105 2259 declaratur,

126 2269 374 2338 quomodo
395 2269 533 2322 Deus
559 2271 607 2322 in
635 2272 918 2338 gratiarum
945 2272 1112 2323 distri-

126 2343 333 2396 butione
371 2345 743 2411 sapientissime
773 2345 1031 2412 procedat,
1064 2352 1112 2397 et

127 2416 376 2484 quomodo
419 2432 506 2484 per
529 2419 747 2484 gratiam
778 2419 995 2471 liberum
1034 2435 1113 2470 ar-

129 2491 337 2542 bitrium
392 2491 687 2544 nullatenus
714 2491 945 2559 tollatur3
977 2493 1115 2543 Deus

129 2564 264 2615 enim
301 2565 552 2632 imprimis
572 2567 853 2632 cognoscit,
897 2567 991 2618 sub
1015 2582 1114 2635 qua

129 2638 436 2699 conditione,
479 2639 643 2691 autin
686 2641 870 2708 quibus
898 2642 1117 2692 circum-

43 2740 49 2745 —
129 2711 329 2763 stantiis
391 2711 631 2764 voluntas
688 2713 910 2765 humana
960 2714 1116 2766 libere

130 2799 442 2836 consensura
468 2786 534 2837 sit
553 2788 768 2862 gratiae,
800 2803 951 2855 quam
979 2788 1112 2846 ideo,

29 2859 48 2934 ζ
130 2858 173 2909 si
201 2872 313 2909 eam
337 2857 450 2908 vult
471 2859 734 2911 efficacem
758 2877 889 2922 esse,
916 2861 1010 2913 sub
1032 2861 1118 2913 illa

24 2935 28 2937 ’
54 2984 55 2989 ,
132 2931 419 2983 conditione
446 2947 535 2984 seu
557 2933 699 2985 inliis
720 2934 1119 2987 circumstantiis

33 3006 79 3015 ’“
132 3004 399 3071 elargitur.

206 3079 260 3130 Ξ.
330 3076 623 3130 Themistae
688 3081 953 3132 scientiam
1022 3096 1123 3132 me-

135 3150 270 3203 diam
309 3152 644 3220 sequentibus
682 3156 1003 3222 argumentis
1028 3155 1121 3206 im-

54 3227 61 3229 *
134 3231 383 3292 pugnant.
434 3223 492 3295 a)
551 3225 827 3294 >Tripartita
879 3229 1122 3280 scientiae

18 3341 43 3382 ..5
65 3334 72 3366 ·.
138 3297 342 3350 divinae
369 3297 550 3350 divisio
579 3299 728 3368 loyica
757 3317 856 3354 mm
882 3310 967 3354 est.
992 3301 1119 3354 Nam

136 3364 480 3424 conditionate
501 3373 611 3424 futu
621 3389 695 3435 ra,
727 3388 857 3443 quae
878 3376 1123 3428 scientiae

4 3448 14 3508 'g
47 3435 59 3476 5
138 3443 335 3496 mediae
395 3446 790 3510 adscribuntur,
861 3449 1123 3517 proprium

0 3520 11 3577 ζ
47 3514 65 3582 ’ᾗ
98 3581 103 3585 ,
136 3529 227 3568 seu
267 3516 488 3586 speciale
526 3520 771 3574 scientiae
811 3521 1012 3574 divinae
1040 3520 1121 3575 ob·

746 195 864 239 PARS
900 203 936 239 t.
980 200 1146 239 SEC'rto
1182 203 1215 239 1.
1261 201 1411 240 CAPUT
1449 201 1502 238 tt.

13 279 42 347 ᾖε
114 275 602 354 vulga-“xtutinistae,
646 287 738 334 aut
765 280 1095 348 Conqrui'stae
1156 284 1346 336 iectum
1374 296 1474 334 non
1514 278 1855 344 constituunt3
1899 281 1980 334 vel
2009 268 2148 336 enirn

115 355 254 420 dicit,
297 356 607 413 sententiam
645 371 791 408 suam
840 357 1097 424 sequenti-

1956 174 2073 240 ιω

1157 358 1207 408 in
1249 354 1765 408 huiusmodi-futuris
1792 353 2016 407 conditio
2057 373 2144 425 po—

1159 431 1297 482 nitur
1352 434 1591 481 nec.'ne:
1659 428 1699 480 si
1760 429 1984 496 ponitur,
2029 438 2151 483 sunt

1159 504 1366 556 realiter
1404 503 1456 554 fu
1471 509 1604 564 tura,
1635 508 1872 554 seu‘actu
1902 503 2144 565 existent,

1158 583 1210 629 et
1250 577 1360 629 ideo
1387 591 1418 628 a
1445 576 1549 628 Deo
1586 591 1674 644 per
1700 576 1970 628 scientiam
2001 577 2151 630 visio-

1161 651 1240 702 nis
1279 656 1683 717 cognoscuntur3
1715 649 1902 702 sivero
1929 651 2151 704 conditio

1162 740 1260 778 non
1303 724 1529 792 ponitur,
1574 730 1786 776 manent
1815 739 1955 776 mere
1999 727 2151 792 possi-

1162 798 1299 857 bilia,
1368 804 1419 849 et
1458 798 1518 849 ad
1581 798 1850 850 scientiam
1907 798 2151 867 simplicis

1160 870 1534 938 intelligentiae
1556 873 1832 939 pertinent.
1866 871 1922 942 b)
1977 871 2153 925 Scien-

1163 946 1230 997 tia
1271 945 1438 997 media
1462 947 1511 997 in
1554 945 1756 998 scholas
1795 946 2075 998 catholicas
2101 946 2156 999 de

1161 1035 1284 1070 novo
1349 1020 1640 1072 introducta
1692 1026 1769 1072 est
1792 1037 1807 1084 3
1871 1020 2155 1072 novitatem

1162 1094 1299 1145 enim
1353 1094 1614 1145 doctrinae
1655 1109 1778 1145 suae
1820 1094 1927 1161 ipse
1968 1094 2157 1147 Molina

1164 1167 1328 1218 fassus
1370 1175 1467 1219 est:
1506 1167 1653 1236 atqui
1694 1168 1745 1219 in
1786 1167 2043 1236 theologia
2085 1169 2160 1220 ni-

1164 1240 1233 1291 bil
1282 1242 1447 1307 magis
1512 1248 1810 1308 suspectum
1861 1249 1958 1304 est,
2003 1258 2158 1311 quam

1166 1314 1383 1366 novitas,
1416 1313 1465 1386 c)
1518 1314 1673 1367 Juxta
1702 1314 1984 1368 Molinistas
2023 1316 2160 1368 Deus

1167 1403 1255 1456 per
1294 1389 1563 1441 scientiam
1605 1389 1825 1442 mediam
1856 1391 1995 1458 prius
2035 1405 2159 1442 con-

1165 1462 1386 1525 siderat,
1457 1479 1555 1531 qua
1625 1464 1785 1530 posita
1843 1464 2156 1523 conditione,

1166 1552 1257 1587 seu
1297 1538 1347 1588 in
1377 1538 1563 1605 quibus
1602 1538 2005 1590 circumstantiis
2044 1553 2161 1606 gra-

1169 1613 1267 1661 tiae
1310 1611 1533 1662 bumana
1564 1611 1805 1662 voluntas
1846 1627 2161 1663 consensura

1169 1684 1252 1743 sit,
1299 1691 1349 1735 et
1377 1685 1562 1735 deinde
1603 1685 1885 1738 voluntatis
1912 1701 2036 1738 suae
2075 1685 2161 1736 de-

1170 1764 1369 1809 cretum
1411 1759 1602 1810 conditz
1647 1774 1769 1825 ergo
1799 1758 1934 1810 Deus
1962 1759 2012 1811 in
2042 1775 2161 1811 con-

1171 1831 1351 1882 dendis
1391 1832 1611 1883 decretis
1662 1849 1689 1882 a
1731 1834 1980 1884 creaturis
2033 1834 2158 1892 suis,

1171 1905 1544 1972 perscientiam
1569 1905 1787 1956 mediam
1804 1906 2159 1964 consideratis,

1172 1979 1446 2046 dependet,
1491 1979 1625 2046 quod
1666 1980 1877 2032 omnino
1909 1980 2163 2033 absonum

1172 2068 1231 2103 ac
1281 2052 1381 2103 Deo
1423 2053 1691 2119 indignum
1735 2061 1830 2105 est.
1894 2053 1951 2125 cl)
2006 2054 2058 2107 Si
2111 2055 2163 2105 in

1173 2132 1454 2194 systemate
1521 2126 1898 2179 Molinistarum
1954 2127 2164 2181 libertas

1176 2199 1391 2251 bominis
1455 2217 1485 2252 a
1555 2203 1720 2267 gratia
1783 2202 2162 2269 supernaturali

1174 2274 1355 2334 adiuti,
1399 2274 1589 2326 clarius
1630 2274 1894 2337 elucescit,
1939 2277 2166 2328 efficacia

1175 2348 1391 2414 gratiae,
1446 2364 1578 2416 quac
1626 2357 1855 2416 operatur
1916 2350 1969 2402 in
2032 2350 2167 2402 nobis

1177 2420 1288 2472 celle
1327 2429 1367 2472 et
1417 2423 1647 2491 perficere
1688 2420 1763 2492 (l)
1807 2423 1956 2476 valde
1983 2424 2166 2477 obscu-

1178 2501 1340 2546 ratur.
1711 2540 1715 2543 Α

1252 2568 1302 2619 5.
1331 2567 1623 2634 Propositae
1646 2570 2027 2622 controversiae
2045 2585 2169 2623 non-

1182 2641 1350 2692 nullas
1417 2640 1724 2694 reflexiones
1765 2643 2047 2710 adiungere
2113 2644 2170 2695 li·

1178 2721 1277 2767 cet.
1325 2713 1374 2784 a)
1405 2712 1550 2767 Circa
1592 2717 1946 2769 extensionem
1986 2717 2171 2770 obiecti

1178 2789 1426 2841 scientiae
1497 2789 1700 2841 divinae
1761 2790 2002 2858 Theologi
2071 2807 2170 2843 non

1180 2863 1509 2926 dissentiunt3
1553 2877 1730 2915 omnes
1770 2864 1905 2917 enim
1946 2866 2171 2917 fatentur

1182 2936 1346 2988 Deum
1384 2937 1555 2988 omnia
1608 2938 1739 2988 scire
1804 2945 1858 2990 et
1920 2939 1983 2990 ad
2048 2940 2172 2991 baec

1180 3011 1371 3071 omnia,
1392 3011 1713 3078 paucissimis
1733 3012 2066 3079 scriptoribus
2088 3029 2171 3065 ex-

1183 3085 1362 3150 ceptis,
1406 3085 1562 3135 etiam
1601 3085 1947 3138 conditionate
2001 3087 2173 3139 futura

1184 3159 1430 3208 referunt.
1462 3157 1514 3208 Si
1548 3163 1720 3210 autem
1749 3162 1920 3212 cuncti
1949 3160 2055 3212 Deo
2090 3163 2173 3211 ve-

1185 3244 1295 3281 ram
1334 3237 1385 3282 et
1430 3230 1708 3297 perfectam
1766 3235 2174 3286 omniscientiam

1184 3304 1493 3363 attribuunt,
1526 3310 1578 3356 et
1604 3305 1678 3357 si'c
1720 3307 1771 3358 in
1813 3307 2050 3374 dogmate
2090 3324 2174 3359 ca-

1188 3375 1373 3429 tholico
1412 3380 1759 3440 consentiunt,
1805 3397 1984 3448 parum
2022 3381 2175 3433 refert

1185 3465 1284 3517 qua
1337 3451 1534 3504 ratione
1574 3453 1893 3507 illimitatum
1930 3454 2178 3508 scientiae

1228 3548 1282 3594 (ι)
1307 3549 1395 3586 pun.
1421 3549 1458 3593 a,
1482 3549 1535 3588 13.
