2332 3860
61 86 106 111 Ὗ.

0 108 98 121 ’.ιν

49 204 252 259 e‘tiam
264 199 385 258 illas
397 197 699 256 animalium
718 199 916 269 species
942 214 1084 253 crea·

99 283 179 332 tas
214 270 343 338 esse,
385 279 516 344 quae
554 288 694 327 nunc
732 281 856 327 sunt
888 274 1078 328 lstimini

98 351 179 404 vel
212 357 421 403 veneno
452 347 535 400 vel
573 349 857 402 voracitate
898 349 1079 402 nociva

88 422 318 477 dubitari·
351 437 453 475 non
482 428 670 491 potest3
713 429 916 476 constat
942 423 1079 476 enim

29 542 37 546 ,
62 494 314 550 ²·ex'Gen.
339 494 427 558 lll,
458 503 753 565 serpentem
773 503 897 549 tunc
925 497 1078 549 fuisse

76 569 416 639 ⁴productum.
449 600 521 609 —
547 570 602 641 b),
634 571 826 623 Eadem
853 571 932 623 die
959 571 1079 623 fecit

48 640 67 654 '⁴
91 642 228 699 Deus
247 644 401 696 etiam
423 644 703 707 hominem,
728 645 903 714 dequo
931 644 1076 713 plura

60 718 256 788 fea-pite
294 724 497 788 quart0.

60 799 61 802 ’
163 791 310 845 Nota.
355 792 484 845 Gen.
516 791 581 854 Il,
612 792 667 852 Ξ,
700 791 908 859 legitur:
940 788 1079 843 Com-

77 863 321 937 Δρὶσυίῑᾳιιεῑ
358 865 489 918 Deus
511 907 523 928 ,
585 866 662 918 die
717 870 919 931 septimo
956 881 1076 931 opus

90 954 232 992 suum
269 940 396 1008 quod
433 940 631 1008 fecerat,
655 947 699 993 et
736 940 974 1008 requievit
1000 939 1077 991 die

89 1013 286 1082 septimo
323 1013 386 1066 ab
419 1014 643 1068 universo
682 1030 819 1083 opere
845 1014 971 1082 quod
994 1029 1079 1081 pa·

63 1093 269 1150 ⁴trarat.
333 1087 472 1140 Haec
512 1089 668 1141 verba
714 1091 857 1140 iuxta
899 1103 1076 1140 omnes

85 1177 188 1214 -non
211 1177 384 1214 crasso
405 1162 554 1215 modo
574 1162 909 1230 intelligenda
939 1169 1076 1227 sunt,

51 1250 56 1254 ·
88 1236 229 1304 quasi
257 1235 395 1289 Deus
421 1252 515 1289 sex
542 1236 741 1288 dierum
770 1252 923 1305 opere
963 1237 1076 1288 fati-

63 1316 238 1376 gatus
264 1311 593 1380 requieverit.
639 1310 777 1363 Deus
810 1312 947 1362 enim
988 1311 1078 1362 im-

55 1393 58 1433 ῖ
89 1384 852 1452 mutabilistemporisubiectus
865 1401 964 1437 non
981 1392 1075 1451 est,

77 1466 396 1527 *quapropter
412 1459 463 1511 in
478 1460 585 1527 ipso
598 1461 845 1511 transitus
859 1476 886 1511 a
906 1459 1075 1511 labore

24 1572 46 1601 Ι,
86 1531 150 1583 ad
189 1533 436 1600 quietem,
480 1540 530 1585 et
570 1533 834 1586 viceversa
864 1534 1074 1601 cogitari

43 1607 283 1673 fnequit.
327 1606 522 1659 Sensus
575 1623 696 1676 ergo
736 1614 850 1668 est,
914 1607 1078 1658 Deum

78 1694 178 1747 per
200 1681 622 1748 omnipotentiam
652 1697 798 1733 suam
826 1682 1074 1743 effecisse,

89 1760 146 1805 ut
183 1769 276 1806 sex
302 1754 501 1807 dierum
525 1756 691 1824 spatio
721 1757 914 1816 omnia,
946 1771 1078 1823 quae

46 1842 264 1879 *creare
305 1828 486 1890 voluit,
520 1829 947 1896 producerentur,
979 1845 1077 1896 quo

88 1901 339 1970 completo
396 1919 550 1972 opere
576 1944 587 1964 ,
657 1903 800 1956 nulla
858 1903 1079 1970 amplius

90 1982 443 2029 creaturarum
485 1994 679 2045 genera
718 1985 829 2031 orta
870 1993 1000 2030 esse.

479 2102 520 2160 ς
561 2101 688 2146 132.

428 2205 480 2238 De
508 2204 734 2247 expositione

220 2262 488 2298 recentioribus
506 2264 732 2307 temporibus
751 2264 945 2307 propalata.

159 2342 374 2398 Saeculo
397 2346 762 2414 praeterlapso,
779 2345 1030 2398 increduli
1047 2345 1081 2395 i-

27 2420 35 2434 ”
79 2432 182 2486 vpsa
199 2419 314 2472 fidei
329 2419 664 2472 fundamenta
677 2428 952 2472 concutere
976 2427 1082 2471 tcn-

47 2542 55 2553 „
95 2497 281 2554 tanteS,
317 2493 447 2546 duce
484 2495 804 2562 potissimum
847 2494 1079 2559 Voltaire,

21 2599 25 2603 -
95 2566 358 2619 ostendere
402 2569 568 2620 conati
617 2576 775 2629 sunt,
836 2569 1082 2620 narratio-

94 2654 210 2692 nem
228 2642 502 2694 mosaicam
523 2642 586 2694 de
606 2643 863 2695 creatione
885 2642 1037 2708 longe
1051 2658 1079 2694 a

34 2718 38 2725 '
63 2714 310 2767 <veritate
328 2716 590 2778 aberrare,
615 2718 731 2785 quia
747 2724 889 2768 aetas
903 2716 1079 2767 mundi

95 2785 240 2840 iuxta
301 2788 540 2858 physicas
597 2797 649 2842 et
713 2791 1082 2842 astronomicas

8 2860 479 2939 ·†'{ae2observationes
500 2862 661 2915 multo
683 2865 845 2915 maior
872 2872 948 2916 est
975 2863 1081 2930 illa,

18 2941 79 3017 34
75 2948 224 3003 quae
269 2937 415 2989 iuxta
466 2936 851 3003 chronologiam
900 2939 1084 2989 mosai-

96 3022 209 3060 cam
248 3010 342 3078 ipsi
385 3011 646 3063 tribuitur.
683 3009 747 3063 Ut
773 3013 1080 3064 sententiam

10 3085 51 3173 {22
94 3095 241 3135 suam
281 3084 516 3152 probent,
558 3086 823 3168 sequentia
866 3084 1086 3170 protule-

0 3152 234 3242 ἶιΊιῐη
278 3157 498 3217 Montes,
538 3157 796 3227 inquiunt,
845 3160 932 3228 qui
982 3175 1081 3211 non

7 3245 83 3294 a
78 3227 302 3283 aliunde
321 3232 417 3284 nisi
437 3248 468 3284 a
494 3232 623 3284 mari
653 3233 914 3301 repetendi
944 3240 1082 3298 sunt,

80 3301 154 3355 in
188 3308 418 3374 tempore
456 3304 694 3363 aGenesi
733 3307 992 3374 assignato
1018 3308 1082 3360 ad

83 3379 313 3428 tantam
335 3378 676 3434 altitudinem
727 3395 784 3432 se
833 3380 1084 3433 extollere

33 3427 202 3525 'enon
243 3451 543 3518 potuissent.
588 3452 781 3506 Extant
819 3460 1083 3522 praeterea

221 3557 372 3613 Knou,
403 3559 550 3608 Tlml.
575 3562 731 3617 Deam.
761 3587 815 3598 --
846 3563 938 3609 Vol.
965 3563 1007 3608 1.

601 115 603 119 ’
648 127 652 133 ·
691 117 812 156 mus
848 119 904 158 11.
946 115 1111 157 szc'rto
1148 120 1184 155 1.
1229 118 1388 156 CAPUT
1422 115 1478 154 Π.

1140 200 1192 252 in
1233 198 1492 252 montibus
1530 193 1759 250 conchae
1809 197 2043 250 marinae
2082 204 2134 251 et

1140 273 1394 327 cadavera
1414 270 1738 331 animalium,
1757 270 1947 324 herbae
1974 278 2027 324 et
2050 287 2136 325 ar-

1142 349 1291 402 bores
1314 347 1377 399 ‘in
1414 358 1607 399 saxum
1628 359 1932 406 conversae,
1962 345 2134 398 cuius-

1143 423 1277 475 modi
1316 428 1485 474 terrae
1525 419 1645 472 illae
1672 419 1724 471 in
1764 418 1951 487 quibus
1991 420 2134 471 inve-

1140 497 1374 558 niuntur,
1418 509 1684 562 nunquam
1724 492 1920 545 tulere:
1971 507 2020 544 c.
2075 508 2129 559 g.

1140 586 1205 622 ex
1244 585 1402 623 arena
1443 583 1599 637 prope
1629 566 1904 619 Traiectum
1937 566 2001 619 ad
2027 566 2133 618 Mo-

1138 660 1244 696 sam
1281 643 1448 696 effossi
1489 649 1611 695 sunt
1662 640 1945 702 crocodili,
1989 647 2041 692 et
2081 640 2131 692 in

1140 717 1336 772 Siberia
1376 724 1428 769 et
1461 716 1574 769 aliis
1614 715 1912 783 regionibus
1951 713 2015 766 ad
2055 729 2126 766 se-

1141 792 1485 860 ptentrionem
1537 791 1750 842 inventa
1808 794 1930 841 sunt
1978 786 2134 840 cada-

1139 882 1261 919 vera
1318 865 1684 933 elephantum,
1749 863 2135 915 rhinocerotum

1139 946 1239 992 etc.
1283 955 1414 1008 quae
1442 941 1493 991 in
1524 938 1820 1006 regionibus
1846 935 2027 990 calidis
2054 952 2134 988 so-

1141 1014 1245 1066 lum
1288 1014 1519 1066 habitare
1558 1017 1966 1065 consueverunt:
2005 1010 2135 1062 haec

1141 1105 1261 1141 vero
1283 1088 1638 1156 phaenomena
1679 1087 1826 1139 iuxta
1864 1083 2135 1138 chronolo-

1137 1164 1275 1229 giam
1314 1163 1593 1214 mosaicam
1634 1177 1784 1213 nemo
1822 1159 2131 1228 explicabit,

1139 1237 1220 1288 cui
1261 1237 1495 1304 ignotum
1535 1252 1636 1288 non
1667 1242 1745 1287 est
1784 1241 1977 1303 quanto
2006 1240 2136 1286 tem-

1140 1326 1260 1379 pore
1300 1326 1428 1378 opus
1479 1311 1578 1373 sit,
1633 1316 1688 1362 ut
1746 1308 1991 1362 animalia
2050 1306 2136 1359 vel

1141 1386 1346 1453 plantae
1404 1386 1539 1437 intra
1594 1391 1764 1436 terrae
1824 1384 2025 1435 viscera
2081 1381 2135 1432 in

1139 1476 1266 1511 saxa
1305 1466 1697 1512 convertantur.
1743 1456 1954 1509 Constat
2008 1470 2137 1524 quo-

1140 1550 1237 1602 que
1276 1534 1327 1585 in
1369 1534 1684 1601 regionibus,
1724 1548 1855 1600 quae
1895 1530 2017 1583 olim
2047 1545 2137 1597 per

1143 1608 1394 1659 montium
1416 1605 2135 1674 ignivomorumeruptionem

1141 1682 1438 1733 devastatae
1467 1682 1697 1739 fuerunt,
1732 1680 1879 1732 modo
1898 1680 2000 1731 iam
2030 1693 2139 1745 per-

1144 1762 1373 1807 vetustas
1412 1755 1572 1807 silvas
1632 1754 1849 1815 adesse,
1912 1767 2135 1820 quarum

1141 1829 1415 1880 existentia
1445 1830 1720 1888 maiorem,
1751 1843 1906 1895 quam
1934 1826 2138 1894 Moyses

1140 1903 1363 1955 admittit
1405 1903 1582 1954 mundi
1634 1902 1996 1968 antiquitatem
2044 1916 2137 1951 ex-

1144 1978 1340 2044 poscit,
1384 1978 1503 2045 quia
1552 1977 1847 2044 longissimo
1905 1981 2138 2042 tempore

1142 2067 1269 2119 opus
1309 2058 1406 2109 est,
1451 2058 1508 2103 ut
1549 2051 1762 2102 materia
1806 2065 1837 2102 a
1878 2049 2138 2101 montibus

1143 2126 1417 2193 ignivomis
1457 2126 1619 2177 eiecta
1660 2124 1911 2176 foecunda
1957 2122 2138 2175 redda-

1146 2206 1244 2268 tur.
1291 2200 1396 2252 Hoc
1424 2205 1788 2267 argumentum
1827 2197 2140 2250 confirmant

1143 2273 1367 2325 conchae
1419 2272 1859 2339 margaritiferae,
1914 2270 2137 2338 grandes

1143 2354 1193 2398 et
1233 2349 1405 2399 variae
1448 2348 1759 2399 mutationes
1785 2348 1916 2397 situs
1955 2344 2133 2406 maris;

1144 2437 1261 2472 nam
1287 2422 1335 2472 in
1367 2428 1595 2489 tempore
1622 2437 1651 2472 a
1672 2419 1848 2487 Moyse
1877 2415 2138 2483 assignato

1145 2511 1238 2546 nec
1271 2495 1390 2546 illae
1430 2495 1496 2547 ad
1530 2494 1687 2546 talem
1728 2491 2138 2574 magnitudinem

1143 2585 1465 2630 excr‚escere
1511 2584 1677 2637 neque
1716 2570 1844 2619 istae
1884 2581 1974 2633 per
2030 2566 2137 2617 vim

1142 2659 1395 2712 aquarum
1423 2642 1599 2711 perfici
1630 2642 1936 2710 potuissent.
1963 2667 2027 2678 --
2058 2636 2137 2690 Ad

1143 2717 1473 2770 difficultates
1499 2718 1624 2768 istas
1653 2713 1988 2768 declinandas
2014 2727 2138 2764 non-

1146 2792 1272 2843 nulli
1314 2807 1501 2844 novam
1543 2789 1853 2842 narrationis
1884 2787 2135 2838 mosaicae

1144 2866 1205 2917 de
1246 2867 1505 2918 creatione
1544 2863 1918 2930 expositionem
1964 2866 2137 2928 protu-

1145 2940 1336 2992 lerunt.
1399 2939 1487 2991 lsti
1529 2938 1744 2999 dicunt,
1788 2950 1997 2987 versum
2040 2934 2138 3001 pri-

1145 3029 1287 3064 mum
1326 3012 1588 3065 Geneseos
1625 3026 1740 3078 cap.
1787 3010 1845 3077 l,
1886 3009 2139 3076 respicere

1144 3087 1395 3153 originem
1436 3087 1592 3138 totius
1632 3085 1901 3148 universi3
1945 3084 1996 3134 in
2062 3097 2142 3133 se-

1146 3160 1314 3212 cundo
1354 3175 1508 3212 versu
1548 3158 1808 3225 indigitari
1848 3164 2019 3210 terrae
2052 3170 2140 3207 no·

1145 3240 1282 3286 strae
1322 3235 1527 3285 ruinam
1553 3273 1566 3294 ,
1610 3239 1662 3285 et
1712 3234 1766 3285 in
1804 3229 2142 3300 sequentibus

1147 3307 1346 3359 narrari
1391 3307 1623 3359 eiusdem
1681 3306 2136 3359 restaurationem.

1149 3381 1238 3432 lsti
1261 3396 1384 3447 ergo
1407 3381 1624 3449 primam
1651 3387 1703 3432 et
1727 3378 1987 3431 secundam
2013 3390 2136 3429 crea·

1145 3455 1322 3507 tionem
1397 3456 1468 3506 ita
1519 3454 1886 3522 distinguunt,
1945 3456 2000 3503 ut
2060 3461 2139 3515 pei

1971 3550 2028 3600 16
