2332 3860
289 126 359 176 lt&

214 222 405 275 nard-us
417 220 707 276 Gilbertum
722 222 1081 284 porretanum,
1099 222 1210 275 alii-

214 312 313 365 que
341 297 478 350 docti
505 312 567 349 ac
594 298 759 350 sancti
787 297 883 349 viri
911 295 1039 348 alios
1059 295 1206 348 aber-

213 377 389 424 rantes
433 371 811 432 convicerunt,
843 377 895 423 et
934 377 1207 422 converte-

214 452 354 498 runt.
384 444 530 509 Quod
551 446 591 497 si
616 445 989 513 disputationes
1015 444 1209 496 similes

216 518 458 572 hincinde
507 519 571 572 ob
623 519 915 587 superbiam
958 525 1010 570 et
1059 519 1210 586 perti-

214 594 416 646 naciam
438 592 854 646 adversariorum
877 592 1031 645 finem
1056 608 1206 645 suum

213 683 315 721 non
332 675 701 736 assequuntur,
728 666 999 719 orthodoxi
1021 667 1206 719 saltem

211 759 240 794 a
263 742 562 795 seductione
580 748 1001 810 praeservantur,
1027 741 1149 793 dum
1178 758 1205 793 a

212 815 467 883 Theologo
497 812 742 883 polemico
769 822 1038 883 serpentes
1066 831 1203 868 erro-

213 906 296 943 res
338 890 733 942 manifestantur
772 895 823 941 et
862 889 1201 951 refelluntur,

213 963 412 1017 fallacia
452 964 867 1017 adversariorum
897 971 1205 1030 argumenta

211 1045 551 1100 enervantur,
573 1037 786 1091 subdola
817 1037 968 1090 dubia
999 1038 1204 1089 solvun-

213 1120 316 1173 tur,
340 1119 560 1180 argutae
580 1113 891 1165 obiectiones
912 1111 1202 1173 diluuntur,

212 1195 263 1240 et
301 1186 419 1239 fidei
467 1187 713 1239 veritates
763 1194 974 1239 strenue
1027 1187 1205 1240 defen-

211 1260 425 1314 duntur.

283 1335 335 1387 2.
368 1334 514 1387 Sicut
539 1334 588 1386 in
631 1334 843 1402 picturis
882 1335 1022 1387 color
1060 1334 1207 1400 niger

209 1407 393 1474 efficit{‚
438 1415 495 1461 ut
533 1408 731 1460 colores
789 1407 974 1476 reliqui
1015 1407 1206 1460 clarius

211 1482 594 1551 resplendeant,
621 1484 689 1534 ita
713 1482 870 1534 etiam
900 1484 948 1534 in
980 1482 1206 1535 scientiis

219 1573 468 1626 persaepe
508 1573 572 1608 ex
634 1563 775 1624 recta
827 1558 1205 1609 contrariorum

208 1648 298 1684 seu
322 1631 670 1699 oppositorum
693 1631 1123 1692 consideratione,
1155 1639 1205 1683 et

208 1706 559 1759 confutatione
599 1706 845 1756 veritates
902 1706 1044 1772 ipsae
1095 1705 1204 1772 ple-

209 1780 326 1833 nius
366 1778 762 1844 intelliguntur‚
807 1778 1102 1846 firmiorque
1143 1780 1205 1830 de

215 1855 326 1906 istis
347 1853 609 1921 persuasio
638 1852 920 1904 obtinetur.
953 1851 1060 1903 Non
1082 1868 1204 1919 ergo

207 1926 404 1980 inutilis
446 1926 589 1978 labor
629 1927 944 1993 suscipitur,
990 1926 1111 1978 dum
1152 1927 1202 1977 in

208 2000 619 2053 institutionibus
671 1999 972 2068 theologicis
997 2041 1009 2060 ‚
1070 2007 1205 2068 post-

207 2091 363 2144 quam
391 2075 510 2127 fidei
541 2074 785 2127 veritates
812 2075 1122 2142 explicatae,
1155 2081 1206 2126 et

207 2149 569 2218 comprobatae
622 2157 763 2210 sunt,
808 2149 963 2200 etiam
1003 2165 1204 2201 errores

207 2224 330 2292 ipsis
369 2223 586 2292 oppositi
627 2230 1027 2284 enumerantur,
1073 2222 1203 2275 diffi-

208 2298 448 2359 cultateS,
492 2312 619 2366 quas
657 2297 940 2349 adversarii
970 2304 1199 2358 movent,

211 2370 488 2423 solvuntur
514 2412 526 2433 ,
570 2377 622 2422 et
661 2370 974 2424 obiectiones
1025 2388 1202 2424 eorum

210 2445 500 2499 diluuntur.
537 2444 677 2497 Haec
716 2445 853 2497 enim
882 2446 1052 2498 omnia
1097 2446 1206 2513 plu-

211 2519 398 2571 rimum
421 2519 693 2572 conferunt
713 2519 777 2571 ad
801 2520 1046 2572 veritates
1069 2520 1204 2588 ipsas

209 2594 400 2646 elarius
440 2592 836 2660 intelligendaS‚
890 2593 953 2645 ad
997 2594 1202 2647 easdem

211 2668 442 2719 tenacius
482 2669 760 2720 memoriae
801 2667 1199 2735 imprimendas,

208 2741 338 2793 etad
355 2747 660 2808 argumenta
682 2741 908 2810 firmiora
925 2741 1202 2809 reddenda,

202 2821 363 2885 ¹atque
398 2816 611 2869 invicta.

621 2938 658 2997 ς
691 2939 787 2984 34.

546 3026 639 3063 Usus
664 3028 864 3064 doctrinae.

283 3109 336 3163 1.
380 3108 432 3163 Si
473 3110 587 3178 quis
627 3126 714 3173 ea,
765 3127 897 3180 quae
936 3110 1000 3164 de
1038 3111 1206 3164 excel-

206 3182 368 3238 lentia
395 3182 703 3252 Theologiae
731 3185 1045 3238 theoreticae
1069 3186 1204 3239 dicta

209 3264 354 3320 sunt,
397 3257 530 3311 bene
569 3259 885 3327 perpendat,
930 3259 1079 3312 facile
1117 3276 1203 3314 co·

209 3338 445 3402 gnoscat,
477 3331 612 3386 hanc
647 3333 918 3387 scientiam
946 3335 1083 3389 inter
1121 3350 1203 3388 re·

253 3463 309 3554 gl
335 3464 416 3520 Sap.
441 3464 477 3506 1,
501 3465 532 3499 4.

295 3508 309 3553 )
331 3509 349 3544 1
371 3510 452 3544 mr.
479 3507 513 3552 2,
539 3507 592 3546 14.

662 140 982 179 1N'rnoncc‘r10
1017 142 1067 178 IN
1105 141 1418 180 THEOLOGIAM
1456 141 1815 182 TnssonEthAM.

1271 223 1435 293 liquas
1469 223 1785 293 theologicas
1823 225 2120 294 disciplinas
2157 227 2260 296 pri·

1271 305 1468 350 matum
1508 305 1704 351 tenere.
1749 298 1880 352 Huic
1918 301 2077 368 igitur
2108 301 2261 354 disci-

1272 372 1440 440 plinae
1462 372 1745 425 tradendae
1772 379 1975 426 tantum
2016 375 2263 443 temporis

1270 446 1637 511 assignandum
1691 452 1805 514 est,
1860 455 2111 516 quantum
2153 450 2262 502 eius

1270 519 1528 585 dignitati,
1559 527 1611 572 et
1637 521 1920 573 immensae
1955 523 2060 574 fere
2101 530 2263 576 mate·

1270 594 1376 646 riae
1390 595 1786 662 pertractandae
1801 595 2128 663 amplitudini
2144 613 2262 650 con-

1268 668 1425 736 gruit.
1477 667 1731 721 Convenit
1774 685 2010 737 quoque,
2044 678 2101 722 ut
2141 673 2262 725 tiro-

1271 758 1382 803 neS,
1407 742 1591 795 studiis
1614 743 1934 795 subsidiariis
1949 742 2264 798 sufficienter

1271 816 1479 877 muniti,
1523 816 1811 884 theologiae
1842 816 2153 871 theoreticae
2179 819 2265 872 ad-

1269 891 1542 943 discendae
1563 905 1682 943 cum
1709 893 1932 944 maxima
1961 891 2168 945 solertia
2190 895 2264 946 in-

1269 964 1475 1017 sudent.

1341 1039 1392 1092 9.
1409 1037 1535 1091 Cum
1558 1038 1791 1106 diligenti
1822 1039 2110 1108 theologiae
2126 1039 2266 1096 theo-

1269 1114 1459 1166 reticae
1475 1114 1643 1166 studio
1661 1129 1904 1180 magnam
1920 1114 2265 1182 devotionem,

1271 1189 1512 1255 pietatem
1536 1228 1553 1247 ,
1621 1203 1925 1257 morumque
1986 1190 2263 1256 puritatem

1269 1261 1686 1330 coniungendam
1713 1278 1826 1314 esse
1846 1304 1858 1323 ,
1891 1263 2265 1316 nobilissimum

1269 1335 1405 1388 illius
1433 1338 1688 1388 obiectum
1727 1343 2117 1389 commonstrat.
2164 1337 2266 1391 Ve-

1269 1411 1446 1462 ritates
1475 1413 1613 1462 enim
1643 1410 1845 1463 divinas
1873 1418 1924 1463 et
1958 1418 2267 1479 supernatu-

1269 1484 1403 1536 rales
1433 1500 1532 1536 non
1564 1485 1673 1536 sine
1703 1483 1899 1536 lumine
1929 1502 2153 1553 superno
2187 1502 2268 1538 re-

1268 1565 1348 1610 cte
1378 1560 1640 1626 cognosci,
1659 1557 1713 1610 S.
1734 1558 2000 1626 Scriptura
2025 1567 2263 1622 testatur,

1268 1632 1471 1684 dicens:
1515 1633 1569 1684 in
1608 1632 1890 1684 malevolam
1929 1633 2150 1686 animam
2171 1651 2268 1686 non

1268 1706 1486 1758 introibit
1525 1706 1792 1775 sapientia,
1829 1721 1913 1758 nec
1942 1707 2174 1760 habitabit
2215 1710 2268 1759 in

1267 1795 1466 1848 corpore
1524 1780 1709 1831 subdito
1759 1780 1967 1847 peccatis
2011 1779 2119 1852 (1)3
2171 1789 2223 1834 et
2249 1800 2262 1833 ε

1266 1852 1512 1905 Animalis
1535 1853 1671 1905 homo
1691 1870 1789 1904 non
1807 1854 2016 1921 percipit
2039 1871 2118 1917 ea,
2145 1872 2268 1923 quac

1265 1936 1378 1978 sunt
1405 1926 1619 1996 Spiritus
1634 1927 1724 1979 Dci
1747 1925 2146 1998 (⁸2).Deficiente
2174 1930 2268 1997 igi-

1268 2008 1351 2053 tur
1374 2002 1664 2062 devotione,
1685 2001 1857 2054 deficit
1883 2002 1974 2054 lux
2004 2003 2263 2063 coelestis,

1266 2082 1317 2128 et
1351 2076 1798 2128 succrescentibus
1826 2075 1982 2137 vitiis,
2001 2093 2149 2129 mens
2173 2078 2265 2130 ho-

1268 2151 1418 2202 minis
1445 2165 1677 2202 errorum
1694 2150 1917 2203 tenebris
1934 2151 2081 2203 facile
2097 2152 2267 2204 obrui-

1268 2231 1369 2276 tur:
1403 2230 1713 2293 quapropter
1740 2224 2017 2292 Apostolus
2041 2223 2116 2295 (5)
2153 2227 2266 2277 exi-

1266 2299 1339 2366 git
1369 2298 1543 2350 bonam
1575 2299 1936 2359 conscientiam,
1969 2315 2116 2367 qnam
2155 2300 2265 2367 qui-

1266 2373 1377 2425 dam
1403 2372 1703 2441 repellente&
1728 2372 1861 2425 circa
1883 2373 2028 2442 fidem
2052 2375 2264 2441 naufra-

1265 2454 1516 2514 9cwcrmit.
1536 2446 1813 2514 Nunquam
1828 2462 1950 2513 ergo
1968 2448 2091 2499 satis
2104 2446 2264 2516 Theo·

1267 2520 1380 2585 logo
1421 2521 1771 2572 commendari
1815 2526 2002 2588 potest,
2046 2527 2104 2573 ut
2143 2537 2263 2573 cum

1265 2595 1510 2647 scientiae
1561 2594 1730 2646 studio
1780 2594 1985 2662 pietatis
2023 2594 2262 2647 ardorem

1267 2670 1567 2735 coniungat.

1339 2742 1393 2794 5.
1442 2745 1547 2795 'Non
1597 2739 1784 2794 sufficit
1828 2741 2084 2794 sacerdoti
2112 2748 2172 2794 ut
2208 2742 2262 2794 in

1266 2815 1455 2868 scholis
1513 2814 1886 2884 praelectiones
1943 2815 2262 2883 dogmatico-

1267 2890 1546 2958 polemicas
1573 2896 1773 2942 attento
1811 2890 1983 2942 animo
2013 2905 2260 2958 percepe-

1267 2965 1351 3027 rit3
1395 2965 1483 3017 sed
1515 2971 1619 3016 tam
1659 2963 1986 3026 excellentis,
2020 2979 2261 3017 necessa-

1266 3039 1370 3091 riae
1397 3079 1410 3100 ,
1453 3037 1696 3106 utilisque
1735 3037 1982 3090 scientiae
2033 3038 2260 3090 studium

1267 3128 1356 3180 per
1379 3118 1537 3164 totam
1559 3112 1720 3164 vitam
1742 3111 2148 3164 continuandum
2163 3119 2260 3166 est.

1266 3185 1538 3239 Praeclare
1563 3185 1612 3237 in
1644 3200 1753 3237 rem
1779 3185 2006 3254 loquitur
2029 3183 2108 3237 Cl.
2135 3185 2261 3237 Kiti-

1266 3259 1366 3329 pfel
1409 3258 1534 3312 Inst.
1579 3257 1673 3311 Th.
1736 3257 1909 3328 dogm.
1973 3255 2082 3330 (ἰι);
2130 3278 2157 3308 «
2200 3258 2257 3312 ln

1265 3332 1476 3395 scholiS,
1519 3332 1627 3395 ait,
1672 3331 1930 3386 elementa
1981 3331 2260 3389 traduntur
2303 3348 2306 3350 ’

1309 3462 1364 3555 {23
1383 3463 1519 3544 arim.
1544 3462 1578 3505 1,
1603 3461 1656 3498 19.
1813 3507 1821 3515 ι

1438 3512 1477 3545 it.
1501 3507 1565 3545 111.
1591 3506 1705 3544 praet.
1726 3507 1905 3546 Mannum
1921 3507 2076 3546 alterum
2097 3510 2142 3546 ad
2162 3511 2245 3551 tect.
