2332 3860
307 150 414 203 ³52

232 247 595 301 communione
649 255 925 314 operantes
982 257 1135 318 atque
1175 266 1226 302 o-

235 324 511 390 peratrices
563 322 794 375 confiteri
845 323 1129 383 debemUS,
1173 330 1224 376 et

233 397 461 449 divinam
515 397 720 466 quidem
780 413 912 466 quae
970 398 1060 449 Dei
1101 404 1223 450 sunt

232 479 555 540 operantem,
588 477 639 524 et
662 471 945 523 humanam
981 488 1111 540 quae
1139 471 1226 523 ho-

230 546 384 599 minis
413 552 575 606 sunt,
618 554 990 614 exequentem,
1025 562 1123 597 non
1153 547 1226 597 di·

233 622 361 682 vise,
409 635 573 690 neque
607 620 838 681 confuse,
883 628 972 671 aut
1013 635 1225 671 conver-

232 694 512 750 tibiliter...
537 693 637 746 Sed
669 702 969 746 naturarum
991 694 1226 746 differen-

231 769 329 822 tias
367 771 595 834 in‘egras
635 768 957 820 confitentes,
989 788 1014 817 »
1044 797 1118 808 —
1146 768 1222 820 Ex

231 841 309 895 his
366 843 574 896 Honorii
632 844 803 894 verbis
861 842 998 894 clare
1041 849 1217 909 patet,

230 916 400 985 ipsum
441 915 693 969 catholice
732 917 976 977 sensisse,
1002 916 1224 967 etaMo-

229 992 596 1044 nothelitarum
612 1006 784 1042 errore
798 990 1026 1042 alienum
1048 991 1220 1043 fuisse.

230 1063 326 1118 Ast
364 1081 457 1118 cur
519 1064 773 1116 Honorius
835 1080 952 1116 cum
1011 1065 1221 1133 reliquis

228 1139 678 1192 Monothelitarutn
708 1138 979 1207 corypheis
1011 1139 1059 1189 in
1096 1138 1224 1190 Con-

227 1213 345 1266 cilio
385 1212 450 1267 Vl
483 1212 711 1279 generali
751 1212 1082 1264 anathemate
1111 1228 1222 1278 per·

228 1303 410 1339 cussus
451 1287 552 1338 est?
591 1285 833 1338 Nonnulli
874 1302 992 1338 cum
1032 1286 1222 1337 Bellor-

226 1364 395 1419 mino,
439 1360 656 1412 Banorio
682 1401 694 1422 ,
738 1367 881 1424 etc.;
927 1360 973 1411 id
1027 1360 1219 1412 factum

226 1435 383 1487 fuisse
426 1441 653 1502 negant,
698 1441 750 1487 et
788 1434 1128 1495 contendunt,
1173 1452 1221 1486 e-

226 1508 439 1578 pistolas
503 1507 714 1560 Honorii
778 1524 807 1561 a
874 1508 1219 1562 Monothelitis

226 1583 552 1651 depravat-aS,
621 1589 735 1634 acta
800 1587 974 1634 autem
1040 1590 1218 1635 sextae

224 1656 415 1726 Synodi
455 1672 485 1708 a
523 1655 732 1708 Graecis
760 1655 1067 1724 interpolata
1105 1657 1221 1710 suis·

226 1747 280 1782 se
313 1748 325 1782 :
394 1730 483 1782 sed
547 1730 705 1782 talem
770 1730 1219 1799 interpolationem

226 1803 428 1857 difficile
467 1811 545 1856 est
606 1804 898 1864 admittere,
967 1802 1220 1858 difficilius

226 1880 461 1947 probare.
493 1908 565 1916 —-
590 1876 691 1930 Alii
731 1894 849 1930 cum
890 1876 1009 1930 Car.
1034 1878 1219 1931 Sarda-

226 1969 319 2021 qna
361 1951 436 2021 (1)
465 1951 746 2003 Honorium
785 1968 814 2004 a
856 1952 1069 2004 concilio
1134 1953 1219 2005 ‹la-

226 2033 462 2078 mnatum
525 2026 680 2077 fuisse
741 2025 1061 2086 admittunt,
1130 2028 1217 2079 sed

226 2099 362 2153 hanc
377 2099 758 2158 damnationem
790 2100 987 2152 nonnisi
1016 2100 1222 2170 iniquis-

228 2175 356 2226 sime
396 2172 582 2225 factam
625 2180 676 2225 et
714 2173 827 2226 ideo
870 2190 1133 2242 nunquam
1191 2192 1218 2227 a

226 2246 375 2302 Rom.
401 2246 728 2299 Pontificibus
745 2248 1072 2301 ratihabitam
1090 2265 1219 2303 esse:

227 2321 316 2373 sed
345 2320 472 2373 haec
499 2323 775 2383 sententia,
819 2338 950 2391 quae
999 2324 1220 2375 auctori-

227 2395 318 2447 tati
351 2393 562 2447 Concilii
584 2396 714 2447 sexti
730 2396 984 2463 generalis
1008 2398 1217 2449 nimium

226 2469 460 2536 derogat,
492 2469 694 2521 admitti
723 2471 930 2539 nequit3
963 2471 1013 2522 in
1045 2473 1221 2539 primis

226 2543 344 2612 quia
385 2541 587 2604 eadem,
631 2560 762 2612 quae
803 2546 852 2596 in
913 2552 1061 2597 sexta
1126 2546 1222 2614 Sy-

228 2617 358 2669 nodo
381 2618 708 2685 pronuntiata
731 2625 851 2670 sunt
872 2619 1221 2687 anathemata,

227 2692 598 2759 subsequentes
638 2690 830 2760 Synodi
860 2691 970 2754 Vll,
1002 2700 1053 2745 et
1083 2693 1216 2754 Vlll,

227 2765 618 2818 confirmarunt.
663 2765 897 2834 Plerique
923 2782 1040 2818 rum
1070 2765 1222 2818 Petro

228 2838 283 2890 cle
306 2838 505 2900 Marca,
537 2839 710 2892 Natat.
738 2838 1006 2900 Alexand„
1036 2838 1216 2908 Pa9i0,

230 2909 542 2975 Gravesonio,
586 2920 686 2966 ete.
715 2913 913 2975 dicunt,
940 2913 1221 2966 Honorium

231 2983 530 3037 damnatum
570 2987 746 3048 fuisse,
791 3003 890 3040 non
932 2988 1064 3056 quod
1106 2987 1223 3040 hae-

231 3059 420 3110 reticus
461 3060 631 3121 fuerit,
667 3067 758 3113 aut
777 3061 1014 3115 haeresin
1038 3061 1222 3115 docue-

231 3132 315 3193 rit,
358 3131 446 3183 sed
498 3134 632 3201 quod
695 3135 873 3203 Sergio
937 3136 1222 3188 rescribens

149 3224 154 3228 ·
231 3206 341 3258 eius
379 3204 622 3260 iudicium
664 3216 714 3261 et
753 3211 1065 3262 sententiam
1113 3210 1221 3261 lau-

231 3279 451 3339 daverit,
494 3283 729 3347 quamvis
768 3299 797 3336 a
836 3283 891 3337 S.
950 3283 1222 3354 Sophronio

232 3353 296 3406 de
335 3367 468 3404 nova
508 3352 727 3416 haeresi,
770 3364 821 3409 et
859 3357 1058 3410 callidis
1099 3358 1221 3411 hae-

233 3426 508 3481 reticorum
548 3426 747 3494 effugiis
786 3430 1097 3492 admonituS,
1128 3431 1224 3484 sic-

280 3527 333 3574 (¹)
355 3527 460 3566 Tem.
485 3527 519 3572 1,
535 3527 573 3563 in
588 3529 750 3572 append.
765 3531 811 3575 ad
825 3536 893 3566 art.
905 3531 940 3572 3.
955 3533 1128 3570 controv,
1142 3532 1198 3569 10.

588 140 594 142 ’
645 167 709 206 nn
748 168 841 206 neo
878 167 1009 207 urst
1052 168 1240 207 numm
1276 169 1483 212 cananis
1519 171 1838 211 unorum-one

2255 0 2332 255 ,ᾗ

1283 267 1383 321 que
1423 252 1590 306 fautor
1628 254 1793 306 factus
1833 254 1983 308 fuerit
2022 243 2332 367 haeresim}

1285 333 1336 377 et
1373 341 1526 394 quam
1566 327 1617 387 in
1659 335 1774 381 ortu
1815 345 1908 380 suo
1934 342 2332 406 comprimentis?¹

1285 415 1377 451 sua
1435 403 1742 455 auctoritate
1807 403 2090 466 debuisset,
2135 405 2332 528 manig³

1285 489 1518 526 crescere
1557 481 1609 528 et
1636 476 1851 528 dilatare
1883 477 2173 546 permiserit
2201 493 2278 531 in-

1285 549 1591 615 tempestivo
1655 552 1796 617 pacis
1858 551 2026 602 studio
2085 557 2137 604 et
2197 531 2317 631 rasa}

1287 623 1422 674 tione
1463 622 1648 692 agendi
1687 623 1864 678 timida
1905 625 2057 679 nimis
2095 631 2148 680 et.
2186 639 2313 681 ansa

1285 697 1446 766 cipiti.
2287 718 2310 734 ³

1667 871 1706 930 g
1737 872 1875 918 zzz.

1303 982 1364 1016 111.
1391 982 1441 1016 Dc
1464 981 1633 1016 humanis
1658 982 1912 1017 affectionibus
1935 986 1972 1017 et
1994 982 2248 1028 passionibus,

1406 1040 1542 1083 quibus
1565 1039 1685 1075 anima
1707 1040 1841 1075 Christi
1864 1040 2024 1076 obnoxia
2050 1042 2133 1078 fuit.

1355 1135 1570 1190 Animae
1614 1138 1875 1205 passiones
1914 1146 2036 1192 sunt
2065 1139 2320 1209 duplicis?

1282 1213 1523 1277 generis:
1592 1211 1725 1263 aliae
1785 1219 1907 1266 sunt
1964 1215 2278 1283 corporales,

1283 1286 1465 1353 quibus
1505 1286 1675 1337 anima
1718 1288 1909 1353 patitur
1948 1287 2011 1339 ad
2053 1290 2282 1356 corporis

1284 1359 1594 1424 laesionem3
1639 1375 1757 1411 eum
1792 1361 1929 1412 enim
1958 1361 2045 1414 illa
2082 1362 2148 1415 sit
2174 1379 2283 1416 cor·
2308 1415 2317 1420 .,

1284 1436 1417 1501 poris
1445 1435 1627 1494 forma,
1660 1432 2114 1503 consequens'est,
2145 1430 2318 1506 quodi

1285 1524 1444 1559 unum
1483 1509 1549 1560 sit
1588 1523 1697 1559 esse
1726 1509 1927 1560 animae
1957 1515 2009 1561 et
2036 1512 2280 1579 corporiS‚
2317 1575 2319 1578 Α

1281 1588 1332 1633 et
1391 1582 1503 1634 ideo
1553 1598 1765 1650 corpore
1830 1583 2134 1650 perturbato
2192 1601 2282 1654 per
2303 1591 2311 1639 ἓ

1282 1656 1506 1724 aliquam
1570 1672 1870 1724 corpoream
1938 1658 2227 1725 passionem
2263 1699 2279 1722 ,

1285 1745 1493 1783 necesse
1540 1738 1617 1783 est
1656 1730 1791 1799 quod
1843 1731 2017 1784 anima
2053 1748 2145 1800 per
2200 1735 2316 1786 att-²

1283 1804 1456 1856 cidens
1496 1806 1855 1873 perturbetur,
1901 1821 1993 1857 seu
2050 1805 2315 1877 dolorems

1283 1879 1501 1931 sentiat:
1545 1878 1677 1931 aliae
1705 1886 1826 1931 sunt
1852 1878 2115 1941 animales,
2148 1896 2281 1949 quae
2303 1898 2326 1942 1

1283 1951 1366 2004 vel
1426 1952 1589 2004 solam
1653 1954 1881 2006 animam
1947 1953 2030 2005 vel
2093 1951 2325 2018 saltem?

1285 2026 1615 2094 principalius
1636 2028 1883 2088 animam,
1909 2043 2064 2096 quam
2094 2035 2318 2125 corpus}

1282 2098 1531 2163 afficiunt,
1575 2107 1632 2153 ut
1671 2101 1968 2154 affectiones
2019 2091 2323 2170 appetitus?

1283 2175 1535 2236 sensitivi,
1578 2190 1709 2258 quae
1749 2176 1799 2228 in
1853 2190 2008 2227 sensu
2050 2172 2321 2240 ωῡκίω,ζ

1286 2250 1484 2317 proprio
1503 2250 1761 2316 passiones
1778 2250 1981 2302 animae
2008 2247 2323 2318 dicunturessz

1284 2330 1339 2375 ut
1379 2323 1607 2384 tristitia,
1653 2330 1842 2386 metus,
1879 2325 1976 2386 ira,
2026 2330 2127 2377 etc.
2188 2314 2330 2419 Ηὶεῖῗξ

1285 2398 1616 2481 praenotatis,
1639 2397 1857 2450 dicimus
1884 2413 2005 2450 cum
2029 2397 2083 2451 S.
2101 2389 2327 2515 Thomu}

1284 2470 1360 2541 (2)
1389 2473 1614 2523 animam
1654 2470 1840 2524 Christi
1883 2478 1995 2523 tum
2048 2487 2325 2561 corpora-ff

1287 2545 1437 2606 tibus,
1480 2551 1588 2597 tum
1623 2545 1930 2597 animalibus
1958 2513 2325 2613 passionibus&

1283 2618 1557 2670 obnoxiam
1596 2618 1772 2680 fuisse,
1816 2620 1934 2687 quia
1974 2635 2075 2671 non
2110 2619 2332 2680 solum·-

1286 2693 1535 2744 laesiones
1574 2692 1800 2759 corporis
1842 2708 1963 2744 vere
2002 2694 2164 2746 sensit

1283 2766 1400 2817 inde
1440 2765 1666 2817 dolorem
1691 2769 1951 2834 percepit,
1994 2767 2082 2818 sed
2123 2767 2332 2835 etians-

1284 2840 1509 2899 tristitia,
1553 2846 1715 2899 metu,
1757 2841 1833 2892 ira
1861 2839 2077 2910 aliisque
2104 2837 2310 2900 huius

1285 2914 1416 2966 modi
1460 2913 1779 2982 passionibus
1798 2911 1930 2967 affici
1954 2915 2136 2983 potuit.
2162 2914 2319 2971 Pr

1285 2989 1345 3040 be
1409 2995 1582 3040 autem
1630 2987 1913 3040 notandum
1976 2994 2075 3047 est,
2141 2984 2328 3057 quod:

1285 3062 1412 3115 istae
1477 3062 1680 3114 animae
1744 3060 1931 3114 Christi
1995 3061 2297 3130 passionem

1283 3134 1448 3205 quoad
1487 3135 1828 3188 substantiam
1854 3135 2060 3205 quidem
2088 3134 2289 3189 nostri

1284 3209 1496 3270 similes,
1557 3209 1724 3277 quoad
1769 3210 1978 3262 modum
2020 3223 2141 3261 vero
2179 3208 2279 3275 dy

1284 3283 1475 3335 similes
1517 3282 1726 3336 fuerint.
1782 3283 1922 3336 Haec
1978 3278 2271 3335 discrimin‘

1283 3358 1488 3424 egregie
1535 3357 1748 3425 exponit
1808 3356 1880 3410 S,
1928 3354 2136 3409 Thomas

1283 3431 1493 3484 dicens:
1553 3450 1581 3479 «
1636 3429 1912 3483 Sciendum
1952 3435 2124 3483 tamen
2163 3426 2254 3483 es‘:

1327 3530 1380 3576 (ς)
1404 3529 1425 3567 a
1448 3537 1485 3574 q.
1510 3529 1565 3574 15,
1590 3534 1659 3566 art.
1683 3529 1715 3566 ι.
1970 3528 2021 3576 (³)
2046 3530 2145 3568 ιοοο
2162 3524 2269 3585 em,
