2332 3860
0 0 79 113 ff?
207 22 210 26 Δ
236 38 243 46 κ

0 93 41 149 ἑὲ
51 131 53 134 -

7 159 18 178 ,ι

626 265 745 303 PARS
782 265 818 303 1.
859 263 1025 302 storto
1063 265 1118 303 11.
1161 261 1312 302 CAPUT
1348 259 1405 300 11.

1869 245 1974 302 179

13 335 246 406 arimania
275 345 384 398 i'a'm
409 344 567 398 citata
605 351 727 398 sunt
753 346 780 414 ἕ
803 345 894 399 88.
927 373 994 384 -
1057 343 1292 406 occidere,
1323 341 1366 405 Ι,
1397 340 1523 394 Cors
1561 338 1654 405 13,
1683 340 1730 394 ‘a
1755 348 1856 394 etc.
1887 343 2054 397 chari-

13 412 369 478 praetereas.
402 417 619 471 Basilius
645 418 736 471 lib.
780 419 844 471 de
881 418 996 487 Spi-

14 497 132 550 ritu
161 494 347 547 Sancto
388 490 465 563 (l)
507 495 598 559 pro
648 492 905 545 constanti
945 492 999 544 in

15 568 343 623 Divinitatem
392 564 611 634 Spiritus
659 566 835 619 Sancti
900 564 999 617 fide

17 642 188 712 plures
222 645 381 693 testes
419 638 647 708 adlegat,
691 638 853 691 veluti
894 636 1001 690 Cle-

16 722 215 773 mentem
252 712 418 779 Rom.‚
452 710 814 778 Athenaqoram
840 750 855 776 ,
900 710 1003 763 Ire-

17 803 224 854 naeum,
274 786 562 856 Dionysium
607 785 773 847 liam„
822 784 1005 854 Diony-

18 863 145 917 sium
181 859 322 914 Alex.
355 901 367 922 ‚
416 859 602 912 Iulium
646 860 954 930 Affricanum
986 899 998 920 ,

21 934 312 1002 Greqorium
376 934 619 994 Thaum„
694 933 959 986 Eusebium
986 974 999 993 ,

20 1008 388 1070 Firmidianum,
415 1007 684 1062 Melecium.
715 1007 829 1059 Huc
848 1008 1002 1059 etiam

19 1090 248 1151 spectant
276 1087 582 1148 argumenta
617 1097 706 1149 pro
735 1081 1004 1133 divinitate

9 1154 203 1210 Christi
230 1155 409 1219 allata3
453 1155 550 1207 hac
589 1155 727 1207 enim
768 1155 1000 1223 probata,

22 1231 175 1284 ctiam
201 1230 442 1282 divinitas
458 1228 680 1296 Spiritus
699 1229 874 1281 Sancti
903 1235 1007 1280 sta-

21 1302 162 1359 bilita
189 1304 306 1365 fuit,
330 1304 448 1371 quia
468 1319 535 1355 ex
555 1309 662 1355 tota
701 1303 1006 1370 antiquitate

21 1384 244 1438 constat,
290 1391 551 1446 nunquam
592 1377 720 1429 duas
763 1382 962 1429 tantum
990 1416 1002 1436 ,

7 1450 108 1503 sed
136 1466 339 1519 semper
378 1457 482 1503 tres
522 1451 722 1502 divinas
767 1465 1008 1518 personas

22 1524 244 1577 creditas
282 1524 456 1576 fuisse.
490 1524 640 1583 Hinc,
674 1524 792 1576 licet
833 1523 1007 1576 Ariani

22 1605 208 1665 negata
259 1597 536 1650 Divinitate
596 1597 710 1649 Filii
761 1597 1010 1649 indirecte

19 1673 177 1724 ‘etiam
215 1670 436 1738 Spiritus
475 1670 647 1723 Sancti
690 1671 1010 1723 divinitatem

22 1744 396 1816 intimarentur,
422 1743 706 1796 Concilium
729 1753 899 1796 tamen
918 1744 1012 1796 Νί-

24 1823 225 1871 caenum
251 1818 411 1870 solam
439 1816 551 1869 Filii
580 1818 899 1870 divinitatem
928 1819 1014 1868 de-

28 1891 211 1956 finivit3
242 1907 340 1960 qua
368 1898 559 1944 statuta
587 1893 744 1943 etiam
771 1892 1013 1943 divinitas

26 1963 244 2032 Spiritus
289 1965 463 2023 Sancti
516 1965 763 2017 indirecte
805 1965 1013 2017 definita

30 2038 141 2092 fuit.
162 2038 289 2091 Cum
314 2045 486 2091 autem
505 2039 632 2091 haec
650 2056 676 2091 a
695 2039 1014 2092 Macedonia-

24 2114 109 2166 nis
131 2112 321 2166 directe
354 2120 649 2178 negaretur,
680 2114 836 2166 Conc.
859 2112 1017 2164 CPta-

34 2201 154 2238 num
182 2185 202 2237 l
227 2185 558 2239 Divinitatem
595 2187 816 2254 Spiritus
843 2186 1015 2238 Sancti

33 2274 274 2327 expresse
290 2260 537 2326 definivit,
558 2262 789 2329 symbolo
806 2261 1015 2313 addens:

28 2330 292 2384 Credimus
348 2334 400 2385 iu
451 2333 691 2399 Spiritum
747 2335 1014 2394 Sanctum,

30 2404 298 2460 „Dominum
322 2414 365 2458 el
403 2407 741 2476 vivificantem,
774 2425 836 2460 em
873 2409 1020 2460 Patre

34 2480 379 2548 procedentem,
421 2488 464 2532 et
503 2496 611 2532 cum
648 2479 799 2533 Patre
821 2489 864 2533 et
890 2481 1021 2533 Filio

38 2552 351 2611 adorandum
402 2561 445 2605 ει
495 2554 893 2624 morimundum,
938 2555 1024 2622 qui

32 2623 223 2684 locutus
251 2634 318 2678 est
338 2642 428 2695 per
453 2626 742 2695 Prophetas.
767 2629 911 2680 Hunc
939 2630 1026 2679 de-

37 2697 323 2756 finitionem
350 2702 651 2767 approbavit
697 2701 749 2754 S.
782 2703 1026 2754 Damasus

33 2769 103 2831 sP.
142 2772 194 2823 in
221 2771 442 2824 Concilio
468 2773 658 2827 Romae
690 2776 755 2830 ab
782 2776 1028 2829 Occiden-

36 2843 235 2898 --talibus
262 2844 454 2898 habito.

52 2933 65 2958 z
119 2915 225 2970 Obi.
254 2919 329 2970 ΔΡ
348 2920 424 2970 Ex
454 2919 742 2973 actionibus
773 2928 825 2973 et
852 2938 1029 2990 opera-

44 2989 302 3052 tionibus,
334 3008 465 3060 quae
492 2991 701 3060 Spiritui
728 2994 917 3047 Sancto
945 2996 1031 3047 tri-

50 3061 298 3126 buuntur,
320 3081 418 3117 non
439 3072 604 3133 potest
622 3067 793 3121 inferri
812 3085 929 3121 eum
950 3085 1034 3120 ve-

43 3150 160 3199 ;ιᾮρῐι
176 3153 448 3204 personam
466 3155 598 3192 esse.
612 3140 739 3194 Nam
757 3142 809 3193 in
826 3143 881 3195 S.
900 3142 1036 3195 Scri-

43 3215 327 3275 -ptufflmon
353 3229 469 3265 raro
506 3215 828 3281 operationes
853 3216 915 3269 iis
955 3232 1035 3268 re-

54 3280 544 3361 busadscribuntur
569 3327 580 3347 ,
636 3303 768 3356 quae
807 3291 1034 3343 omnium

55 3353 240 3407 iudicio
272 3373 372 3410 non
412 3366 533 3412 sunt
573 3376 724 3412 verae
765 3378 1032 3429 personae:

57 3427 132 3479 sic
156 3427 338 3485 dicitur
363 3431 509 3485 Rom.
548 3434 601 3495 5,
648 3435 736 3496 19,
779 3435 856 3487 lex
883 3436 1034 3504 loqui,

57 3496 203 3552 Rom.
235 3499 290 3563 7,
329 3502 418 3566 Η,
455 3514 699 3574 peccatum
735 3508 959 3562 seducere
994 3517 1040 3561 ec

49 3579 303 3670 ,ὲξῐίὲῦνξλ

17 3745 30 3801 a
53 3739 131 3820 „zt'ss'
163 3748 166 3756 v

1061 426 1133 471 tas
1170 417 1340 471 omnia
1379 415 1620 477 credere,
1663 430 1903 484 sperare,
1947 418 2056 468 sut-

1060 491 1195 544 ferre
1232 496 1360 544 etc.:
1404 496 1457 542 et
1497 496 1672 542 tamen
1714 488 1832 551 lex,
1877 503 2057 556 pecca·-

1062 572 1172 617 tum
1200 570 1299 616 etc.
1334 579 1435 616 non
1465 570 1585 615 sunt
1613 577 1882 631 personae.
1981 570 1985 574 '

1134 637 1279 706 Resp.
1322 635 1375 688 S.
1407 636 1674 705 Scriptura
1713 652 1769 688 se
1795 636 2056 688 communi

1064 711 1329 764 hominum
1345 709 1586 779 loquendi
1607 709 1756 763 modo
1773 724 2060 762 accommo-

1064 785 1187 837 dare
1213 785 1364 847 solet3
1395 784 1484 836 sed
1514 786 1638 836 satis
1679 792 1953 837 commune
1982 788 2061 835 est

1067 861 1197 910 inter
1225 858 1479 920 homineS‚
1514 864 1570 910 ut
1595 859 1680 910 lex
1709 858 1866 927 loqui,
1912 871 2060 926 prae-

1065 933 1233 1000 cipere
1260 938 1351 984 aut
1379 932 1648 1000 prohibere
1671 932 1894 993 dicatur,
1926 937 1978 983 et
2007 936 2065 981 ut.

1067 1013 1176 1059 tum
1216 1006 1356 1058 vitiis
1398 1006 1558 1066 mali,
1618 1012 1731 1058 tum
1783 1004 2063 1057 virtutibus

1066 1080 1183 1134 boni
1224 1087 1372 1133 actus
1412 1088 1464 1132 et
1504 1079 1718 1132 effectus
1767 1078 2064 1133 adscriban-

1070 1161 1171 1207 tur.
1215 1153 1461 1207 Homines
1502 1170 1624 1206 vero
1678 1153 1834 1222 probe
1874 1168 2064 1220 cogno·

1068 1234 1239 1288 scunt,
1285 1228 1414 1280 tales
1457 1226 1697 1296 loquendi
1746 1226 1925 1280 modos
1965 1241 2067 1278 non

1070 1303 1120 1353 in
1161 1302 1448 1363 abstractO,
1485 1302 1575 1354 sed
1616 1303 1667 1353 in
1710 1308 1951 1353 concreto
1992 1302 2068 1351 in-

1071 1375 1377 1444 telligendos
1411 1391 1546 1437 esse,
1578 1391 1679 1427 non
1723 1375 1893 1442 legem
1920 1415 1932 1436 ‚
1977 1372 2069 1426 sed

1072 1450 1419 1516 legislatorem
1457 1450 1751 1518 praecipere
1781 1456 1871 1502 aut
1900 1447 2069 1517 prohi-

1073 1524 1214 1584 bere,
1248 1540 1520 1590 personam
1562 1529 1863 1592 peccantem
1892 1520 2070 1574 seduci

1073 1604 1124 1649 et
1162 1598 1362 1663 occidi,
1402 1614 1461 1649 ac
1502 1612 1774 1665 personam
1824 1598 2072 1649 virtutem

1074 1678 1404 1722 exercentem
1428 1672 1587 1723 bonos
1607 1678 1755 1723 actus
1778 1678 1830 1722 et
1858 1670 2072 1722 effectus

1077 1745 1378 1812 producere.
1417 1744 1595 1813 ltaque
1637 1752 1840 1797 certum
1868 1750 1965 1803 est,
1997 1749 2071 1794 et·

1076 1820 1175 1869 iam
1195 1821 1535 1885 operationeS,
1558 1834 1689 1886 quae
1710 1818 1918 1885 Spiritui
1946 1816 2075 1869 San·

1076 1899 1156 1943 cto
1209 1893 1536 1947 tribuuntur.
1582 1892 1646 1944 ad
1688 1906 1959 1958 personam
2002 1906 2076 1942 re-

1078 1965 1216 2029 ferri3
1252 1965 1379 2017 haec
1407 1973 1581 2018 autom
1603 1966 1826 2017 humana
1855 1980 1968 2016 esse
1993 1980 2078 2015 ne-

1077 2040 1207 2107 quit,
1229 2041 1290 2090 ad
1315 2055 1468 2107 quam
1499 2055 1601 2091 non
1629 2045 1830 2107 spectat
1855 2038 2076 2091 scrutari

1082 2113 1330 2180 profunda
1383 2114 1474 2165 Dei
1511 2155 1524 2175 ‚
1590 2114 1820 2165 dividere
1884 2113 2077 2179 gratias

1083 2188 1245 2254 prouti
1289 2187 1419 2238 vult:
1465 2203 1587 2254 ergo
1629 2194 1706 2239 est
1745 2200 1962 2255 persona
2006 2185 2079 2237 di-

1083 2262 1220 2313 vina.
1268 2261 1340 2312 lta
1376 2260 1602 2313 Ecclesia
1645 2261 1774 2313 haec
1803 2261 1912 2312 loca
1946 2274 2079 2311 sem·

1085 2350 1171 2401 per
1207 2335 1484 2394 intellexit,
1529 2351 1661 2403 quae
1700 2337 1808 2387 sola
1847 2333 1901 2386 S.
1929 2333 2080 2385 Scri·

1085 2415 1286 2475 pturam
1328 2408 1624 2460 authentice
1652 2415 1704 2461 et
1743 2406 2082 2460 infallibiliter

1086 2483 1473 2548 interpretatur.

1159 2555 1266 2607 Obi.
1320 2556 1404 2607 ί2.Β
1462 2554 1625 2622 Saepe
1661 2555 1712 2606 in
1765 2553 1847 2606 Ss.
1899 2553 2084 2606 litteris

1090 2630 1421 2681 nominantur
1450 2628 1598 2680 Pater
1621 2635 1672 2680 et
1711 2627 1893 2687 Filius»,
1939 2626 2083 2678 nulla

1089 2704 1220 2755 facta
1252 2704 1507 2754 mentione
1547 2702 1765 2769 Spiritus
1798 2700 1995 2760 Sancti,
2026 2706 2084 2750 ut

1090 2776 1160 2828 10.
1196 2773 1881 2842 t7‚5‚tCo1-.8‚6,Apoo.
1915 2772 2080 2835 1213.

1164 2849 1302 2918 Hesp.
1347 2849 1668 2916 Argumenta
1705 2830 1953 2916 negativa⁴
1983 2862 2086 2898 non

1094 2923 1375 2988 infringunt
1404 2924 1640 2991 positiva.
1657 2921 1708 2974 Si
1726 2922 1946 2990 Spiritus
1961 2919 2088 2972 San-

1093 3003 1207 3049 ctus
1230 2997 1469 3048 hincinde
1498 2998 1762 3055 reticetur,
1793 2995 1972 3047 nullibi
2003 3010 2086 3045 ne-

1093 3078 1262 3137 gatur,
1279 3072 1378 3122 imo
1398 3072 1446 3122 in
1467 3068 1947 3137 multisScripturae
1965 3067 2090 3119 locis

1098 3151 1154 3194 ut
1183 3159 1400 3210 persona
1431 3143 1607 3195 divina
1632 3159 1661 3195 a
1693 3143 1842 3206 Patre
1881 3148 1934 3194 et
1959 3140 2090 3193 Filio

1096 3217 1336 3269 distincta
1367 3217 1685 3284 proponitur.
1716 3215 1785 3269 Ut
1810 3217 1981 3284 aliqua
2011 3228 2094 3264 ve-

1098 3291 1224 3341 ritas
1253 3290 1483 3342 revelata
1506 3296 1800 3350 censeatur,
1833 3306 1937 3342 non
1964 3302 2094 3354 opus

1098 3369 1196 3423 est,
1231 3369 1286 3415 ut
1326 3363 1525 3429 ubique
1548 3365 1614 3417 'in
1647 3363 1824 3431 Bibliis
1862 3361 2096 3414 invenia-

1100 3442 1204 3496 tur,
1236 3437 1324 3487 sed
1353 3434 1560 3497 sufficit,
1595 3443 1649 3488 ut
1690 3438 1741 3488 in
1781 3436 1953 3503 aliquo
1983 3433 2094 3483 loco

1101 3509 1414 3573 inveniatur,
1435 3515 1492 3562 ut
1513 3511 1754 3562 observat
1778 3508 1832 3561 S.
1863 3504 2096 3559 Hilarius

1101 3580 1295 3633 dicens:
1330 3600 1356 3629 a
1387 3579 1442 3633 ln
1472 3581 1663 3633 divinis
1689 3581 1844 3633 rebus
1866 3586 1969 3629 non
1997 3574 2098 3628 fre·
