2332 3860
256 105 325 156 {2

253 201 307 253 5.
351 197 393 254 Α
415 198 741 266 dogmatibus
776 193 1168 265 distinguendae

184 281 303 328 sunt
315 274 639 328 conclusiones
654 271 959 338 theoloqicae,
987 283 1118 338 quae
1139 285 1168 320 a

177 349 508 418 dogmatibus
543 363 638 415 ope
665 346 879 398 rationis
906 343 1171 396 deducun-

188 431 287 476 tur.
318 423 457 476 Talis
471 421 733 474 conclusio
755 419 943 472 dicitur
971 419 1167 475 veritas,

625 114 945 153 tN‘rnonucTto
983 113 1033 150 rN
1073 109 1381 150 THEOLOGIAM
1418 109 1783 148 THEORETmAM.

1643 240 1858 299 §1⁰·.

1307 338 1491 373 censurae
1503 336 1807 381 propositionum
1830 337 2138 372 heterodoxarum

1309 414 1361 467 l.
1407 413 1687 482 Propositio
1727 413 1969 466 haeretica
2016 421 2095 466 est
2133 428 2224 476 ea,

186 514 275 550 seu
319 496 580 566 propositio
621 493 875 562 theoloqiee
919 499 1048 545 certa
1073 532 1087 554 ,
1130 491 1171 544 si
1235 505 1366 559 quae
1386 489 1658 557 opponitur
1680 487 1940 541 doctrinae
1967 503 1997 540 a
2023 487 2129 541 Deo
2151 503 2226 541 rc-

186 572 346 625 firmis
383 570 704 640 argumentis
745 584 812 620 ex
857 566 1173 619 revelatione
1237 563 1459 624 velatae,
1493 570 1544 615 et
1569 562 1634 615 ab
1661 561 1889 615 Ecclesia
1917 562 1982 614 ad
2010 561 2224 615 creden-

187 647 357 715 petitis
396 645 633 697 innititur
659 683 671 704 ,
714 647 805 694 aut
831 657 898 694 ex
925 640 1177 708 dogmati-

189 722 284 774 bus
323 736 413 788 per
439 719 731 772 evidentem
753 716 1175 784 consequentiam

189 795 428 861 intertur3
459 792 549 845 sed
576 799 750 845 tamen
776 806 871 843 ceu
899 790 1083 858 dogma
1112 790 1176 841 ab

188 869 417 922 Ecclesia
459 883 559 920 non
602 866 919 935 proponitur.
960 865 1049 916 Pia
1076 864 1177 932 opi-

190 943 270 995 nio
310 949 389 996 est
420 940 677 994 sententia
704 982 716 1002 ,
767 955 898 1009 quae
940 939 1061 991 licet
1099 945 1178 991 sat

191 1018 351 1070 firmis
395 1015 716 1085 argumentis
755 1031 820 1066 ex
861 1013 1178 1066 revelatione

192 1093 361 1160 petitis
381 1090 581 1159 probari
611 1106 712 1141 non
741 1090 917 1157 possit,
949 1093 1176 1140 attamen

194 1166 419 1235 reliquae
459 1165 724 1217 doctrinae
758 1162 1041 1215 catholicae
1073 1178 1180 1214 ma-

193 1241 291 1308 giS,
316 1255 467 1308 quam
497 1237 1032 1291 sententiacontraria
1061 1253 1182 1289 con-

195 1315 359 1375 venit,
391 1321 442 1366 et
468 1313 581 1365 ideo
611 1312 690 1381 pio
713 1312 886 1365 sensui
912 1312 1175 1378 probatur.

194 1388 290 1440 Per
322 1387 701 1457 propositionem
744 1386 1039 1438 'catholicam
1082 1402 1181 1437 non

195 1478 399 1530 semper
426 1462 731 1531 intelligitur
772 1463 967 1513 veritas
995 1461 1056 1512 de
1084 1460 1182 1511 fide

196 1537 490 1598 credenda,
546 1535 635 1588 sed
681 1535 986 1604 quandoque
1027 1535 1182 1587 etiam

195 1613 471 1672 sententia,
515 1626 645 1679 quae
685 1611 894 1676 impune
935 1610 1069 1661 inter
1096 1608 1186 1660 Ca-

196 1685 412 1737 tholicos
462 1684 774 1754 propugnari
828 1690 1031 1752 potest,
1093 1700 1183 1735 seu

195 1775 325 1829 quae
352 1759 470 1811 fidei
498 1758 785 1810 catholicae
801 1758 1053 1810 contraria
1084 1773 1185 1809 non

196 1841 292 1886 est.
327 1833 512 1885 Placita
550 1832 831 1884 scholarum
870 1847 899 1883 a
936 1832 1187 1883 recentio-

196 1909 340 1960 ribus
364 1912 619 1960 vocantur
657 1911 963 1975 systemata,
1003 1907 1187 1975 quibus

196 1981 440 2050 Theologi
482 1996 663 2034 earum
705 1981 1006 2042 veritatum,
1057 1996 1188 2049 quae

197 2057 411 2109 rationis
451 2062 658 2123 captum
698 2061 966 2123 superant,
1010 2055 1189 2107 intrin-

196 2146 372 2183 secum
401 2146 594 2182 nexum
640 2130 811 2199 aliquo
853 2129 1000 2182 mo'do
1028 2130 1189 2198 expli-

197 2221 350 2267 care,
397 2211 448 2257 et
492 2204 676 2257 rationi
719 2205 980 2257 humanae
1007 2211 1189 2258 attem-

198 2294 380 2349 perare
405 2279 635 2332 student.

506 2416 794 2454 ARTICULUS
828 2415 885 2453 11.

630 2513 765 2571 §a

350 2625 401 2661 De
423 2623 568 2660 obiecto
590 2623 812 2667 'theologiae
834 2623 1045 2668 polemicae.

280 2722 588 2794 Theologiae
615 2723 899 2793 polemicae
938 2723 1195 2776 obiectum

163 2850 172 2860 ,
207 2800 529 2855 constituunt
555 2814 756 2851 errores
775 2797 1093 2850 orthodoxae
1114 2797 1196 2849 do-

210 2876 405 2929 ctrinae
444 2879 811 2941 repugnantes.
855 2871 995 2926 Varii
1023 2877 1197 2924 autem

212 2949 597 3014 distinguuntur
625 2961 857 2999 errorum
892 2945 1082 3013 gradus
1109 2962 1198 3014 pro

214 3021 511 3075 diversitate
552 3021 705 3083 modi,
737 3032 852 3090 quo'
875 3020 1200 3087 dogmatibus

218 3096 333 3150 fidei
353 3101 405 3148 et
425 3110 623 3147 morum
639 3101 982 3163 opponuntur.
1008 3094 1199 3147 ldcirco

215 3170 390 3224 variae
428 3174 550 3222 sunt
579 3169 732 3221 etiam
772 3185 1047 3230 censurae,
1091 3169 1201 3236 qui-

216 3246 312 3299 bus
340 3243 708 3313 propositiones
730 3242 916 3306 malae,
941 3259 1033 3296 seu
1060 3242 1202 3295 hete-

217 3318 443 3373 rodoxae
483 3324 590 3370 tum
619 3333 649 3370 a
675 3317 944 3385 Theologis
983 3318 1200 3370 inurun-

219 3400 325 3457 tur,
368 3398 475 3445 tum
503 3391 568 3445 ab
594 3391 715 3460 ipsis
749 3406 951 3460 quoque
988 3391 1203 3446 summis

219 3466 551 3525 Pontificibus
577 3465 908 3519 damnantur.

1238 639 1360 691 dum
1385 637 1691 706 propositae.
1716 636 1862 689 Sicut
1883 635 2230 703 dogmataim-

1242 713 1507 765 mutabilia
1547 718 1688 774 sunt,
1731 712 1802 764 ita
1842 710 1998 763 etiam
2035 711 2233 779 opposi-

1241 795 1322 840 tae
1350 787 1452 838 illis
1481 786 1850 854 propositiones
1876 784 2232 853 semper,-sal-

1242 869 1347 915 tem
1368 861 1609 917 obiective,
1630 861 1919 914 haereticae
1940 865 2080 926 sunt3
2103 858 2236 912 fiunt

1242 944 1415 989 autem
1457 936 1614 987 etiam
1651 935 1902 989 subiective
1941 933 2233 986 haereticae

1243 1012 1284 1064 si
1301 1018 1411 1079 post
1432 1011 1696 1078 cognitum
1715 1009 1977 1064 Ecclesiae
1990 1008 2234 1063 iudicium

1246 1092 1656 1155 propugnentur.

1319 1161 1372 1213 02.
1401 1160 1678 1228 Propositio
1699 1174 1903 1211 erronea
1920 1157 2108 1210 dicitur
2126 1154 2235 1218 illa,

1244 1251 1375 1304 quae
1416 1235 1689 1303 opponitur
1731 1231 2062 1301 propositioni
2101 1230 2240 1283 theo-

1248 1310 1409 1375 logice
1449 1315 1641 1373 certae3
1691 1324 1782 1360 seu
1818 1313 1896 1360 est
1942 1306 2238 1375 propositi0,

1248 1400 1377 1452 quae
1402 1390 1656 1451 repugnat
1680 1382 1905 1443 veritati,
1929 1397 2083 1451 quam
2105 1395 2242 1433 com·

1251 1459 1418 1510 munis
1435 1458 1711 1510 Doctorum
1735 1456 2106 1524 catholicorum
2127 1470 2240 1507 sen-

1250 1534 1409 1585 tentia
1450 1532 1671 1584 mediate
1713 1532 1996 1584 revelatam
2025 1528 2239 1601 iudicat,

1253 1607 1372 1659 licet
1397 1608 1462 1659 ab
1490 1606 1723 1658 Ecclesia
1750 1605 1978 1659 nondum
2001 1618 2243 1672 expresse

1250 1681 1405 1734 fuerit
1445 1679 1673 1733 definita.

1325 1755 1377 1806 5.
1410 1755 1690 1822 Propositio
1719 1753 1773 1805 de
1806 1752 1997 1805 haeresi
2028 1759 2245 1821 suspecta

1253 1844 1313 1880 ea
1341 1836 1438 1891 est,
1481 1844 1613 1898 quae
1653 1844 1719 1880 ex
1747 1843 1800 1880 se
1835 1829 2102 1895 utriusque
2129 1843 2245 1879 sen—

1253 1919 1360 1964 suS‚
1393 1904 1629 1955 catholici
1659 1912 1709 1955 et
1737 1902 2035 1955 heterodoxi
2079 1916 2244 1970 capax

1254 1983 1350 2042 est3
1394 1994 1525 2047 quae
1553 1985 1729 2030 autem
1769 1978 1877 2029 sive
1918 1977 2117 2028 ratione
2142 1977 2242 2037 sui,

1255 2053 1363 2103 sive
1386 2054 1584 2105 ratione
1611 2051 2118 2104 circumstantiarum
2147 2050 2248 2104 suf-

1256 2126 1433 2179 ficiens
1473 2127 1683 2195 praebet
1737 2126 2133 2178 fundamentum
2182 2124 2248 2177 ad

1256 2201 1609 2263 iudicandum,
1640 2200 1722 2254 vel
1752 2201 1940 2253 saltem
1966 2199 2247 2252 formidan-

1258 2275 1400 2335 dum,
1444 2277 1578 2345 quod
1617 2282 1797 2328 auctor
1828 2275 1893 2327 sit
1933 2275 2244 2327 haereticus

1258 2350 1537 2417 propositio
1567 2350 1789 2403 haeresin
1826 2353 2020 2418 sapiens
2047 2363 2250 2400 nuncu-

1260 2431 1408 2492 patur
1448 2424 1556 2486 illa,
1588 2441 1720 2493 quae
1762 2425 1811 2475 in
1848 2423 2248 2490 significatione,

1258 2514 1411 2567 quam
1441 2500 1599 2551 verba
1622 2500 1783 2566 prima
1805 2498 1972 2550 fronte
1997 2497 2248 2559 referunt,

1259 2588 1468 2625 sensum
1509 2573 1733 2625 ostendit
1772 2572 2111 2632 haereticum,
2155 2570 2250 2623 etsi

1260 2647 1552 2714 benignius,
1584 2654 1636 2699 et
1676 2647 1848 2698 mitius
1888 2645 2152 2698 intellecta
2187 2646 2254 2697 si-

1261 2722 1562 2788 gnificatum
1591 2736 1794 2781 verum,
1825 2726 1877 2772 et
1910 2719 2255 2773 orthodoxum

1264 2796 1517 2863 patiatur:
1575 2795 1691 2848 talis
1733 2795 2008 2863 propositio
2048 2794 2213 2861 magis
2237 2834 2251 2855 ,

1262 2885 1416 2938 quam
1446 2870 1582 2938 prior
1610 2871 1798 2922 iustam
1828 2869 2016 2936 ingerit
2043 2867 2107 2920 dc
2133 2867 2256 2920 hae·

1265 2945 1362 2996 resi
1403 2945 1767 3012 suspicionem.
1812 2942 1973 2994 Caute
2001 2942 2253 2994 tamenin

1265 3018 1354 3071 tali
1380 3018 1567 3071 iudicio
1597 3017 1977 3085 procedendum
2004 3023 2101 3079 est3
2134 3030 2254 3068 nam

1265 3100 1322 3145 ut
1362 3092 1635 3161 propositio
1674 3091 1873 3143 dicatur
1913 3096 2151 3157 suspecta
2189 3088 2252 3142 de

1266 3167 1486 3227 haeresi,
1529 3172 1620 3218 aut
1659 3165 1897 3218 haeresin
1934 3166 2157 3232 sapienS,
2199 3163 2252 3215 in

1265 3257 1320 3294 se
1341 3240 1448 3293 sola
1488 3239 1803 3292 considerari
1831 3254 1932 3291 non
1960 3237 2131 3297 debet,
2162 3236 2253 3290 sed

1265 3313 1610 3368 attendendae
1666 3319 1787 3367 sunt
1835 3311 2255 3367 circumstantiae

1267 3388 1386 3451 loci,
1418 3387 1682 3457 temporis,
1723 3394 1776 3441 et
1815 3387 2088 3456 praecipue
2126 3385 2254 3438 scri-

1267 3463 1445 3534 ptoris:
1477 3463 1614 3515 unde
1640 3477 1742 3518 non
1769 3467 1875 3514 tam
1916 3477 1983 3515 ex
2021 3459 2252 3531 proposi-
