2332 3860
72 0 97 20 3¹
114 0 139 26 ‘s
180 11 183 14 .

0 0 70 121 Ε
121 100 126 106 ,

0 132 86 188 (ἓν,

641 211 758 266 §aas
794 215 868 265 ιιι.
910 208 1073 264 sed-rio
1111 223 1146 263 ι.
1189 208 1341 260 carui·
1379 219 1432 258 ιι.

0 306 126 370 nae
187 282 420 367 naturae·
458 293 810 362 imbecillitate
875 302 1018 375 gesta

0 393 167 467 sunt,
210 385 409 438 dicens:
448 404 473 431 ιι
504 378 612 434 Νοιι
655 383 793 434 enim
836 380 1013 443 Verbi,

0 464 125 547 qua
164 457 390 513 Verbum
413 461 509 518 est,
539 456 739 524 propria
762 458 857 507 ista
881 461 1018 518 sunt,

3 561 7 568 -
25 533 113 587 sed
154 532 398 584 humana.
455 529 529 582 Ac
588 529 1016 597 quemadmodum

24 603 241 676 spuente
282 606 408 672 ipso,
459 608 510 655 et
573 619 781 654 manum
841 608 1020 653 exten·

7 679 201 739 dente,
267 685 318 730 et
386 675 631 728 Lazarum
701 674 1013 743 appellante,

3 762 125 806 'non
166 753 382 804 dicimus
409 750 744 802 humanitatis
770 765 880 800 esse
905 763 1020 816 pro-

25 828 133 896 pria
175 825 433 894 praeclare
476 825 628 882 sacta,
660 823 901 892 quamvis
931 838 1019 890 per

26 915 209 968 corpus
247 897 449 958 fierent,
488 898 576 949 sed
606 897 715 948 Dei.
751 896 835 948 Sic
865 896 1018 947 etiam

17 989 141 1027 ,cum
202 973 263 1024 de
313 972 580 1024 Salvatoie
627 971 677 1022 in
737 969 1015 1034 Evangelio

4 1046 247 1100 *bumana
277 1047 536 1104 dicuntur,
565 1060 740 1097 rursus
779 1049 1015 1095 naturim

25 1135 223 1179 eorum,
267 1135 397 1188 quae
437 1120 697 1178 dicuntur,
730 1119 1009 1176 intuentes,

27 1210 86 1247 ea
127 1201 387 1262 tamquam
442 1194 607 1244 aliena
663 1209 691 1244 a
748 1191 850 1243 Deo
912 1207 1009 1242 non

26 1267 280 1320 divinitati
325 1267 495 1326 Verbi,
557 1266 643 1319 sed
706 1265 1012 1316 humanitati

26 1342 185 1410 ipsius
224 1343 551 1408 imputemus.
589 1360 613 1387 »
644 1338 694 1391 S.
734 1336 1014 1407 Chryses-to-

23 1432 135 1468 mus
169 1415 243 1484 (l)
266 1416 466 1483 inquit:
503 1433 525 1462 «
558 1412 790 1465 Christus
817 1429 1012 1464 assum-

29 1495 170 1558 ptam
211 1489 579 1540 humanitatem
621 1487 792 1539 divina
833 1503 1009 1554 opera·

27 1566 168 1615 tione
208 1578 423 1614 vacuam
467 1575 728 1629 nunquam
769 1561 1017 1629 reliquit3

27 1652 208 1688 verum
253 1651 388 1687 nunc
428 1643 486 1687 ut
525 1636 695 1692 homo,
763 1651 899 1686 nunc
967 1642 1022 1686 ut

29 1710 166 1762 Deus
207 1711 411 1778 agebat,
463 1725 579 1760 cum
620 1716 858 1760 naturam
897 1709 1020 1760 sub-

26 1784 260 1836 indicans
322 1791 428 1834 tum
488 1783 810 1834 oeconomiae
866 1782 1020 1834 fidem

28 1858 219 1909 faciens
282 1857 570 1924 docensque
624 1856 896 1907 humiliora
959 1857 1020 1907 ad

29 1930 423 1991 humanitatem,
459 1931 752 1982 sublimiora
794 1946 916 1982 vero
959 1930 1019 1981 ad

29 2004 348 2058 divinitatem
391 2005 655 2056 reserenda
696 2021 874 2056 esse...
933 2004 1024 2056 At-

30 2094 127 2147 que
169 2087 226 2131 ut
266 2080 403 2130 Deus
443 2079 709 2130 efferatum
755 2094 895 2130 mare
940 2094 1018 2129 se-

31 2153 194 2215 davit,
239 2160 295 2204 ut
336 2153 484 2204 homo
513 2170 540 2204 a
571 2153 769 2205 diabolo
793 2159 1018 2204 tentatus

31 2233 147 2290 est3
193 2234 249 2278 ut
289 2225 424 2278 Deus
463 2229 735 2278 daemones
783 2226 1019 2294 expulit,

33 2308 90 2352 ut
152 2300 303 2351 homo
352 2316 439 2367 pro
496 2300 785 2352 bominibus
844 2315 1024 2367 passus

33 2380 128 2426 cst.
165 2394 191 2422 »
230 2373 284 2428 S.
310 2373 594 2425 Ambrosius
619 2374 694 2443 (2)
717 2376 818 2426 ait:
855 2395 879 2422 «ι
905 2374 1020 2425 Ser—

34 2462 217 2499 vemus
258 2447 635 2499 distinctionem
666 2448 944 2499 divinitatis
973 2455 1022 2499 et

15 2523 221 2572 carnis.
266 2519 410 2574 Unus
451 2522 501 2572 in
544 2528 759 2589 utraque
801 2521 1023 2589 loquitur

30 2593 123 2647 Dei
163 2593 342 2655 Filius,
386 2596 504 2663 quia
531 2596 580 2646 in
604 2596 780 2647 eodem
810 2602 1023 2663 utraque

35 2675 221 2720 natura
253 2674 399 2720 est...
444 2668 594 2731 Quasi
629 2668 767 2721 Deus
797 2668 1021 2736 loquitur

19 2757 166 2810 0quae
205 2749 325 2794 sunt
364 2742 558 2803 divina,
620 2745 738 2810 quia
798 2741 1022 2795 Verbum

38 2822 152 2878 est3
195 2815 339 2883 quasi
381 2814 530 2867 homo
570 2815 711 2879 dicit,
754 2831 884 2884 quae
904 2827 1024 2869 sunt

24 2888 284 2950 humana,
327 2890 445 2957 quia
507 2889 558 2940 in
624 2905 684 2941 ea
741 2891 1023 2942 substantia

41 2961 283 3031 loquitur.
341 2981 364 3010 ι
419 2961 650 3031 Denique
711 2963 844 3015 sicut
899 2964 1025 3015 duas

43 3042 256 3090 naturas
294 3042 345 3088 et
402 3035 529 3087 duas
585 3036 896 3096 voluntateS‚
957 3038 1026 3089 ita

27 3110 198 3162 «etiam
238 3109 359 3162 duas
395 3109 694 3177 operationes
733 3112 785 3162 in
825 3109 1024 3163 Christo

28 3183 394 3250 ‘agnoscendas
432 3194 565 3244 esse,
609 3184 905 3237 solemniter
942 3185 1026 3236 de-

28 3254 243 3308 lfinit'um
269 3264 348 3309 est
385 3257 437 3309 in
465 3254 681 3310 Concilio
708 3257 1027 3311 Lateranensi

28 3329 139 3382 rsub
177 3329 393 3383 Martino
434 3332 475 3390 1,
518 3337 570 3382 et
607 3332 659 3383 in
711 3330 857 3386 Gom.
901 3330 1021 3385 Gen.

52 3400 370 3463 V1,GPeano
395 3403 479 3457 III
502 3402 598 3475 (3).

86 3532 143 3576 (1)
166 3533 273 3567 Hom
296 3533 334 3568 in
355 3535 513 3578 quatrid
537 3535 723 3570 Lazarum.

95 3577 563 3622 ·2)1ih.2,‹1.efidecap
585 3578 618 3615 4.

1884 182 1989 253 tesi·

1460 297 1498 358 ς
1530 295 1665 345 aas,

1167 429 1231 466 111.
1253 427 1415 472 operans
1436 398 1625 464 unus'est,
1649 430 1780 466 nempe
1801 419 1981 464 (hristus,

1409 485 1574 531 ,Persona
1595 483 1730 518 divim.

1151 599 1395 663 Quamvis
1433 596 1563 648 duae
1603 595 1706 647 sint
1753 595 1805 646 in
1863 590 2066 645 Christo

1081 674 1418 742 opei·ati0neS‚
1462 686 1595 722 unus
1634 676 1711 721 est
1754 675 1923 720 tamen
1953 683 2067 733 ope-

1083 765 1220 806 ranS,
1265 747 1381 815 quia
1425 746 1574 796 unica
1613 750 1690 795 est
1747 742 1799 795 in
1863 741 2066 794 Christo

1084 837 1296 889 persona
1350 835 1509 887 eaque
1569 818 1760 869 divina.
1829 817 2067 868 Actiones

1082 896 1236 954 enim,
1278 900 1334 946 ut
1382 894 1478 945 fert
1516 905 1789 944 commune
1815 890 2071 954 adagium,

1082 975 1201 1021 sunt
1240 969 1642 1034 suppositorum,
1697 980 1786 1017 seu
1847 966 2074 1017 actiones

1082 1058 1403 1111 quocumque
1437 1041 1603 1093 medio
1631 1039 1709 1091 vel
1735 1039 2072 1092 instrumento

1085 1118 1451 1183 suscipiantur,
1498 1117 1589 1183 ipsi
1631 1129 1877 1182 personae
1899 1111 2071 1178 agenti

1082 1198 1200 1242 sunt
1239 1190 1625 1242 adscribendae.
1655 1188 1707 1239 ld
1735 1188 1902 1256 aliquo
1926 1185 2070 1238 modo

1083 1265 1317 1332 exemplo
1361 1265 1580 1315 hominis
1621 1262 1865 1314 illustrari
1891 1266 2071 1328 potest,

1084 1340 1227 1390 cuius
1268 1354 1454 1406 corpus
1517 1337 1757 1395 comedit,
1819 1334 2070 1395 ambulat,

1087 1412 1323 1480 percutit,
1367 1419 1494 1475 etc.;
1539 1418 1590 1463 et
1617 1412 1764 1462 cuius
1792 1410 1960 1461 anima
1991 1423 2073 1460 co·

1084 1488 1229 1550 gitat,
1291 1486 1421 1546 vult,
1477 1486 1727 1545 decernit,
1771 1492 1871 1536 etc.
1918 1483 2073 1535 Recte

1083 1568 1255 1613 autem
1315 1561 1529 1611 dicitur:
1599 1559 1749 1611 homo
1816 1558 2073 1618 comedit,

1086 1644 1211 1698 etc.;
1258 1633 1407 1686 homo
1448 1635 1656 1702 cogitat,
1701 1641 1801 1685 etc.
1832 1632 2075 1695 Quamvis

1084 1716 1254 1760 autem
1292 1707 1548 1776 quaelibet
1592 1709 1777 1775 paritas
1806 1707 2076 1770 claudicet,

1085 1790 1314 1833 attamen
1371 1783 1465 1834 hoc
1526 1783 1819 1849 exemplum
1877 1779 2075 1832 Christo

1087 1857 1328 1923 applicari
1394 1857 1531 1916 licet,
1596 1856 1796 1907 dicente
1834 1853 2075 1924 Symbola

1089 1930 1450 1981 Atlumasiano:
1514 1929 1655 1982 Sicut
1704 1932 1875 1981 anima
1931 1929 2077 1980 ratio-

1084 2003 1220 2055 nalis
1258 2013 1300 2056 et
1340 2021 1455 2056 caro
1496 2021 1623 2055 unus
1662 2013 1728 2057 esd
1788 2003 1944 2062 hamc,
2008 2003 2076 2054 ita

1089 2078 1219 2129 Deus
1259 2088 1299 2130 et
1343 2079 1480 2130 homo
1530 2095 1659 2130 unus
1706 2086 1773 2130 est
1826 2077 2073 2130 Christus.

1085 2151 1229 2204 Unus
1272 2169 1452 2220 nempe
1492 2160 1570 2204 est
1617 2151 1868 2213 ChristuS,
1911 2153 1997 2220 qui
2025 2152 2077 2203 in

1089 2234 1303 2295 utraque
1347 2235 1528 2278 natura
1568 2235 1828 2295 operatur,
1881 2226 1969 2277 sed
2022 2241 2077 2277 u·-

1089 2301 1198 2352 nica
1241 2309 1317 2352 est
1382 2317 1597 2368 persona
1658 2317 1817 2369 eaque
1880 2300 2073 2359 divina,

1086 2376 1166 2426 cui
1210 2391 1307 2426 non
1351 2375 1516 2426 solum
1556 2377 1876 2442 operationes
1926 2381 2076 2425 natu-

1089 2465 1174 2500 rae
1213 2449 1436 2509 divinae,
1482 2448 1570 2499 sed
1611 2449 1765 2500 etiam
1828 2449 2075 2516 operatio-

1090 2538 1178 2574 nes
1219 2528 1432 2575 naturae
1480 2523 1738 2574 humanae
1799 2529 1936 2574 recte
1993 2522 2076 2573 ad-

1087 2596 1397 2647 scribuntur.
1443 2596 1497 2647 ld
1539 2597 1722 2648 docent
1762 2594 1841 2648 Ss.
1875 2595 2072 2648 Patres,

1087 2668 1467 2721 &Athanasius
1496 2668 1571 2740 (lt)
1622 2672 1821 2739 inquit:
1859 2690 1886 2718 «
1938 2669 2077 2721 Deus

1088 2745 1314 2796 existens
1356 2745 1613 2812 proprium
1655 2759 1839 2811 corpus
1898 2743 2078 2796 habuit

1087 2826 1134 2869 et
1178 2817 1273 2870 hoc
1312 2834 1436 2870 usus
1475 2826 1552 2871 est
1593 2820 1958 2879 instrumento,
1990 2815 2077 2869 ho-

1092 2909 1170 2943 mo
1210 2899 1413 2960 propter
1454 2909 1544 2944 nos
1584 2894 1768 2945 factuS.
1803 2892 1918 2944 ideo
1944 2907 2076 2961 quae

1090 2967 1291 3034 propria
1330 2973 1451 3018 sunt
1489 2968 1678 3025 carnis,
1746 2966 1906 3034 ipsius
1969 2981 2080 3018 esse

1090 3040 1348 3102 dicun-tur,
1392 3041 1632 3108 quoniam
1674 3041 1724 3092 in
1766 3039 1853 3092 illa
1892 3041 2076 3101 inerat,

1091 3120 1146 3164 ut
1184 3120 1335 3165 sunt:
1380 3115 1594 3177 esurire,
1637 3115 1802 3175 sitire,
1849 3115 1971 3183 pati,
2009 3113 2080 3165 fa·

1091 3188 1237 3254 tigari
1277 3194 1329 3238 et
1367 3188 1571 3248 similia,
1633 3204 1851 3256 quorum
1917 3202 2080 3255 capax

1091 3267 1199 3321 erat
1239 3275 1377 3313 caro,
1416 3282 1442 3310 ι)
1473 3259 1525 3313 S.
1559 3260 1865 3330 Augustinus
1898 3259 1974 3333 (ὃ)
2010 3261 2081 3312 ita

1094 3333 1354 3401 praeclare
1395 3335 1632 3388 disserit:
1686 3355 1712 3384 α
1760 3335 1904 3389 Sicut
1946 3350 2079 3387 unus

1136 3491 1170 3536 (3
1176 3492 1187 3536 )
1211 3492 1261 3527 Cf
1275 3494 1396 3528 petav.
1420 3495 1464 3528 de
1486 3495 1630 3531 lncarn.
1656 3496 1718 3531 lib.
1745 3494 1779 3537 8,
1803 3503 1882 3538 cup.
1909 3493 2021 3537 ’1,10.

1138 3537 1185 3578 (4)
1209 3537 1308 3572 Orat.
1333 3537 1367 3572 4.
1389 3544 1517 3574 eontra
1542 3541 1660 3574 Arimi.

1133 3581 1184 3620 15)
1210 3582 1300 3617 Txac
1306 3588 1330 3618 t.
1356 3581 1410 3626 ἰ’,8
1435 3585 1473 3618 ιιι
1497 3584 1677 3620 loannem.
