2332 3860
743 31 758 53 t!

297 157 404 210 5322

222 251 278 305 Si
314 269 426 322 erqo
473 263 591 308 esset
645 271 790 324 super
851 262 1052 318 terram,
1114 271 1210 308 non

223 336 340 379 esset
377 330 616 381 sacerdos,

231 417 235 422 ’
292 399 431 470 Resp.
476 401 784 470 Praecipuus
823 418 1004 471 scopus
1064 400 1204 467 Pauli

217 474 270 527 in
310 474 472 542 Epist.
515 476 575 527 ad
618 476 775 529 Hebr.
818 484 914 538 est,
960 483 1014 528 ut
1041 482 1208 528 osten-

217 547 324 609 dat,
385 548 738 604 Sacerdotium
797 550 1057 603 leviticum
1117 565 1205 617 per

214 619 474 675 Christum
514 624 816 691 abrogatum
874 640 1022 687 esse,
1085 625 1202 693 quia

213 694 341 747 illud
381 696 546 765 figura
585 697 698 757 fuit,
742 698 971 750 Christus
1028 706 1200 751 autem

213 784 391 822 omnes
430 771 621 838 figuras
661 771 723 825 V.
767 772 822 824 T.
882 772 1195 840 adimplevit.

212 842 279 895 At
315 844 367 896 in
409 843 580 898 Veteri
610 844 739 913 Lege
768 848 1040 914 quotannis
1063 862 1200 898 sum·

210 932 324 969 mus
365 917 595 971 Pontifex
635 920 943 972 sacrificium
975 937 1093 988 prae
1120 938 1198 973 re-

211 990 364 1059 liquis
403 993 742 1045 excellentius
782 994 983 1055 obtulit,
1015 1002 1197 1063 etpost

634 172 700 211 m:
735 173 828 212 nto
865 148 999 212 mesi
1036 173 1223 227 numm
1259 172 1462 210 eumenis
1496 172 1834 213 neotum-ons.

1271 253 1502 321 brogat0,
1542 254 1676 322 Nori
1715 253 2002 326 Testamenti
2020 220 2298 318 medianas
2330 318 2332 326 ,

1269 334 1336 379 est
1374 325 1470 399 (li).
1515 326 1593 394 Ex
1655 328 1752 381 hac
1813 329 2305 399 argumentatione

1269 400 1409 453 Pauli
1475 394 1768 458 nullatenus
1831 403 2020 458 inferri,
2065 409 2248 473 potest,

1268 473 1524 527 Christum
1583 476 1634 528 in
1699 484 1834 530 terra
1893 492 2107 537 munere
2171 494 2253 534 sa-

1266 549 1509 602 cerdotali
1550 549 1780 604 functum
1823 566 1922 603 non
1963 567 2111 611 esse,
2161 551 2250 604 sed

1264 624 1577 676 contrarium
1616 625 1778 692 potius
1817 626 2034 679 eruitur.
2065 625 2251 689 Quem-

1263 697 1538 750 admodum
1579 698 1715 750 enim
1755 701 1853 751 iam
1894 700 1944 751 in
1992 697 2054 753 V.
2107 698 2244 752 Test.

2302 606 2328 640 <a
2299 419 2332 591 ‹Affi-
2300 392 2301 395 ‘

1262 787 1495 826 summus
1536 772 1767 824 Pontifex
1825 774 1924 825 iam
1990 780 2109 826 ante
2173 776 2249 825 in·
2314 791 2316 794 ’

1261 862 1493 912 gressum
1535 847 1583 898 in
1624 846 1810 899 Sancta
1838 846 2142 899 Sanctorum
2167 864 2247 900 sa·
2328 856 2332 857 ’

1261 920 1569 973 cerdotalem
1611 921 1910 987 dignitatem
1949 920 2152 983 habuit,
2195 928 2250 989 et
2324 990 2325 993 Ἴ

1261 995 1517 1047 victimam
1559 995 1830 1047 mactando
1870 997 2133 1047 exercuit:
2175 996 2245 1048 ita

210 1065 472 1118 victimam
512 1074 786 1119 mactatam
828 1069 1091 1136 ingressus
1120 1077 1196 1121 est
1258 1070 1412 1121 etiam
1451 1068 1699 1130 Christus,
1743 1070 1831 1139 qui
1868 1085 2044 1121 omnes
2083 1068 2141 1125 V.
2181 1069 2238 1123 Τ.

206 1137 392 1192 Sancta
433 1141 758 1204 Sanctorum,
802 1143 887 1195 ubi
945 1145 1193 1210 sanguine
1258 1142 1448 1211 figuras
1488 1145 1709 1211 perfecte
1747 1142 2081 1212 adimplevit,
2141 1144 2242 1196 iam

206 1213 445 1267 victimae
498 1217 736 1269 interiora
802 1220 1078 1270 sanctuarii
1145 1235 1194 1270 a·

202 1292 407 1354 spersit‚
451 1296 604 1358 atque
657 1291 726 1342 ita
786 1294 970 1343 summi
1030 1308 1194 1345 sacer·

205 1359 334 1413 dotis
376 1378 561 1415 munus
599 1364 899 1431 adimplevit
952 1364 1048 1435 (i).
1117 1366 1190 1419 De

202 1434 298 1487 hoc
336 1436 569 1504 ingressu
610 1440 796 1490 summi
824 1440 1112 1492 Sacerdotis
1141 1443 1187 1492 in

199 1507 386 1562 Sancta
427 1510 729 1564 Sanctorum
753 1512 975 1581 loquitur
1003 1514 1189 1567 Paulus

199 1580 355 1635 Hebr.
396 1583 484 1647 IX,
532 1586 583 1647 1,
629 1585 682 1647 9,
727 1587 813 1639 sed
856 1587 999 1640 illum
1036 1590 1189 1642 etiam

199 1656 406 1710 exhibet
445 1666 501 1711 ut
540 1659 779 1727 figuram,
823 1678 974 1730 quam
1016 1663 1188 1716 debuit

197 1729 428 1784 Christus
467 1733 786 1802 adimplere3
832 1751 945 1788 mox
1015 1743 1183 1790 autem

198 1801 274 1874 (ἓ)
314 1807 555 1868 ostendit,
601 1807 859 1861 Christum
900 1809 1031 1862 hanc
1060 1811 1186 1879 figu-

196 1894 306 1930 ram
348 1879 728 1949 adimplevisse,
798 1884 921 1934 dum
987 1885 1184 1938 coelum

197 1967 288 2019 per
351 1953 623 2020 gloriosam
691 1958 1040 2010 ascensionem
1111 1961 1186 2011 in-

195 2041 402 2092 gressus
442 2035 537 2089 est,
581 2037 734 2098 atque
774 2031 841 2082 ita
891 2034 1074 2084 summi
1111 2051 1186 2086 sa-

195 2100 414 2153 cerdotis
455 2118 642 2154 munus
682 2105 1034 2172 complevisse.
1067 2107 1183 2160 Ideo

198 2173 349 2241 paulo
388 2182 506 2228 ante
521 2174 599 2247 (5)
618 2178 837 2230 dixerat:
862 2178 917 2231 Si
936 2196 1046 2248 erqo
1069 2190 1185 2234 esset

196 2263 341 2316 saper
355 2257 552 2315 terram,
566 2268 664 2303 non
685 2261 799 2303 esset
813 2255 1055 2316 sacerdos;
1075 2273 1182 2308 cam

193 2330 360 2387 essent,
387 2327 471 2391 qai
499 2324 725 2393 offerrent
754 2330 1016 2380 secandum
1041 2330 1183 2397 leqem

191 2410 415 2459 munera,
464 2401 551 2466 qui
588 2401 854 2469 ememplari
891 2410 935 2454 et
986 2404 1183 2456 umbrae

193 2469 465 2523 deserviunt
510 2473 821 2538 coelestiam3
873 2476 922 2527 id
972 2489 1091 2539 est,
1141 2481 1179 2530 si

193 2541 424 2598 Christus
447 2546 645 2599 coelum
672 2564 769 2599 non
794 2555 870 2600 est
896 2551 1176 2618 ingressuS‚

194 2631 292 2669 non
340 2626 476 2672 esset
524 2619 612 2672 ille
676 2624 940 2685 sacerdoS‚
1004 2626 1089 2694 qui
1130 2643 1183 2678 o-

194 2706 337 2744 mnes
364 2692 425 2746 V.
458 2693 515 2746 T.
561 2695 752 2763 figuras
790 2697 1092 2765 adimpleret
1132 2707 1182 2752 et

194 2766 534 2819 sacerdotium
575 2768 836 2822 leviticum
885 2772 1176 2840 abrogaret,

195 2844 345 2906 atque
382 2840 495 2894 ideo
552 2851 901 2907 remanerent,
962 2847 1044 2914 qui
1103 2863 1180 2899 se-

193 2912 416 2965 cundum
458 2916 624 2983 legem
665 2934 878 2971 munera
941 2919 1183 2973 offerrent

194 2991 246 3037 et
284 2994 560 3041 venturum
625 2992 1043 3046 excellentiorem
1103 3011 1182 3047 sa-

195 3058 450 3112 cerdotem
492 3065 918 3133 praefigurarent.
952 3067 1076 3130 Quia
1097 3085 1183 3120 au-

196 3138 301 3183 tem
339 3132 567 3189 Christus
608 3140 656 3190 in
700 3140 899 3192 coelum
927 3142 1178 3204 ascendit,

194 3206 305 3277 ideo
344 3223 522 3262 omnes
560 3209 624 3265 V.
671 3212 727 3266 T.
773 3215 965 3278 figuras
1020 3216 1182 3268 adim-

193 3279 374 3347 plevit,
416 3285 600 3335 summi
660 3288 940 3341 sacerdotis
997 3305 1183 3343 munus

193 3353 414 3422 perfecte
453 3358 762 3426 complevit,
813 3368 864 3414 et
903 3369 1078 3416 vetere
1133 3380 1185 3417 a·

240 3482 288 3528 11)
311 3473 425 3521 tevit.
454 3495 533 3531 cap.
562 3487 612 3523 io.

235 3527 288 3571 (2)
313 3527 351 3563 V.
377 3528 433 3573 u,
457 3538 494 3566 et
517 3539 591 3575 seq.
831 3532 885 3578 ¹³}
909 3534 991 3578 Cup.
1016 3533 1051 3578 8,
1074 3534 1106 3571 ί.

1255 1226 1372 1270 ante
1412 1220 1762 1270 ascensionem
1803 1220 1852 1269 in
1894 1216 2092 1270 coelum
2160 1234 2241 1270 ve·

1257 1308 1342 1343 rus
1381 1293 1619 1345 sacerdos
1659 1292 1771 1352 fuit,
1826 1298 1878 1344 et
1934 1292 2239 1344 sacrificium

1253 1365 1508 1418 offerendo
1548 1382 1736 1419 munus
1775 1366 2090 1419 sacerdotale
2136 1367 2237 1420 iam

1253 1442 1302 1492 in
1346 1448 1481 1493 terra
1521 1441 1769 1493 exercuit.

1324 1514 1429 1567 obi.
1476 1516 1558 1567 Ξ)
1610 1515 1837 1567 Christus
1897 1513 2237 1567 sacerdotium

1251 1604 1399 1642 suum
1442 1606 1541 1642 non
1581 1590 1737 1642 obivit
1777 1596 2050 1658 antequam
2091 1590 2134 1641 ei
2163 1590 2237 1642 di-

1250 1670 1387 1715 ctum
1430 1664 1616 1716 fuerit:
1661 1663 1821 1716 Filias
1861 1680 1993 1715 metis
2047 1679 2095 1715 es
2161 1671 2232 1726 tu,

1247 1753 1329 1805 eqo
1370 1738 1507 1790 hodie
1544 1738 1690 1806 qenai
1746 1745 1830 1799 663
1888 1737 2022 1806 quod
2081 1743 2236 1789 testa-

1250 1818 1332 1862 tur
1372 1812 1562 1865 Paulas
1590 1813 1797 1864 dicens:
1844 1812 1928 1864 Sic
1984 1819 2028 1863 et
2089 1809 2233 1863 Chri-

1246 1893 1346 1937 stus
1383 1903 1479 1938 non
1535 1887 1837 1954 semetipsum
1901 1885 2186 1954 clarificavit
2216 1927 2230 1947 ‚

1248 1967 1299 2010 ut
1331 1964 1553 2029 pontifex
1591 1962 1743 2030 fieret,
1786 1960 1864 2011 sed
1903 1959 1992 2027 qui
2050 1959 2233 2012 locutus

1246 2042 1312 2085 est
1350 2037 1414 2087 ad
1453 2051 1603 2087 eum:
1649 2034 1809 2086 Filius
1865 2048 2003 2085 meus
2059 2049 2107 2084 es
2157 2041 2229 2094 ta,

1246 2115 1344 2160 etc.
1388 2108 1482 2162 Ast
1521 2110 1646 2161 haec
1688 2108 1822 2160 Deus
1861 2106 1924 2159 ad
1975 2104 2233 2159 Christum

1247 2183 1446 2235 locutus
1510 2190 1587 2234 est
1648 2183 1699 2234 in
1769 2181 2141 2234 resurrectione
2201 2197 2232 2233 a

1246 2258 1483 2320 mortuis3
1530 2257 1715 2324 legitur
1753 2256 1888 2308 enim
1929 2254 2044 2307 Act.
2088 2253 2228 2328 Xlll,

1245 2330 1335 2382 53:
1379 2331 1517 2382 Hanc
1564 2327 2046 2401 (repromissionem)
2101 2329 2232 2381 Deus

1243 2404 1517 2472 adimplevit
1555 2405 1672 2473 siliis
1719 2404 1900 2457 nostris
1940 2403 2231 2455 resuscitans

1244 2478 1423 2538 Iesum,
1465 2480 1590 2530 sicat
1630 2486 1673 2530 et
1715 2478 1765 2528 in
1798 2477 2000 2530 Psalmo
2027 2477 2230 2529 secando

1242 2553 1476 2621 scriptum
1515 2559 1580 2603 esc
1603 2569 1621 2602 .·
1661 2551 1820 2603 Filias
1860 2567 1991 2603 meus
2048 2566 2096 2602 es
2153 2558 2225 2611 tu,

1242 2642 1323 2694 690
1363 2626 1499 2678 hodie
1549 2626 1695 2694 penui
1734 2634 1792 2679 te.
1834 2625 1965 2693 Ergo
1996 2623 2230 2677 Christus

1243 2706 1360 2751 ante
1401 2701 1824 2752 resurrectionem
1865 2715 1956 2751 seu
2014 2698 2063 2749 in
2124 2698 2230 2750 vita

1242 2789 1333 2825 sua
1397 2774 1618 2836 mortali,
1678 2772 1959 2827 sacerdotio
2023 2771 2231 2831 functus

1242 2864 1341 2899 non
1383 2855 1478 2901 est.
2223 2871 2228 2874 ⁴

1316 2920 1454 2991 Resp.
1497 2920 1692 2974 Paulus
1719 2920 1794 2992 (ὅ)
1836 2920 1957 2973 dicit
1995 2919 2249 2991 quidem„

1243 2994 1500 3049 Christum
1539 3012 1569 3047 a
1610 2996 1757 3047 Patre
1778 3011 1870 3048 suo
1897 2992 2229 3054 constitutum

1243 3086 1353 3122 esse
1393 3069 1729 3131 sacerdotem,
1772 3070 1860 3122 sed
1902 3067 2228 3122 nullomodo

1243 3149 1443 3212 tempus
1471 3143 1797 3204 determinat,
1821 3159 1919 3212 quo
1940 3141 2010 3194 illi
2037 3140 2228 3193 dictum

1243 3224 1320 3269 est
1339 3234 1356 3268 .:
1400 3215 1560 3269 Filius
1597 3233 1730 3270 meus
1770 3233 1817 3269 es
1855 3224 1928 3278 tu,
1969 3221 2069 3267 etc.

1244 3306 1343 3360 que
1371 3288 1484 3343 Act.
1515 3290 1654 3351 XIII,
1695 3292 1786 3351 55,
1830 3296 2031 3357 tempus
2069 3287 2228 3351 deter-

1243 3365 1500 3427 minatur,
1567 3364 1655 3418 sed
1718 3362 1882 3418 solum
1937 3362 2182 3415 asseritur
2211 3400 2227 3424 ,
2298 3374 2301 3398 ³

1288 3535 1340 3580 (4)
1365 3537 1472 3571 near.
1494 3535 1527 3578 o,
1553 3533 1608 3572 is.
1887 3531 1940 3580 (5)
1965 3534 2071 3571 neor.
2098 3534 2131 3580 s,
2152 3532 2192 3571 ε.

2137 3213 2229 3268 Nc·
2297 3219 2302 3230 ⁴
