2332 3860
0 0 118 87 ,5-
175 24 180 27 t

33 1124 415 1196 gradationem
478 1122 823 1174 constituisse.

48 73 93 139 fe.

50 142 54 149 .

64 244 119 293 ct
135 235 352 306 denique
366 230 604 286 ‘homines
619 236 761 293 sunt,
788 230 980 283 ‘vivunt
1000 236 1052 284 et

65 313 311 370 sentiunt,
353 321 415 360 ac
453 306 607 358 simul
646 303 946 372 intelligunt
988 302 1050 356 li-

63 380 518 454 berequevoluntt
548 380 601 431 in
629 379 858 448 qualibet
877 386 1051 431 autem

56 461 275 515 >istarum
296 460 650 508 creaturarum
673 453 857 515 classe,
883 453 1053 506 varios

63 529 385 604 perfectionis
431 527 623 597 gradus
648 527 964 596 distinguere
994 526 1054 578 li-

64 613 163 661 cet.
208 602 259 657 Si
300 618 422 670 ergo
473 601 610 654 Deus
651 601 807 654 talem
854 601 1050 653 entium

62 681 156 735 sibi
194 677 446 748 gradatim
489 675 879 728 succedentium
920 675 1051 727 ordi-

64 759 181 809 nem
219 754 271 805 in
312 750 507 804 mundo
545 749 799 802 materiali
845 765 936 801 seu
979 749 1051 800 vi-

63 828 194 883 sibili
214 825 648 886 constituit,recte
670 824 1047 884 concludimus,

61 902 247 962 Deum,
279 901 427 953 cuius
450 899 702 968 sapientia
731 915 832 951 una
858 906 910 951 et
932 900 1053 950 sim-

63 975 337 1048 plicissima
368 980 464 1031 est.
529 974 683 1025 etiam
748 973 800 1025 in
860 972 1053 1025 mundo

63 1050 311 1121 spirituali
376 1063 467 1101 seu
533 1047 777 1099 invisibili
833 1046 1051 1099 similem

910 1121 1054 1174 Sicut

63 1214 184 1266 ergo
249 1198 379 1250 infra
442 1196 699 1248 hominem
767 1196 852 1264 qui
892 1196 954 1247 ad
999 1211 1055 1245 u-

65 1281 302 1341 trumque
323 1270 573 1323 mundum
596 1270 838 1338 pertinet,
866 1270 1055 1320 dantur

63 1355 332 1401 creaturae
374 1360 514 1397 mere
559 1344 885 1403 materiales,
935 1360 1054 1395 con-

63 1422 225 1482 venit,
275 1426 334 1472 ut
393 1420 548 1471 etiam
597 1434 752 1487 supra
794 1418 1053 1470 hominem

61 1498 291 1550 existant
329 1500 599 1546 creaturae
635 1508 775 1545 mere
815 1494 1056 1561 spiritua-

54 1571 158 1631 .leS‚
205 1569 359 1621 variis
399 1568 651 1620 classibus
692 1569 826 1618 inter
865 1583 920 1618 se
980 1567 1054 1618 di-

63 1645 301 1698 stinctae.
335 1642 424 1694 His
454 1658 551 1693 non
583 1642 838 1702 admissiS,
871 1642 1056 1693 frustra

64 1719 215 1772 homo
256 1718 390 1769 inter
435 1716 687 1768 mundum
737 1716 1058 1767 materialem

65 1799 117 1846 et
161 1790 478 1859 spiritualem
533 1805 700 1841 nexus
753 1790 1054 1849 diceretur,

66 1867 381 1932 nimiumque
397 1864 727 1916 intervallum
750 1867 884 1916 inter
898 1864 1059 1914 Deum

67 1947 119 1995 et
164 1940 421 1992 bominem
478 1944 811 1991 statueretur.
867 1968 940 1976 —
977 1937 1060 1989 Sic

69 2016 198 2069 ratio
237 2015 564 2066 existentiam
605 2012 920 2078 Angelorum
960 2028 1058 2064 non

21 2106 28 2111 ·
69 2090 236 2144 solum
278 2089 588 2157 possibilem,
631 2088 720 2139 sed
748 2095 798 2139 et
830 2088 1061 2154 probabi-

72 2163 172 2216 lem
195 2163 439 2220 ostendit,
460 2163 695 2231 quamvis
715 2177 828 2213 eam
851 2169 991 2214 certo
1012 2169 1062 2213 et

39 2293 43 2296 ,
71 2237 338 2291 evidenter
378 2237 590 2305 probare
621 2252 719 2287 non
750 2236 937 2288 valeat.
973 2235 1065 2287 Ar-

71 2318 315 2382 gumenta
358 2311 494 2362 enim
536 2325 600 2363 ex
641 2310 875 2375 analogia
906 2311 1063 2378 petita

71 2387 272 2439 nonnisi
314 2386 559 2438 maiorem
601 2384 681 2435 vel
710 2386 963 2436 minorem
993 2386 1062 2435 rei

74 2459 481 2530 probabilitatem
504 2460 768 2511 evincunt.
788 2458 1066 2526 Praecipue

72 2545 188 2587 cum
212 2535 273 2586 de
295 2535 533 2602 operibus
560 2533 745 2584 divinis
767 2549 935 2586 sermo
965 2541 1061 2592 est,

23 2676 26 2677 ⁷
74 2615 377 2675 argumenta
399 2624 428 2660 a
452 2609 603 2674 priori
634 2607 799 2659 locum
841 2624 939 2660 non
983 2608 1069 2659 ha-

74 2683 215 2743 bent,
259 2698 375 2734 cum
417 2681 554 2734 Deus
592 2683 642 2733 in
684 2683 922 2750 operibus
963 2683 1067 2735 suis

15 2792 19 2796 -
77 2755 369 2808 liberrimus
392 2756 476 2816 sit,
507 2763 558 2808 et
586 2771 702 2808 cum
738 2758 908 2809 omnia
938 2772 1068 2825 quae

77 2827 250 2890 efficit,
275 2845 375 2881 non
404 2844 470 2880 ex
497 2829 597 2881 alia
637 2832 832 2881 ratione
873 2833 1071 2898 sapien-

27 2923 30 2928 *
77 2905 273 2957 tissima
314 2910 366 2955 et
405 2903 595 2970 optima
635 2905 772 2963 sint,
815 2906 911 2955 nisi
954 2906 1067 2972 quia

28 2975 34 3001 ³
71 2977 191 3030 vult
207 2984 257 3030 ct
273 2977 526 3046 quomodo
546 2977 671 3029 vult.
689 2975 932 3041 Quamvis
952 2994 1071 3029 vero

7 3416 33 3485 a

84 3052 214 3105 ratio
235 3067 344 3104 rem
367 3068 464 3104 non
487 3057 682 3104 certam
705 3052 874 3115 faciat,
900 3059 1069 3104 tamen

484 3188 522 3246 ᾗ
561 3188 683 3235 132.

62 3308 69 3309 ff
111 3262 166 3310 11⁶
182 3275 372 3313 nummio
393 3277 617 3320 Angelorum
644 3277 878 3314 existentiam
901 3283 1040 3315 certam

444 3342 723 3372 commonstrat.

163 3415 214 3469 1.
258 3416 312 3470 S.
356 3418 620 3489 Scriptura
662 3421 850 3474 multas
903 3422 1073 3490 Ange-

88 3487 259 3561 lorum
295 3497 640 3562 apparitiones
684 3504 1072 3556 commemorat,

679 147 800 188 »Ans
834 146 889 189 n.
929 146 1096 187 SEC'HO
1133 148 1170 187 1.
1206 146 1365 188 cnm·-
1395 146 1466 186 m.

1929 110 2040 185 21⁷
2075 202 2089 206 ‚

1113 230 1297 300 hisque
1328 228 1464 283 tales
1522 228 1753 282 act-iones
1814 223 2104 292 adscribit}

1113 318 1246 374 quae
1282 303 1448 358 solum
1490 303 1696 375 entibus
1738 317 1860 355 vere
1885 303 2110 357 existen-

1114 380 1270 442 tibus,
1287 373 1572 448 etquidem
1596 377 1866 431 voluntate
1888 383 1941 431 et
1963 378 2112 430 intel-

1116 453 1250 506 lectu
1291 452 1538 521 praeditis
1577 458 1899 520 competunt.
1953 480 2026 490 —-
2053 449 2109 522 o)

1113 527 1173 579 In
1193 527 1396 597 periodo
1416 525 1768 595 patriarchali,
1801 524 1932 578 Gen.
1967 524 2108 586 XVl,

1115 602 1168 662 7,
1212 609 1312 653 etc.
1357 599 1590 668 Angelus
1629 601 1869 668 apparuit
1928 598 2108 666 Agari‚

1114 676 1333 744 dixitque
1372 676 1417 727 ei
1455 673 1672 742 Anqelus
1711 673 2116 727 Dominiereter-

1115 758 1212 802 tere
1234 749 1297 802 ad
1323 749 1570 802 dominam
1600 757 1754 808 tuam,
1778 756 1820 800 et
1844 749 2115 800 vlinmiliare

1115 823 1201 876 sub
1240 838 1393 876 manu
1434 824 1589 876 illins,
1644 822 1773 876 Gen.
1805 822 1949 884 XXI,
1996 822 2064 874 17
2098 839 2110 873 ε

1116 898 1342 950 Eandem
1407 898 1458 949 in
1525 899 1727 950 deserto
1789 913 1907 950 cum
1955 913 2116 965 puero

1119 974 1450 1041 languentem
1477 973 1772 1024 consolatus
1795 978 1873 1023 cst
1903 969 2119 1039 Anqelns

1116 1046 1275 1099 Dei...
1326 1047 1557 1099 dicens...
1591 1046 1692 1099 noli
1733 1048 1924 1108 timere,
1968 1061 2120 1098 escau-

1116 1122 1233 1172 dieit
1272 1122 1402 1173 enim
1443 1121 1572 1175 Dens
1601 1136 1755 1174 vocem
1780 1121 1948 1189 pueri.
1981 1118 2112 1172 Gen.

1117 1194 1282 1256 xxti,
1325 1195 1423 1247 tl:
1470 1212 1587 1248 cum
1628 1195 1891 1247 Abrabam
1939 1195 2118 1246 immo·

1122 1270 1317 1321 laturus
1355 1277 1494 1322 'esset
1538 1286 1751 1337 puerum
1782 1285 1963 1321 suum:
1996 1268 2118 1321 Ecce

1118 1342 1329 1412 Anqelns
1370 1344 1575 1395 Domini
1621 1345 1676 1396 de
1716 1343 1842 1395 coelo
1894 1343 2119 1395 clamavit

1119 1418 1315 1470 dicens:
1357 1417 1631 1478 Abrohom,
1673 1416 1993 1470 Abraham...
2022 1433 2118 1469 non

1119 1493 1350 1545 extendas
1389 1509 1595 1544 manum
1637 1500 1771 1544 teiam
1810 1508 1956 1562 snper
2001 1507 2119 1560 pue-

1122 1583 1252 1618 rum.
1288 1567 1416 1619 Gen.
1452 1567 1595 1627 XlX,
1633 1569 1682 1627 l,
1715 1574 1843 1620 etc.:
1879 1567 2122 1619 Venerunt

1122 1643 1218 1692 dno
1242 1639 1415 1708 Anyeli
1436 1641 1723 1702 Sodomam,
1746 1649 1797 1693 et
1818 1643 2123 1709 eripuerunt

1124 1715 1267 1767 Loth.
1302 1715 1431 1768 Gen.
1468 1715 1711 1775 XXVIll,
1747 1715 1844 1767 1⁸2:
1878 1714 2023 1767 Iacob
2049 1716 2130 1766 vi·

1122 1790 1191 1840 dit
1249 1791 1301 1841 in
1354 1790 1534 1841 somnis
1593 1794 1867 1842 scalam...
1915 1788 2125 1856 Anyelos

1123 1879 1309 1931 qnoque
1349 1864 1442 1915 Dei
1482 1864 1786 1915 ascendentes
1838 1871 1882 1915 et
1933 1865 2122 1915 descen-

1123 1939 1281 1989 dentes
1309 1954 1399 2007 per·
1437 1954 1562 1990 eum.
1598 1936 1647 2007 b)
1688 1938 1744 1988 In
1776 1938 1975 2006 periodo
2027 1953 2126 1988 mo-

1123 2013 1273 2072 saica,
1295 2013 1389 2064 Ex.
1423 2012 1563 2070 XlV.
1599 2013 1666 2065 49
1701 2012 1906 2076 legitur:
1942 2012 2126 2064 Totiens

1124 2103 1171 2138 se
1210 2086 1422 2155 Anqelns
1469 2087 1560 2138 Dei
1595 2129 1607 2146 ,
1677 2087 1765 2154 qui
1820 2086 2126 2155 praecedebat

1125 2170 1284 2213 castra
1326 2161 1502 2222 lsrael,
1534 2161 1653 2213 abiit
1691 2169 1798 2229 post
1838 2178 1932 2212 eos,
1967 2160 2125 2214 ludic.

1132 2235 1213 2294 Vl,
1241 2236 1308 2286 1⁸2
1332 2236 1392 2287 de
1422 2235 1661 2287 Gedcone
1705 2241 1987 2287 narratur:
2034 2234 2125 2303 Ap-

1120 2311 1291 2378 paruit
1331 2311 1375 2361 ei
1420 2308 1641 2377 Anqe'lies
1680 2309 1885 2362 Domini
1928 2317 1971 2361 et
2019 2310 2126 2361 ait:

1128 2390 1226 2436 etc.
1260 2383 1303 2451 c)
1339 2384 1397 2435 In
1432 2384 1633 2452 periodo
1672 2384 1931 2444 cristiana,
1960 2382 2127 2453 Ange·

1131 2460 1209 2510 lus
1238 2459 1476 2525 apparuit
1498 2458 1791 2515 Zachariae,
1825 2458 2130 2526 praedicens

1131 2534 1451 2584 nativitatem
1478 2531 1789 2603 loannis(l);
1813 2533 2012 2586 Mariae
2040 2549 2131 2585 an-

1130 2608 1373 2659 nuntians
1402 2608 1810 2659 incarnationem
1844 2606 1996 2659 Verbi
2026 2605 2127 2680 (2);

1134 2681 1331 2748 losepho
1382 2698 1642 2734 summum
1696 2682 1999 2750 mysterium
2054 2698 2133 2734 re-

1135 2756 1309 2808 velans
1340 2755 1438 2827 (5),
1471 2763 1522 2808 et
1564 2756 1805 2807 mandata
1847 2747 2021 2808 divina
2058 2772 2135 2808 re-

1133 2831 1302 2882 ferens
1352 2830 1447 2901 (lt).
1495 2861 1564 2869 --
1599 2830 1827 2893 Angelus
1875 2830 2134 2883 nuntiavit

1137 2906 1419 2972 pastoribus
1461 2906 1781 2956 nativitatem
1824 2903 2032 2956 Christi:
2070 2905 2135 2958 Ec

1133 2980 1290 3031 subito
1328 2981 1455 3047 facta
1495 2987 1562 3031 est
1595 2995 1705 3029 cnm
1743 2977 1929 3044 Anqelo
1971 2979 2135 3031 multi-

1135 3055 1247 3104 tudo
1276 3054 1484 3105 militiae
1523 3053 1763 3111 caelestis,
1823 3053 2135 3106 laudantium

1140 3127 1291 3179 Deum
1317 3137 1362 3179 et
1383 3127 1678 3178 dicentium:
1709 3127 1995 3196 ytoria'elc.
2032 3126 2130 3199 (ὅ)

1210 3202 1262 3252 2.
1307 3200 1360 3252 S.
1407 3201 1669 3267 Scriptura
1711 3203 1865 3254 etiam
1913 3219 2002 3271 per
2034 3203 2135 3255 alia

1137 3275 1287 3327 effata
1329 3274 1612 3327 clarissima
1661 3277 1979 3345 Angelorum
2030 3277 2136 3328 exi·

1184 3390 1235 3478 ,253
1260 3390 1530 3485 ltsssstnff’fflas.

1186 3478 1237 3523 (4)
1266 3480 1356 3512 thiu.
1382 3488 1460 3522 cap.
1481 3481 1516 3516 2.
1545 3479 1631 3516 v.13
1654 3483 1692 3515 et
1714 3479 1768 3516 19.

1187 3523 1238 3567 (5)
1260 3524 1349 3560 Luc.
1376 3523 1409 3566 2,
1434 3523 1490 3559 13.

1788 3391 1834 3437 (2)
1858 3393 1944 3428 Luc.
1978 3391 2012 3434 1,
2037 3390 2092 3426 28.
