2332 3860
726 174 845 214 rans
881 175 938 214 n.
962 143 1142 213 'suerro
1179 172 1218 212 1.
1260 158 1409 211 ciro-r
1444 170 1483 209 1.

1949 147 2057 207 215

98 274 219 315 suas
253 244 423 319 ideas,
464 260 518 308 et
557 254 816 310 liberrima
864 273 958 310 sua
996 255 1085 308 de·
1143 255 1382 308 stentiam
1405 249 1778 321 perducuntur,
1801 246 1977 314 ipsaS.
1999 246 2133 301 Scri-

97 342 237 387 ereta
261 339 350 402 per
373 332 794 398 omnipotentiam
820 347 966 384 suam
1004 337 1081 383 to·

96 415 205 462 tum
224 404 468 460 mundum
496 404 744 457 ex‘nihilo
764 407 816 458 in
840 405 1082 474 principio

97 481 333 549 temporis
370 479 432 531 ad
455 479 671 547 gloriam
696 496 840 532 suam
865 481 1076 532 creavit.

48 597 51 599 .
95 585 167 596 -
190 553 256 608 Ut
295 553 422 606 haec
447 554 678 606 doctrina
719 555 814 607 rite
842 555 1083 622 explane-

47 632 50 633 ’
98 636 181 682 tur
208 635 258 680 et
283 628 690 688 demonstretur,
732 627 782 679 1⁰
810 629 864 680 de
892 629 1014 680 ideis
1040 635 1083 679 et

95 702 289 756 decretis
317 702 513 764 divinis,
556 702 792 754 mundum
831 702 1085 770 respicien-

100 776 241 836 tibus,
285 777 346 829 2⁰
383 777 438 828 de
468 777 635 829 mundi
670 776 985 845 productione
1024 792 1084 828 ex

60 880 66 892 2»
94 850 248 902 nihilo
286 858 329 902 et
367 851 419 902 in
461 858 689 920 tempore,
732 858 782 903 et
813 851 870 902 5⁰
898 851 953 903 de
991 852 1083 919 fine

95 924 271 978 mundo
292 926 516 996 praefixo
541 924 892 978 disserendum
935 932 1029 977 est.

414 1048 700 1085 ARTICULUS
723 1048 757 1084 1.

295 1130 347 1165 De
370 1129 461 1165 ideis
494 1135 530 1165 et
563 1131 719 1165 decretis
755 1129 889 1165 divinis

348 1190 527 1225 mundum
546 1190 836 1233 respicientibus.

513 1278 551 1336 ς
581 1279 701 1323 115.

169 1367 345 1423 Omnis
395 1369 606 1431 artifex,
652 1371 847 1422 ratione
896 1369 1086 1422 intelli-

95 1445 370 1512 gentiaque
401 1451 550 1496 utens
570 1444 631 1495 ad
661 1446 938 1510 agendum,
967 1461 1084 1512 ope-

94 1520 165 1569 ris
187 1518 477 1586 perficiendi
502 1518 804 1570 insidentem
835 1521 883 1570 in
917 1527 1085 1570 mente

95 1590 252 1644 habet
290 1593 533 1659 speciem,
558 1609 710 1660 quam
733 1602 1003 1653 contuenS,
1036 1600 1086 1644 et

93 1666 143 1717 in
184 1681 341 1733 quam
374 1667 621 1726 intentuS,
670 1667 807 1718 illius
843 1668 892 1718 in
934 1683 1085 1733 opere

94 1739 478 1791 similitudinem
520 1742 808 1808 exprimere
847 1748 1079 1792 conatur.

94 1812 241 1865 Hanc
268 1818 564 1882 impressam
601 1816 647 1866 in
672 1816 840 1866 animo
867 1815 1084 1879 figuram

94 1903 154 1939 ac
199 1888 410 1940 formam
433 1931 445 1950 ,
477 1896 564 1940 aut
607 1889 870 1955 exemplar
905 1888 1083 1940 Graeci

95 1963 239 2025 ἰδέαν,
271 1963 432 2015 Latini
474 1964 627 2014 idea-m
659 1970 859 2015 vocant.
894 1963 958 2016 Ut
998 1981 1086 2014 au·

96 2043 197 2090 tem
226 2054 352 2104 opus
393 2038 703 2104 perficiatur,
735 2054 834 2089 non
864 2036 1083 2099 suflicit,

97 2119 153 2163 ut
173 2114 355 2164 artifex
381 2112 517 2163 illius
540 2113 703 2163 ideam
732 2113 780 2163 in
808 2120 976 2164 mente
1000 2113 1088 2163 lia-

97 2184 246 2250 beat,
290 2186 376 2237 sed
419 2187 693 2254 requiritur
740 2194 795 2238 ut
834 2188 988 2238 etiam
1038 2188 1086 2237 in

98 2260 362 2311 voluntate
395 2259 517 2311 illud
547 2261 871 2312 construendi
914 2262 1088 2312 decre-

35 2346 37 2348 ’
101 2339 212 2385 tum
253 2334 524 2402 concipiat.
569 2365 638 2373 —
668 2335 730 2387 Et
769 2335 915 2395 haec,
958 2351 1087 2403 quae

100 2406 162 2459 de
202 2407 398 2460 artifice
441 2407 664 2460 humano
705 2409 966 2472 dicuntur,
1012 2426 1090 2460 re-

101 2488 181 2533 cte
221 2483 375 2534 etiam
419 2482 523 2534 Deo
563 2482 907 2550 applicantur.
962 2483 1085 2535 Nam

102 2570 254 2623 opera
294 2556 466 2607 divina
518 2564 733 2609 externa
787 2574 884 2608 non
941 2557 1090 2625 perfi-

102 2629 335 2688 ciuntur,
380 2630 473 2681 nisi
516 2631 656 2682 iuxta
699 2638 929 2683 nostrum
969 2648 1090 2683 con-

34 2758 37 2762 ,
100 2703 315 2770 cipiendi
347 2704 573 2764 modum,
600 2705 748 2757 aDeo
764 2707 1087 2773 praecognita

102 2784 154 2829 et
193 2777 399 2829 decreta
441 2778 648 2830 fuerint.
694 2779 880 2831 Rectus
921 2781 1090 2848 itaque

27 2838 49 2869 ⁴·
102 2849 364 2903 doctrinae
392 2852 514 2903 ordo
536 2856 786 2920 exposcit,
814 2861 866 2905 ut
884 2854 938 2905 de
971 2855 1091 2906 ideis

75 3585 82 3590 ¹
155 3542 193 3588 (3
232 3542 284 3578 ne
302 3541 379 3580 «av.
402 3543 504 3582 nom.
526 3553 561 3582 e.
584 3544 617 3581 τ.

15 3596 43 3612 ’Δ

20 3612 53 3687 ᾗ

10 3697 19 3710 .,
53 3688 59 3704 0

0 3700 85 3860 αἱ

103 2931 155 2977 et
191 2925 390 2978 decretis
427 2926 608 2978 divinis
654 2942 867 2992 agamus
920 2929 1087 2995 priuS,

103 3013 256 3068 quam
296 2999 362 3052 ad
382 3015 535 3068 opera
563 3000 671 3068 ipsa
701 3001 1095 3054 descendamus:

499 3121 538 3180 ς
568 3122 702 3169 ιω.

432 3212 485 3247 De
507 3211 598 3247 ideis
619 3212 766 3249 divinis.

179 3290 300 3346 Duri
338 3294 388 3347 in
428 3303 602 3348 mente
630 3295 800 3348 divina
843 3295 985 3349 ideas
1010 3312 1093 3349 eo-

111 3381 247 3430 rum,
287 3383 418 3437 quae
446 3385 535 3439 per
561 3371 872 3423 creationem
898 3371 961 3424 ad
990 3372 1091 3423 exi·

157 3496 191 3538 (1
231 3497 340 3533 noen.
363 3497 419 3535 na.
443 3499 496 3536 2⁹.
771 3501 823 3546 (ε)
848 3503 899 3537 cr.
924 3501 949 3547 s
972 3502 1027 3538 ci.

778 3546 831 3592 (4)
854 3548 895 3581 ln
917 3548 970 3583 lo.
993 3546 1027 3592 1,
1051 3545 1082 3582 1.

1145 337 1292 396 ptura
1334 333 1550 380 testatur
1589 324 1765 377 dicens
1793 318 1892 392 (i):
1928 320 2133 374 Domino

1146 404 1262 462 DeO,
1300 410 1562 469 antequam
1602 403 1909 455 crearentur,
1967 400 2134 448 omnia

1142 486 1255 530 sunt
1294 476 1457 544 aym‘ta
1499 472 1595 545 (ἓ).
1643 472 1782 524 ldem
1828 469 1909 522 Ss.
1956 468 2135 521 Patres

1144 551 1418 604 affirmant.
1474 548 1525 601 S.
1580 546 1844 616 Dionysius
1886 542 1965 615 (5)
2020 545 2133 596 ait:

1148 646 1174 676 «
1220 627 1397 677 Divina
1425 639 1572 675 mens
1599 622 1770 674 omnia
1798 620 2027 671 eontinet
2048 633 2138 669 an-

1146 699 1416 752 tecellente
1445 697 1678 750 omnibus
1713 694 2025 763 cognitione,
2056 708 2138 744 ra-

1147 775 1280 826 tione
1320 774 1428 834 illa,
1472 789 1570 841 qua
1592 787 1747 823 causa
1777 775 1854 820 est
1882 767 2134 827 omnium,

1145 849 1411 901 scientiam
1435 848 1483 898 in
1509 863 1563 898 se
1591 847 1820 898 omnium
1848 849 1968 895 ante
1997 857 2137 893 com-

1148 924 1390 991 plectens
1448 941 1474 971 »
1519 917 1749 989 'Oriqenes
1813 914 1889 989 (lt)
1949 916 2135 977 docet,

1150 1017 1172 1046 «
1220 999 1459 1049 universa
1502 996 1634 1047 sacta
1676 995 1830 1046 tuisse
1871 993 2016 1043 iuxta
2061 1005 2139 1042 re·

1147 1088 1260 1124 rum
1291 1073 1577 1123 suturarum
1611 1070 1835 1120 rationes
1862 1067 1964 1118 iam
1986 1071 2141 1118 antea

1145 1162 1174 1198 a
1216 1147 1318 1198 Deo
1361 1146 1710 1196 manifestatas
1750 1144 1799 1193 in
1854 1139 2136 1209 sapientia3

1145 1223 1313 1271 omnia
1352 1220 1563 1271 enimin
1600 1218 1839 1285 sapientia
1866 1215 1977 1282 fecit
2001 1212 2137 1284 (5).»

1145 1293 1201 1347 S.
1248 1293 1550 1362 Anqustinas
1580 1290 1654 1362 (6)
1687 1288 1869 1359 inqu'it:
1907 1310 1932 1337 «
1960 1289 2012 1340 ln
2039 1304 2141 1340 una

1149 1368 1234 1420 Dei
1266 1369 1514 1436 sapientia
1540 1383 1650 1417 esse
1681 1368 1959 1417 immensos
1993 1378 2142 1432 quos-

1147 1443 1285 1501 dam,
1315 1459 1374 1494 ac
1403 1442 1631 1493 infinitos
1659 1440 1927 1491 thesauros
1970 1453 2142 1489 rerum

1150 1517 1568 1583 intelligibilium,
1613 1517 1661 1566 in
1705 1514 1891 1583 quibus
1931 1517 2049 1565 sunt
2089 1528 2143 1564 o-

1148 1607 1292 1643 mnes
1334 1590 1617 1641 invisibiles
1656 1597 1811 1657 atque
1859 1590 2141 1639 incommu-

1150 1666 1333 1717 tabiles
1376 1665 1598 1716 rationes
1626 1678 1800 1715 rerum
1828 1664 1983 1715 etiam
2025 1660 2143 1713 visi·

1151 1740 1328 1790 bilium
1369 1746 1415 1790 et
1460 1738 1815 1798 mutabilium,
1881 1753 2012 1806 quae
2056 1751 2143 1803 per

1150 1815 1296 1864 istam
1343 1813 1509 1864 factae
1550 1819 1689 1872 sunt,
1722 1812 1963 1879 quoniam
2005 1809 2143 1862 Deus

1152 1903 1247 1938 non
1291 1887 1478 1955 aliquid
1525 1888 1758 1937 nesciens
1800 1886 1955 1944 fecit,
2008 1884 2143 1953 quod

1152 1978 1245 2013 nec
1286 1962 1346 2012 de
1399 1962 1624 2029 quolibet
1682 1960 1885 2012 homine
1946 1958 2143 2011 artifice

1151 2043 1286 2088 recte
1328 2036 1423 2086 dici
1470 2042 1649 2103 potest.
1700 2036 1854 2087 Porro
1893 2034 1932 2085 si
1976 2036 2144 2086 sciens

1150 2111 1268 2162 fecit
1308 2112 1499 2169 omnia,
1544 2126 1601 2162 ea
1641 2111 1814 2178 utique
1856 2109 1975 2161 fecit
2013 2123 2143 2178 quae

1154 2192 1384 2236 noverat.
1411 2205 1434 2233 »
1460 2185 1530 2236 Ex
1555 2185 1731 2236 eadem
1758 2184 1954 2235 ratione
1983 2184 2142 2235 etiam

1152 2260 1370 2326 theologi
1428 2276 1544 2310 cum
1595 2259 1652 2312 S.
1715 2257 1894 2310 Thomu
1937 2255 2012 2327 (7)
2055 2258 2143 2309 do·

1151 2342 1300 2394 cent,
1357 2334 1702 2385 admittendas
1759 2349 1867 2384 esse
1926 2333 1977 2384 in
2037 2331 2142 2385 Deo

1150 2416 1387 2460 aeternas
1438 2408 1578 2459 ideas
1637 2422 1807 2459 rerum
1870 2409 2138 2468 omnium,

1151 2499 1279 2550 quae
1314 2484 1361 2533 in
1388 2488 1616 2548 tempore
1645 2482 1807 2533 factae
1835 2489 1974 2533 sunt.
1997 2480 2142 2532 Circa

1154 2558 1283 2607 lianc
1337 2556 1624 2607 doctrinam
1675 2561 1847 2607 autem
1890 2554 2143 2623 quaedam

1152 2630 1469 2682 observanda
1513 2637 1666 2690 sunt,
1714 2636 1766 2680 ut
1808 2629 1917 2681 salsi
1961 2645 2143 2682 conce·

1155 2713 1271 2773 ptus
1311 2713 1361 2756 et
1400 2721 1599 2756 errores
1638 2711 2065 2770 praecaveantur.

1227 2780 1277 2831 1.
1322 2778 1620 2831 Scholastici
1663 2782 1794 2829 sicut
1823 2779 1871 2829 in
1912 2777 2138 2840 homine,

1154 2854 1222 2905 ita
1263 2859 1313 2905 et
1354 2854 1402 2904 in
1446 2853 1548 2905 Deo
1582 2852 1836 2919 duplicem
1879 2853 2044 2903 ideam
2074 2852 2144 2903 di-

1154 2929 1445 2994 stinguunt,
1477 2927 1759 2984 obiectivam
1787 2932 1838 2978 et
1862 2926 2140 2993 formalem:

1156 3002 1295 3052 illam
1319 3018 1429 3053 esse
1458 3002 1636 3052 dicunt
1676 3002 1838 3067 ipsam
1865 3003 2141 3052 essentiam

1155 3076 1411 3136 divinam,
1455 3082 1709 3143 quatenus
1748 3083 1826 3126 est
1877 3075 2155 3143 exemplar,

1154 3150 1380 3201 omnium
1443 3148 1842 3216 perfectionum,
1904 3165 2034 3218 quae
2093 3149 2144 3200 in

1154 3225 1405 3274 creaturis
1434 3224 1790 3288 inveniuntur3
1835 3223 1970 3275 hanc
1996 3224 2144 3275 aiunt

1155 3314 1265 3349 esse
1287 3298 1553 3349 scientiam
1581 3298 1825 3366 simplicis
1854 3297 2142 3365 intelligen-

1155 3375 1274 3431 tiae,
1311 3388 1402 3424 seu
1435 3373 1780 3440 cognitionem
1806 3372 2137 3440 exemplaris,

1238 3501 1250 3545 )
1275 3503 1330 3537 ΡΒ.
1358 3502 1434 3543 1θ3,
1459 3502 1512 3538 24.

1659 3503 1710 3548 (c)
1726 3504 1766 3540 L.
1778 3502 1822 3539 12
1831 3504 1876 3539 de
1887 3503 1964 3539 civ.
1979 3502 2021 3537 n.
2035 3508 2066 3536 c.
2082 3498 2126 3536 ιο

1214 3545 1251 3592 ὐ
1273 3548 1302 3591 1,
1325 3556 1363 3591 q.
1388 3547 1445 3591 ιε,
1467 3552 1532 3582 art.
1558 3545 1590 3582 ι.
