2332 3860
232 191 420 246 mentis
451 207 482 245 a
520 191 637 260 lege
676 190 855 245 morali
897 191 1218 245 deficientis:

231 268 407 334 inepte
434 270 611 322 autem
636 265 777 320 Deus
815 282 1062 334 praesens
1087 265 1222 318 dice-

230 347 377 393 retur
402 341 456 392 in
480 355 560 402 eo,
594 340 728 409 quod
769 356 870 392 non
899 340 949 392 in
980 334 1218 408 positiv0,

227 414 319 466 sed
345 415 398 483 in
427 414 666 482 negativo
693 414 947 466 consistit.
972 434 997 462 «
1016 413 1072 465 In
1103 413 1222 466 dae-

225 489 485 549 monibuS,
516 489 588 540 ait
607 487 658 540 S.
684 487 887 539 Thomas
910 485 1008 558 (1),
1034 487 1221 539 inteili-

225 563 366 629 gitur
393 569 444 614 et
473 567 676 623 natura,
708 577 840 629 quae
868 568 947 614 est
975 578 1004 614 a
1037 561 1143 614 Deo
1171 569 1222 614 et

227 636 525 688 deformitas
574 633 778 703 culpae,
821 650 953 704 quae
994 651 1097 687 non
1144 642 1222 688 est

225 709 291 763 ab
330 726 409 762 ec.
454 708 518 760 Et
556 708 671 761 ideo
718 725 820 760 non
866 716 944 761 est
988 709 1221 762 absolute

225 782 613 836 concedendum
640 824 652 844 ‚
697 783 831 851 quod
870 782 1010 836 Deus
1053 785 1119 835 sit
1168 785 1218 835 in

225 856 594 917 daemonibuS,
640 856 730 908 sed
766 872 885 908 cum
932 858 1028 909 hac
1075 857 1219 909 addi-

225 931 386 992 tione,
418 931 467 981 in
497 937 750 998 quantum
791 937 915 984 sunt
955 947 1038 983 res
1064 947 1222 1000 quae-

225 1004 364 1057 dam.
411 1004 466 1055 ln
508 1004 663 1055 rebus
701 1010 876 1057 autem
903 1046 915 1065 ,
959 1021 1090 1073 quae
1132 1022 1221 1057 no-

224 1079 427 1130 minant
458 1084 697 1129 naturam
729 1093 828 1130 non
855 1078 1214 1140 deformat-am,

222 1151 456 1204 absolute
476 1151 748 1203 dicendum
766 1160 843 1204 est
866 1169 977 1204 esse
998 1152 1213 1204 Deum.»

296 1224 403 1277 obi.
449 1226 534 1277 5.⁸
582 1225 827 1287 Quamvis
891 1226 1214 1286 admittatur,

222 1298 389 1350 Deum
407 1299 618 1367 ubique,
649 1299 801 1358 idest,
827 1300 877 1351 in
899 1306 1004 1351 toto
1027 1301 1217 1352 mundo

221 1379 547 1439 praesentem
589 1388 734 1433 esse,
779 1390 845 1425 ex
894 1373 990 1425 hoc
1044 1381 1214 1426 tamen

223 1461 324 1498 non
369 1447 481 1498 eius
530 1447 872 1508 immensitaS‚
917 1448 1005 1498 sed
1048 1451 1217 1516 potius

221 1522 538 1572 contrarium
598 1520 770 1588 colligi
836 1527 1031 1588 potest3
1099 1524 1216 1590 quia

220 1594 359 1645 enim
405 1601 544 1647 totus
598 1594 823 1646 mundus
875 1595 1054 1647 finitus
1101 1602 1211 1656 est,

220 1669 376 1720 etiam
426 1668 539 1719 eius
586 1668 1022 1736 omnipraesentia
1074 1669 1217 1721 finita

217 1741 303 1803 sit,
339 1755 550 1793 necesse
578 1747 672 1794 est.

291 1814 433 1883 Resp.
462 1813 747 1866 Difficultas
775 1814 903 1867 haec
942 1816 1115 1882 gravis
1143 1831 1217 1867 es-

221 1895 320 1950 set,
372 1889 411 1940 si
454 1885 592 1940 Deus
632 1889 916 1940 immensus
957 1889 1216 1941 diceretur

217 1978 309 2030 per
331 1961 539 2014 modum
565 1963 903 2026 extensionis3
935 1969 1059 2014 tunc
1082 1965 1214 2014 enim

218 2052 403 2088 revera
434 2036 721 2087 immensus
761 2052 866 2088 non
907 2044 1063 2098 esset,
1097 2038 1215 2105 quia

218 2111 443 2178 spatium
483 2109 742 2162 infinitum
784 2126 885 2162 non
915 2111 1086 2172 datur,
1122 2127 1215 2163 nec

219 2184 332 2235 dari
379 2190 564 2251 potest.
616 2183 717 2236 Sed
765 2199 883 2235 cum
933 2183 1071 2235 Deus
1123 2185 1214 2236 im-

215 2273 428 2310 mensus
461 2258 670 2319 dicitur,
696 2257 839 2309 nulla
865 2258 957 2324 ipsi
981 2260 1214 2310 extensio

214 2332 494 2392 tribuitur,
526 2330 617 2382 sed
657 2332 768 2383 sine
808 2333 972 2399 spatio
1013 2338 1064 2383 et
1107 2332 1214 2384 ioco

217 2406 267 2456 in
295 2405 461 2472 seipso
486 2404 722 2456 infinitus
753 2404 1103 2473 praedicatur,
1129 2408 1212 2475 qui

217 2479 460 2531 omnibus
502 2478 708 2531 entibus
736 2519 748 2540 ‚
796 2494 927 2548 quae
973 2486 1116 2532 creat
1164 2488 1214 2532 et

216 2559 511 2614 conservat,
563 2553 744 2604 intime
786 2551 963 2605 adest:
1009 2570 1076 2606 ex
1115 2569 1214 2622 quo

215 2627 470 2694 sequitur,
505 2642 607 2678 non
635 2627 746 2679 dari
787 2625 977 2687 locum,
1022 2628 1073 2678 in
1115 2643 1213 2695 quo

215 2699 356 2752 Deus
385 2715 631 2768 praesens
660 2717 761 2752 non
796 2700 881 2752 sit.
913 2700 1031 2752 Ideo
1052 2701 1213 2753 Theo-

217 2774 318 2840 logi
379 2775 780 2827 immensitatem
832 2773 923 2825 Dei
988 2775 1052 2826 ab
1104 2774 1214 2841 ejus

217 2847 648 2914 omnipraesentia
701 2848 1042 2914 distinguunt.
1085 2847 1211 2899 Nam

219 2922 290 2972 ait
310 2918 610 2973 CLPerrone
630 2920 726 2992 (Ἅι
752 2942 774 2972 «
800 2922 1119 2974 immensitas
1137 2929 1214 2974 est

220 2993 524 3045 attributum
553 2996 865 3056 absolutum,
893 2995 1100 3063 Deoque
1126 3011 1213 3047 ne-

219 3067 535 3130 cessarium3
591 3075 645 3119 at
708 3085 820 3121 esse
868 3069 1057 3138 ubique
1113 3085 1211 3121 non

219 3141 461 3193 convenit
499 3140 572 3193 itli
595 3142 846 3203 absolute,
890 3144 978 3195 sed
1019 3142 1209 3199 solum.

221 3221 279 3268 ut
317 3211 524 3276 dicitur,
575 3214 948 3283 hypothetice,
998 3232 1087 3270 seu
1148 3233 1213 3270 ex

263 3373 318 3509 {1}
340 3375 357 3408 Ι
379 3383 415 3418 q.
439 3373 474 3416 8,
497 3378 565 3408 art.
589 3375 646 3408 ad.
675 3374 705 3409 4.

281 3419 302 3454 2
341 3419 381 3454 Τ.
406 3420 434 3454 1.
463 3428 497 3453 n.
519 3418 598 3454 322.

283 3463 302 3498 3
342 3462 444 3499 Cont.
470 3463 597 3499 Sabell.
625 3471 727 3507 greg.
754 3471 789 3498 n.
817 3462 871 3500 10.

1329 17 1354 32 §l

924 112 988 154 DE
1013 112 1120 149 -nsso
1157 111 1211 148 IN
1246 110 1302 148 SE
1337 110 1595 150 seucum.

1282 192 1626 261 suppositione
1655 199 2025 247 ereaturarum
2053 192 2276 250 existen-
2318 183 2320 185 ⁵

1271 267 1434 334 tium,
1465 281 1683 335 quarum
1702 268 1964 335 productio
1984 268 2092 322 Deo
2117 270 2279 324 libera

1284 340 1397 392 fuit.
1436 359 1462 388 »
1519 338 1784 402 Absonum
1812 348 1987 395 autem
2038 349 2136 404 est,
2178 344 2276 400 im·

1285 429 1522 470 mensum
1562 429 1652 481 per
1677 415 1906 468 locorum
1933 417 2096 484 spatia
2136 432 2279 471 men·

1283 503 1463 539 surare
1502 487 1657 540 velte.
1692 509 1718 539 «
1763 489 1838 542 Ne
1877 491 2164 558 quaeratis,
2203 492 2279 545 ait

1282 561 1336 613 S.
1381 559 1686 614 Athanasius
1725 559 1836 632 (5),
1884 562 1981 618 loci
2022 566 2279 630 magnitu-

1285 634 1458 686 dinem
1499 642 1718 694 tantam,
1753 642 1809 688 ut
1848 651 1978 704 quae
2007 639 2164 704 possit
2185 638 2277 690 Dei

1285 709 1695 776 magnitudinem
1741 725 1946 778 capere3
1998 726 2100 762 non
2141 713 2280 764 enim

1284 782 1569 835 immensus
1608 785 1658 834 in
1700 799 1880 836 menso
1920 790 2015 836 est.
2065 800 2135 832 »ί

1357 855 1463 909 Obi.
1511 857 1593 908 [ι.8
1622 856 1674 909 Si
1714 858 1920 918 dicitur,
1964 857 2127 910 Deum
2168 873 2279 911 esse

1283 930 1491 998 ubique,
1537 931 1665 982 etin
1694 931 1931 989 omnibus
1978 947 2068 998 per
2107 947 2280 984 essen-

1283 1004 1425 1066 tiam,
1471 1004 1569 1055 dici
1625 1020 1827 1073 quoque
1866 1011 2064 1072 potest,
2108 1021 2280 1058 essen-

1282 1078 1408 1130 tiam
1447 1077 1538 1128 Dei
1569 1094 1680 1130 esse
1719 1079 1769 1129 in
1824 1079 2061 1134 omnibus
2101 1079 2275 1143 rebus;

1281 1158 1332 1202 et
1359 1153 1431 1203 sic
1459 1151 1820 1204 Pantheismus
1859 1154 2124 1205 statuitur.

1379 1224 1519 1293 Resp.
1603 1226 1680 1277 Ad
1743 1226 1876 1277 hanc
1941 1227 2279 1294 objectionem

1282 1299 1555 1366 respondet
1595 1298 1654 1351 S.
1703 1298 1906 1352 Thomas
1948 1298 2047 1371 (lt):
2083 1300 2279 1354 «Deus

1280 1373 1465 1424 dicitur
1493 1388 1604 1424 esse
1633 1373 1684 1424 in
1721 1374 1960 1426 omnihus
1988 1390 2078 1441 per
2109 1390 2280 1426 essen-

1279 1447 1423 1507 tiam,
1468 1463 1569 1498 non
1619 1448 1828 1515 quidem
1880 1463 2077 1510 rerum,
2129 1450 2276 1517 quasi

1279 1522 1344 1571 sit
1385 1520 1447 1573 de
1483 1521 1705 1572 essentia
1734 1536 1934 1582 earum,
1967 1522 2056 1573 sed
2086 1538 2175 1589 per
2203 1538 2278 1575 es-

1279 1595 1497 1646 sentiam
1521 1610 1689 1654 suam,
1709 1596 1828 1663 quia
1868 1595 2156 1647 substantia
2184 1612 2278 1650 sua

1278 1667 1426 1720 adest
1466 1669 1723 1730 omnibuS‚
1745 1675 1801 1721 ut
1829 1684 1984 1721 causa
2013 1670 2273 1722 essendi.»

1278 1740 1531 1794 Nimirum
1560 1743 1785 1809 potentia
1800 1742 1913 1805 Dei,
1946 1759 2078 1811 quae
2105 1745 2277 1796 omnia

1278 1815 1433 1866 efficit
1473 1822 1524 1867 et
1581 1823 1873 1877 conservat,
1918 1823 1995 1869 est
2046 1818 2154 1884 ipsa
2194 1834 2292 1870 es«

1278 1889 1443 1940 sentia
1487 1888 1599 1951 Dei3
1642 1891 1776 1942 sicut
1828 1906 1950 1957 ergo
1990 1906 2147 1943 causa
2211 1892 2276 1944 ab

1279 1962 1486 2022 effectu,
1531 1963 1604 2014 sic
1645 1964 1871 2015 essentia
1922 1964 2013 2016 Dei
2053 1981 2084 2016 a
2123 1966 2276 2018 rebus

1279 2036 1541 2102 productis
1585 2039 1873 2090 necessario
1901 2037 2139 2090 distincta
2173 2046 2271 2091 estz

1278 2125 1399 2175 ergo
1419 2126 1508 2177 per
1530 2112 1868 2163 assertionem
1897 2120 2124 2164 nostram
2152 2129 2276 2181 pan·

1278 2183 1530 2235 theismus
1559 2201 1659 2236 non
1728 2186 1996 2246 statuitur,
2058 2186 2148 2238 sed
2188 2187 2275 2238 de·

1277 2259 1514 2309 struitur.
1562 2258 1829 2310 Praeclare
1870 2259 1922 2310 in
1961 2275 2069 2311 rem
2110 2259 2163 2313 S.
2207 2259 2275 2312 Α-

1279 2331 1533 2383 thanasius
1575 2329 1651 2401 (ὅ)
1708 2332 1851 2384 dicit:
1901 2352 1926 2381 «
1976 2332 2136 2394 DeuS‚
2188 2335 2274 2402 qui

1280 2421 1368 2471 per
1390 2421 1444 2457 sc
1467 2421 1588 2458 vere
1611 2412 1708 2466 est,
1735 2408 1907 2459 omnia
1942 2407 2196 2468 continet,
2221 2414 2275 2460 et

1276 2494 1306 2529 a
1348 2479 1489 2531 nulla
1518 2495 1573 2531 re
1600 2480 1913 2544 continetur,
1957 2481 2007 2532 in
2037 2482 2274 2534 omnibus

1277 2559 1354 2604 est
1393 2568 1485 2604 sua
1543 2554 1773 2605 bonitate
1813 2561 1864 2606 et
1922 2555 2170 2621 potentia3
2221 2561 2275 2606 at

1277 2633 1424 2677 extra
1484 2627 1655 2678 omnia
1708 2633 1786 2679 est
1836 2643 1928 2679 sua
1973 2634 2195 2689 natura,
2242 2647 2268 2676 »

1276 2715 1375 2767 qua
1415 2699 1661 2752 sciliceta
1691 2701 1843 2753 rebus
1878 2702 2063 2754 creatis
2090 2701 2272 2754 distin·

1275 2775 1468 2840 guitur.

1349 2847 1553 2899 ΝοιαΞ.
1585 2845 1639 2918 a)
1668 2847 1912 2901 Memoria
1952 2849 2271 2916 praesentiae

1277 2920 1481 2972 divinae
1520 2937 1550 2972 a
1591 2923 1728 2974 vitiis
1779 2938 1871 2974 nos
1911 2922 2146 2989 retrahit,
2173 2923 2271 2989 ef-

1276 2994 1503 3063 ficitque,
1557 3002 1614 3047 ut
1679 3003 1910 3063 tempore
1974 2995 2271 3048 tentationis

1276 3084 1395 3120 cum
1422 3068 1640 3136 Josepho
1662 3067 1965 3137 AEgyptiaco
2005 3069 2266 3122 dicamus:

1276 3142 1522 3205 Quomodo
1573 3158 1775 3209 possum
1833 3143 1918 3194 hoo
1973 3143 2159 3194 malum
2195 3143 2271 3209 fa·-

1274 3231 1378 3268 cere
1416 3222 1459 3267 et
1490 3230 1690 3283 pec-care
1728 3215 1782 3268 in
1807 3215 1988 3268 Deum?
2017 3211 2270 3286 (6).Ηίηο

1321 3374 1370 3418 (4)
1394 3375 1422 3408 Ι.
1447 3383 1480 3418 q.
1503 3372 1535 3409 8.
1563 3378 1632 3409 art.
1659 3374 1691 3416 3,
1716 3375 1774 3408 ad.
1798 3374 1832 3409 1.

1336 3420 1368 3460 ὅ)
1397 3420 1447 3453 De
1470 3419 1569 3452 decr.
1588 3427 1671 3461 syn.
1698 3419 1774 3453 Nic.
1800 3427 1836 3452 n.
1865 3418 1920 3453 11.

1318 3419 1370 3508 56)
1395 3463 1484 3499 Geu.
1513 3461 1567 3505 39,
1593 3462 1626 3498 9.
1653 3463 1706 3499 Cr.
1733 3463 1823 3497 Dan.
1850 3461 1907 3507 13,
1933 3460 1989 3498 23.

1492 3659 1513 3685 1
