2332 3860
293 166 401 219 500

221 264 383 331 potuit
421 270 472 318 et
510 264 707 327 debuit,
752 267 979 334 explicat
1005 266 1057 320 S.
1096 266 1215 318 Tho-

220 353 323 390 mas
375 337 452 408 (i)
494 340 705 392 dicens:
766 360 793 390 «
846 339 1079 394 Christus
1135 347 1212 392 est

220 427 375 466 verus
413 413 551 465 Deus
591 415 878 467 secundum
940 431 1208 482 personam

219 493 270 539 et
311 494 549 540 naturam
614 488 862 542 divinam.
934 489 1031 541 Sed
1090 491 1209 558 quia

218 576 336 621 cum
405 566 600 615 unitate
666 579 913 631 personae
978 571 1209 616 remanet

216 635 472 690 distinctio
513 644 836 699 naturarum,
868 638 1035 690 anima
1066 637 1210 689 Chri·

213 712 278 766 sti
321 727 420 764 non
461 719 538 763 est
580 710 667 779 per
722 728 867 764 suam
934 713 1209 765 essentiam

215 785 408 838 divina.
454 785 599 838 Unde
638 793 859 854 oportet,
920 786 1053 856 quod
1117 786 1207 838 fiat

214 859 387 912 divina
428 876 517 927 per
559 861 1019 927 participationem,
1075 877 1205 929 quae

214 940 291 987 est
305 934 585 986 secundum
609 935 845 999 gratiam.
870 954 897 983 »
929 934 992 986 Et
1019 935 1204 987 ibidem

213 1006 311 1079 (Ἧι
347 1028 374 1057 (ι
404 1007 646 1060 Similiter
685 1010 838 1060 etiam
867 1009 915 1059 in
958 1016 1206 1077 quantum

214 1080 488 1153 (Christus)
542 1089 617 1134 est
660 1081 886 1135 Verbum
939 1082 1059 1144 Dei,
1120 1083 1207 1135 ha-

213 1156 322 1209 buit
363 1157 659 1209 facultatem
700 1158 870 1209 omnia
910 1157 1041 1209 bene
1088 1173 1205 1225 ope·

212 1231 360 1283 randi
405 1231 699 1299 operatione
740 1231 932 1283 divina.
965 1230 1063 1283 Sed
1088 1232 1203 1300 quia

212 1311 417 1373 praeter
456 1306 803 1372 operationem
871 1305 1097 1357 divinam
1156 1322 1206 1357 o·

211 1385 377 1447 portet
440 1380 555 1446 poni
623 1379 672 1430 in
737 1395 796 1432 eo
857 1381 1199 1448 operationem

210 1454 509 1515 humanam,
572 1455 794 1522 oportuit
859 1469 969 1506 esse
1034 1455 1084 1505 in
1143 1470 1202 1506 eo

209 1527 526 1581 habitualem
592 1530 831 1595 gratiam,
895 1544 984 1596 per
1048 1544 1200 1596 quam

209 1603 496 1654 huiusmodi
538 1604 763 1670 operatio
828 1604 877 1654 in
945 1618 1003 1654 eo
1068 1610 1201 1655 esset

208 1676 450 1745 perfecta.
493 1677 675 1728 »Nam
715 1677 855 1728 addit
884 1674 981 1747 (3):
1020 1697 1042 1726 «
1101 1677 1202 1728 Hu-

212 1752 430 1803 manitas
469 1749 653 1803 Christi
697 1760 771 1803 est
798 1752 1198 1803 instrumentum

209 1825 507 1886 divinitatiS‚
547 1842 646 1877 non
688 1826 1082 1894 quidem‘sicuti
1125 1827 1198 1876 in-

208 1906 552 1952 strumentum
618 1901 955 1952 inanimatum
982 1941 993 1961 ,
1062 1900 1194 1968 quod

209 1974 350 2026 nullo
377 1974 525 2027 modo
553 1974 659 2041 agit
691 1974 777 2026 sed
811 1975 975 2026 solum
1005 1975 1192 2041 agitur,

209 2047 296 2100 sed
348 2054 590 2118 tanquam
643 2049 1040 2100 instrumentum
1089 2049 1196 2100 ani-

210 2138 291 2174 ma
332 2121 564 2174 rationali
606 2124 915 2183 animatum,
964 2123 1095 2191 quod
1127 2124 1194 2175 ita

210 2197 394 2264 agitur,
416 2197 545 2266 quod
570 2198 722 2248 etiam
743 2198 869 2266 agit.
896 2197 955 2249 Et
993 2197 1105 2249 ideo
1131 2198 1193 2249 ad

208 2272 616 2323 convenientiam
695 2272 909 2323 actionis
975 2272 1195 2338 oportuit

208 2361 325 2397 eum
354 2345 548 2412 habere
563 2346 778 2412 gratiam
801 2345 1134 2398 habitualem.
1166 2365 1188 2394 »

206 2419 333 2471 Cum
374 2419 426 2472 S.
457 2419 639 2471 Thema
657 2421 915 2471 communi
940 2436 1193 2473 consensu

208 2494 431 2562 theologi
472 2494 674 2554 docent,
701 2493 957 2547 Christum
981 2511 1009 2546 a
1035 2496 1193 2562 primo

206 2569 414 2621 instanti
456 2570 799 2637 conceptionis
839 2570 1057 2636 gratiam
1108 2569 1193 2622 ha-

207 2642 472 2704 bitualem,
516 2644 616 2695 imo
656 2643 1028 2712 plenitudinem
1077 2660 1192 2709 gra-

208 2716 307 2768 tiae
371 2717 628 2770 habuisse.
697 2717 757 2769 In
818 2717 870 2770 S.
938 2717 1193 2786 Scriptura

209 2790 342 2843 enim
383 2791 538 2844 isaias
579 2791 640 2843 de
680 2791 860 2844 Messia
903 2792 1187 2859 praedixit:

211 2863 486 2932 Requiescec
524 2882 668 2935 super
707 2882 815 2918 eum
855 2866 1072 2934 Spiritus
1103 2865 1192 2917 Do-

209 2939 331 2989 mini
359 2938 455 3008 (ίι);
487 2947 539 2992 at
578 2940 795 3008 Spiritus
835 2939 1053 2992 Sanctus
1118 2940 1192 2991 di-

209 3011 339 3063 citur
379 3013 606 3066 habitare
646 3015 695 3065 in
755 3014 1045 3066 hominibus
1105 3031 1192 3082 per

206 3087 423 3152 gratiam
466 3087 776 3140 habitualem
800 3087 898 3159 (8),
943 3104 1063 3156 ergo
1106 3105 1192 3156 per

207 3159 421 3211 eandem
463 3160 709 3214 habitavit
735 3164 784 3214 in
805 3162 1021 3214 Christ0.
1048 3163 1185 3215 loan.

211 3233 314 3284 ait:
349 3233 566 3285 Vidimus
586 3235 794 3302 ylariam
831 3237 956 3297 eius,
981 3237 1193 3306 ylariani

210 3307 349 3376 quasi
411 3305 657 3374 Uniqeniti
694 3326 724 3362 a
774 3310 920 3362 Patre
945 3353 957 3371 ‚
998 3311 1189 3379 plenum

249 3420 299 3466 111
326 3422 362 3462 3,
385 3429 420 3464 q.
446 3419 480 3463 ¹⁷,
504 3427 571 3456 art.
596 3421 629 3466 1,
654 3424 754 3459 ad.1.
850 3425 898 3468 (2)
922 3426 982 3460 Ad.
996 3425 1027 3460 2.

254 3465 306 3510 (3)
331 3465 423 3501 Ibid.
449 3466 492 3500 ad
516 3465 545 3500 3.
846 3469 899 3513 (4)
923 3471 1006 3513 Cap.
1033 3469 1087 3511 11,
1113 3469 1146 3506 2.

267 3510 302 3554 5)
330 3511 357 3544 Ι.
382 3509 463 3544 Cor.
490 3510 522 3552 3,
547 3510 601 3555 163
626 3511 660 3554 2,
683 3511 774 3546 Tim.
788 3512 820 3555 1,
846 3513 899 3547 14.

267 3555 304 3601 6)
327 3555 378 3590 Io.
406 3554 446 3599 1,
462 3554 517 3591 14.
848 3557 901 3602 (Ἰ)
924 3558 974 3594 10.
1000 3556 1034 3601 8,
1059 3556 1114 3594 46.

632 185 694 221 nr:
732 185 827 224 nuo
864 186 998 223 urst
1035 185 1223 223 numm
1261 183 1467 223 camenis
1506 171 1842 226 annumerant.

1272 266 1461 335 qratiae
1499 275 1543 319 et
1582 269 1798 322 veritatis
1848 267 1960 342 (6);
2002 273 2265 341 expressis

1273 356 1394 406 ergo
1419 342 1589 394 verbis
1628 341 1859 396 Christus
1893 345 2063 413 plenus
2097 352 2262 416 qratia

1273 414 1478 476 dicitur,
1501 421 1552 467 et
1571 415 1698 469 haec
1719 418 1978 486 plenitudo
2004 436 2070 473 ex
2094 437 2153 474 eo
2181 438 2262 490 pe-

1273 489 1416 550 titur‚
1461 490 1577 558 quia
1619 498 1696 543 est
1735 491 2040 559 Unigenitus
2078 494 2260 564 Patris;

1273 563 1389 615 talis
1428 570 1601 616 autem
1640 565 1736 619 fuit
1779 583 1811 619 a
1851 567 2012 636 primo
2051 569 2259 624 instanti

1271 638 1634 705 conceptionis.
1695 690 1700 695 .
2310 706 2313 707 ⁷

1343 711 1395 762 Ξ.
1442 710 1608 764 lesum
1672 711 1970 777 Christum„
2025 719 2259 786 quamvis

1271 791 1507 838 naturam
1551 786 1830 840 humanam
1868 791 2170 859 susceperit,
2228 808 2258 844 a

1271 866 1479 926 peccato
1530 867 1700 913 tamen
1766 863 1998 930 originali
2057 866 2256 933 penitus

1269 933 1552 986 immunem
1595 935 1768 996 luisse,
1813 937 1914 989 iam
1944 938 2257 993 demonstra·

1270 1014 1378 1060 tum
1419 1015 1514 1060 est.
1560 1008 1654 1061 Ast
1695 1017 1802 1062 tum
1841 1010 1895 1064 S.
1939 1011 2253 1080 Scripturae,

1268 1087 1376 1134 tum
1417 1082 1497 1136 Ss.
1567 1083 1777 1136 Patrum
1845 1087 2262 1141 testimonia·ibi·

1267 1157 1418 1208 citata
1460 1159 1745 1223 generatim
1787 1174 1936 1212 omne
1986 1169 2253 1228 peccatum

1265 1245 1294 1281 a
1335 1229 1535 1283 Christo
1576 1240 1880 1298 removent3
1924 1234 2103 1288 iisdem
2131 1252 2252 1304 ergo

1265 1303 1418 1356 etiam
1459 1306 1723 1373 probatur,
1777 1306 2033 1361 Christum
2098 1311 2252 1363 etiam

1265 1378 1327 1430 ab
1368 1381 1503 1431 omni
1546 1387 1753 1445 peccato
1798 1382 1984 1434 actuali
2048 1385 2253 1436 omnino

1264 1452 1489 1504 alienum
1528 1453 1702 1506 fuisse.
1745 1454 1864 1507 Ideo
1905 1454 2136 1509 Christus
2184 1459 2254 1510 in-

1264 1526 1575 1579 fensissimos
1614 1528 1705 1581 s-ibi
1747 1529 2067 1583 adversarios
2095 1532 2252 1583 liden-

1264 1607 1341 1652 ter
1380 1618 1657 1669 provocare
1682 1604 1843 1670 potuit
1865 1604 2098 1656 dicendo:
2132 1606 2249 1669 Quis

1261 1690 1322 1726 ea>
1347 1675 1471 1727 vobis
1510 1684 1679 1743 arquet
1706 1693 1778 1728 me
1817 1677 1871 1729 de
1905 1679 2124 1746 peccato?
2151 1678 2245 1750 (7).
2315 1710 2317 1712 ·

1262 1748 1377 1801 ldeo
1418 1750 1677 1818 discipulis
1716 1751 1820 1803 suis
1879 1752 2040 1805 dixit:
2116 1753 2251 1806 Venit

1254 1825 1476 1893 princeps
1502 1825 1672 1876 mundi
1694 1825 1859 1887 huius,
1881 1833 1925 1878 ee
1959 1828 2011 1878 in
2051 1842 2124 1878 me
2152 1844 2250 1881 non

1260 1898 1395 1950 habet
1415 1899 1680 1966 quidquam
1710 1898 1807 1970 (8),
1838 1900 1886 1951 id
1927 1907 2004 1953 est
2029 1941 2042 1963 ,
2082 1901 2132 1952 in
2168 1918 2250 1956 me
2331 1964 2332 1967 Ἴ

1262 1989 1357 2023 non
1390 1979 1467 2025 est
1490 1979 1775 2040 peccatum3
1808 1980 1946 2027 tanto
1968 1975 2103 2028 enim
2134 1976 2246 2043 plus

1259 2047 1340 2098 vel
1368 2048 1534 2100 minus
1562 2048 1611 2099 in
1641 2048 1810 2116 aliquo
1838 2048 2067 2103 diabolus
2095 2049 2245 2104 babet

1258 2122 1554 2189 quidquam,
1598 2130 1787 2190 quanto
1828 2123 1942 2191 plus
1971 2124 2051 2176 vel
2075 2125 2246 2178 minus
2319 2135 2327 2179 Γ

1258 2195 1439 2264 aliquis
1480 2202 1558 2248 est
1596 2203 1851 2264 peccator.
1898 2196 2013 2250 ldeo
2070 2213 2242 2252 coram

1259 2268 1455 2322 ludaeis
1496 2270 1695 2337 publice
1752 2277 2066 2324 contestatus
2130 2281 2239 2325 est:

1257 2343 1377 2412 Epo,
1421 2360 1546 2412 quae
1582 2344 1759 2412 placita
1796 2354 1911 2397 sunt
1967 2347 2011 2398 ei
2064 2344 2241 2418 (Patri)
2323 2403 2325 2409 Α

1253 2419 1378 2485 facio
1442 2434 1625 2487 semper
1681 2417 1777 2490 (9).
1844 2419 1962 2471 ldeo
2025 2420 2242 2489 denique
2316 2437 2332 2495 ς

1255 2491 1487 2544 Christus
1529 2509 1616 2559 per
1644 2492 2001 2545 excellentiam
2030 2491 2240 2546 Sanctus

1254 2565 1563 2625 Sanctorum,
1609 2567 1688 2618 vel
1729 2566 1971 2619 Sanctitas
2009 2569 2240 2620 sanctita·

1256 2648 1357 2692 lum
1385 2639 1520 2710 (10),
1576 2639 1837 2701 Sanctum
1877 2647 1955 2703 et,
1998 2639 2234 2701 Sanctus,

1255 2715 1511 2774 inuocem,
1557 2714 1854 2782 impollutus,
1898 2724 2170 2784 seqreqacus
2209 2732 2239 2768 a
2301 2782 2305 2787 .

1250 2787 1573 2860 peccatoribus
1592 2789 1641 2858 (1
1657 2786 1708 2858 l)
1733 2797 2074 2857 nuncupatur.
2103 2790 2238 2842 uivi-
2300 2790 2305 2809 ⁷

1255 2879 1317 2914 na
1359 2879 1478 2930 ergo
1500 2862 1743 2915 revelatio
1765 2863 1930 2923 docet,
1956 2863 2233 2926 Christum,

1253 2938 1401 2989 sicuti
1442 2953 1470 2988 a
1526 2937 1637 2990 labe
1677 2937 1929 3002 originali,
1972 2938 2041 2990 ita
2081 2939 2236 2990 etiam

1252 3012 1315 3063 ab
1366 3012 1502 3063 omni
1570 3012 1647 3063 vel
1708 3010 1964 3064 levissimo
2030 3018 2235 3079 peccato
2286 3079 2288 3084 ,

1252 3085 1439 3137 actuali
1481 3085 1682 3153 penitus
1722 3085 1999 3138 immunem
2057 3085 2230 3138 fuisse.
2284 3133 2285 3137 ,

1253 3159 1357 3211 Imo
1396 3160 1574 3211 eadem
1616 3159 1858 3212 revelatio
1900 3175 1989 3212 nos
2028 3158 2235 3212 credere

1255 3234 1411 3294 iubet,
1455 3232 1711 3285 Christum
1739 3241 1795 3286 ut
1822 3234 2077 3287 hominem
2107 3248 2247 3284 nun·
2276 3301 2278 3305 Ι

1252 3322 1404 3377 quam
1445 3323 1702 3376 peccasse,
1745 3308 1831 3361 sed
1892 3322 1956 3359 ne
2013 3307 2236 3375 potuisse
2267 3335 2277 3379 j

1297 3466 1344 3509 (8)
1370 3468 1418 3502 ιο.
1433 3466 1486 3509 ιι,
1512 3467 1564 3503 3ο.
1769 3484 1771 3486 -
1882 3465 1935 3512 (υ)
1958 3468 2058 3504 1oan.
2079 3465 2113 3511 8,
2137 3465 2194 3503 20.

1311 3511 1369 3556 ιο)
1395 3514 1483 3546 nan.
1510 3512 1545 3552 9,
1567 3518 1604 3546 et
1626 3513 1712 3548 Luc.
1738 3513 1773 3555 2,
1798 3510 1853 3548 35.

1313 3555 1366 3600 ιι)
1392 3557 1499 3591 fleur.
1513 3557 1545 3599 τ,
1570 3557 1625 3594 ιε.
