<?xml version="1.0" encoding="UTF-8"?>
<!DOCTYPE html PUBLIC "-//W3C//DTD XHTML 1.0 Transitional//EN"
    "http://www.w3.org/TR/xhtml1/DTD/xhtml1-transitional.dtd">
<html xmlns="http://www.w3.org/1999/xhtml" xml:lang="en" lang="en">
 <head>
  <title>
</title>
<meta http-equiv="Content-Type" content="text/html;charset=utf-8" />
  <meta name='ocr-system' content='tesseract 3.04.00' />
  <meta name='ocr-capabilities' content='ocr_page ocr_carea ocr_par ocr_line ocrx_word'/>
</head>
<body>
  <div class='ocr_page' id='page_1' title='image "./theologiae00knoluoft_0191.png"; bbox 0 0 2332 3860; ppageno 0'>
   <div class='ocr_carea' id='block_1_1' title="bbox 0 0 290 147">
    <p class='ocr_par' dir='ltr' id='par_1_1' title="bbox 0 0 290 147">
     <span class='ocr_line' id='line_1_1' title="bbox 0 0 290 83; baseline 0 -63"><span class='ocrx_word' id='word_1_1' title='bbox 0 0 10 20; x_wconf 63' lang='lat' dir='ltr'>r</span> <span class='ocrx_word' id='word_1_2' title='bbox 25 0 123 83; x_wconf 30' lang='lat' dir='ltr'>W*</span> <span class='ocrx_word' id='word_1_3' title='bbox 154 0 179 23; x_wconf 82' lang='grc'>·,</span> <span class='ocrx_word' id='word_1_4' title='bbox 244 1 247 6; x_wconf 67' lang='grc'><strong>’</strong></span> <span class='ocrx_word' id='word_1_5' title='bbox 287 0 290 3; x_wconf 72' lang='grc'>’</span> 
     </span>
     <span class='ocr_line' id='line_1_2' title="bbox 19 67 92 106; baseline 0.014 -1"><span class='ocrx_word' id='word_1_6' title='bbox 19 67 92 106; x_wconf 55' lang='lat' dir='ltr'>&#39;TRV‘JL</span> 
     </span>
     <span class='ocr_line' id='line_1_3' title="bbox 14 108 71 147; baseline 0 -12"><span class='ocrx_word' id='word_1_7' title='bbox 14 123 30 147; x_wconf 47' lang='lat' dir='ltr'>g</span> <span class='ocrx_word' id='word_1_8' title='bbox 53 108 71 135; x_wconf 77' lang='lat' dir='ltr'><strong><em>f</em></strong></span> 
     </span>
    </p>
   </div>
   <div class='ocr_carea' id='block_1_2' title="bbox 9 192 1060 3503">
    <p class='ocr_par' dir='ltr' id='par_1_2' title="bbox 9 192 1060 3503">
     <span class='ocr_line' id='line_1_4' title="bbox 16 192 1049 254; baseline -0.011 1"><span class='ocrx_word' id='word_1_9' title='bbox 16 193 43 207; x_wconf 69' lang='lat'>‘⁰</span> <span class='ocrx_word' id='word_1_10' title='bbox 64 195 427 254; x_wconf 78' lang='lat' dir='ltr'>immanentem</span> <span class='ocrx_word' id='word_1_11' title='bbox 453 203 546 247; x_wconf 81' lang='lat' dir='ltr'>seu</span> <span class='ocrx_word' id='word_1_12' title='bbox 586 193 844 245; x_wconf 84' lang='lat' dir='ltr'>internam</span> <span class='ocrx_word' id='word_1_13' title='bbox 871 192 1049 246; x_wconf 83' lang='lat' dir='ltr'>distin-</span> 
     </span>
     <span class='ocr_line' id='line_1_5' title="bbox 65 266 1049 343; baseline -0.008 -17"><span class='ocrx_word' id='word_1_14' title='bbox 65 274 171 343; x_wconf 84' lang='lat' dir='ltr'>gui·</span> <span class='ocrx_word' id='word_1_15' title='bbox 202 269 368 324; x_wconf 83' lang='lat' dir='ltr'>debet.</span> <span class='ocrx_word' id='word_1_16' title='bbox 426 266 688 320; x_wconf 89' lang='lat' dir='ltr'>Processio</span> <span class='ocrx_word' id='word_1_17' title='bbox 740 268 915 320; x_wconf 80' lang='lat' dir='ltr'>divina</span> <span class='ocrx_word' id='word_1_18' title='bbox 964 282 1049 319; x_wconf 73' lang='lat' dir='ltr'>ea·-</span> 
     </span>
     <span class='ocr_line' id='line_1_6' title="bbox 66 340 1048 410; baseline -0.008 -9"><span class='ocrx_word' id='word_1_19' title='bbox 66 355 203 403; x_wconf 76' lang='lat' dir='ltr'>terna</span> <span class='ocrx_word' id='word_1_20' title='bbox 237 342 325 397; x_wconf 85' lang='lat' dir='ltr'>illa</span> <span class='ocrx_word' id='word_1_21' title='bbox 351 348 448 402; x_wconf 88' lang='lat' dir='ltr'>est,</span> <span class='ocrx_word' id='word_1_22' title='bbox 493 356 593 410; x_wconf 86' lang='lat' dir='ltr'>qua</span> <span class='ocrx_word' id='word_1_23' title='bbox 639 340 716 403; x_wconf 83' lang='lat' dir='ltr'>fit,</span> <span class='ocrx_word' id='word_1_24' title='bbox 767 348 825 394; x_wconf 89' lang='lat' dir='ltr'>ut</span> <span class='ocrx_word' id='word_1_25' title='bbox 870 357 1048 394; x_wconf 90' lang='lat' dir='ltr'>omnes</span> 
     </span>
     <span class='ocr_line' id='line_1_7' title="bbox 9 414 1044 482; baseline -0.007 -8"><span class='ocrx_word' id='word_1_26' title='bbox 9 425 329 479; x_wconf 49' lang='lat' dir='ltr'>*creaturae</span> <span class='ocrx_word' id='word_1_27' title='bbox 355 431 384 468; x_wconf 88' lang='lat' dir='ltr'>a</span> <span class='ocrx_word' id='word_1_28' title='bbox 411 415 516 468; x_wconf 89' lang='lat' dir='ltr'>Deo</span> <span class='ocrx_word' id='word_1_29' title='bbox 543 414 796 482; x_wconf 82' lang='lat' dir='ltr'>originem</span> <span class='ocrx_word' id='word_1_30' title='bbox 817 415 1044 468; x_wconf 89' lang='lat' dir='ltr'>trahant.</span> 
     </span>
     <span class='ocr_line' id='line_1_8' title="bbox 65 490 1050 558; baseline -0.006 -11"><span class='ocrx_word' id='word_1_31' title='bbox 65 493 249 548; x_wconf 51' lang='lat' dir='ltr'>Omnia¹</span> <span class='ocrx_word' id='word_1_32' title='bbox 267 490 423 551; x_wconf 88' lang='lat' dir='ltr'>enim,</span> <span class='ocrx_word' id='word_1_33' title='bbox 454 504 586 558; x_wconf 87' lang='lat' dir='ltr'>quae</span> <span class='ocrx_word' id='word_1_34' title='bbox 626 490 823 543; x_wconf 88' lang='lat' dir='ltr'>entium</span> <span class='ocrx_word' id='word_1_35' title='bbox 851 490 1050 542; x_wconf 89' lang='lat' dir='ltr'>contin·</span> 
     </span>
     <span class='ocr_line' id='line_1_9' title="bbox 64 564 1049 637; baseline -0.004 -18"><span class='ocrx_word' id='word_1_36' title='bbox 64 566 290 637; x_wconf 84' lang='lat' dir='ltr'>gentium</span> <span class='ocrx_word' id='word_1_37' title='bbox 302 564 694 616; x_wconf 89' lang='lat' dir='ltr'>universitatem</span> <span class='ocrx_word' id='word_1_38' title='bbox 710 564 1049 629; x_wconf 87' lang='lat' dir='ltr'>constituunt,</span> 
     </span>
     <span class='ocr_line' id='line_1_10' title="bbox 65 637 1049 707; baseline -0.008 -11"><span class='ocrx_word' id='word_1_39' title='bbox 65 658 98 696; x_wconf 78' lang='lat' dir='ltr'>a:</span> <span class='ocrx_word' id='word_1_40' title='bbox 118 641 222 694; x_wconf 88' lang='lat' dir='ltr'>Deo</span> <span class='ocrx_word' id='word_1_41' title='bbox 251 644 390 698; x_wconf 90' lang='lat' dir='ltr'>sunt,</span> <span class='ocrx_word' id='word_1_42' title='bbox 447 653 612 707; x_wconf 89' lang='lat' dir='ltr'>neque</span> <span class='ocrx_word' id='word_1_43' title='bbox 643 644 844 705; x_wconf 88' lang='lat' dir='ltr'>praeter</span> <span class='ocrx_word' id='word_1_44' title='bbox 883 637 1049 689; x_wconf 91' lang='lat' dir='ltr'>Deum</span> 
     </span>
     <span class='ocr_line' id='line_1_11' title="bbox 65 711 1049 780; baseline -0.005 -11"><span class='ocrx_word' id='word_1_45' title='bbox 65 731 152 769; x_wconf 87' lang='lat' dir='ltr'>ens</span> <span class='ocrx_word' id='word_1_46' title='bbox 199 729 230 766; x_wconf 89' lang='lat' dir='ltr'>a</span> <span class='ocrx_word' id='word_1_47' title='bbox 273 729 328 765; x_wconf 91' lang='lat' dir='ltr'>se</span> <span class='ocrx_word' id='word_1_48' title='bbox 375 712 485 764; x_wconf 89' lang='lat' dir='ltr'>dari</span> <span class='ocrx_word' id='word_1_49' title='bbox 537 718 720 780; x_wconf 77' lang='lat' dir='ltr'>potest:</span> <span class='ocrx_word' id='word_1_50' title='bbox 775 711 1049 764; x_wconf 86' lang='lat' dir='ltr'>universae</span> 
     </span>
     <span class='ocr_line' id='line_1_12' title="bbox 64 785 1044 857; baseline -0.007 -14"><span class='ocrx_word' id='word_1_51' title='bbox 64 804 182 857; x_wconf 87' lang='lat' dir='ltr'>ergo</span> <span class='ocrx_word' id='word_1_52' title='bbox 208 794 477 839; x_wconf 78' lang='lat' dir='ltr'>creaturae</span> <span class='ocrx_word' id='word_1_53' title='bbox 518 802 547 838; x_wconf 90' lang='lat' dir='ltr'>a</span> <span class='ocrx_word' id='word_1_54' title='bbox 575 785 681 837; x_wconf 90' lang='lat' dir='ltr'>Deo</span> <span class='ocrx_word' id='word_1_55' title='bbox 720 785 1004 854; x_wconf 88' lang='lat' dir='ltr'>procedunt</span> <span class='ocrx_word' id='word_1_56' title='bbox 1032 826 1044 848; x_wconf 94' lang='lat'>,</span> 
     </span>
     <span class='ocr_line' id='line_1_13' title="bbox 66 861 1044 929; baseline -0.007 -12"><span class='ocrx_word' id='word_1_57' title='bbox 66 878 161 918; x_wconf 85' lang='lat' dir='ltr'>non</span> <span class='ocrx_word' id='word_1_58' title='bbox 194 867 370 914; x_wconf 85' lang='lat' dir='ltr'>autem</span> <span class='ocrx_word' id='word_1_59' title='bbox 425 862 748 929; x_wconf 82' lang='lat' dir='ltr'>processione</span> <span class='ocrx_word' id='word_1_60' title='bbox 800 861 1002 912; x_wconf 87' lang='lat' dir='ltr'>interna</span> <span class='ocrx_word' id='word_1_61' title='bbox 1032 899 1044 921; x_wconf 89' lang='lat'>,</span> 
     </span>
     <span class='ocr_line' id='line_1_14' title="bbox 63 933 1049 1003; baseline -0.006 -13"><span class='ocrx_word' id='word_1_62' title='bbox 63 937 148 993; x_wconf 84' lang='lat' dir='ltr'>scd</span> <span class='ocrx_word' id='word_1_63' title='bbox 178 942 414 997; x_wconf 86' lang='lat' dir='ltr'>externa,</span> <span class='ocrx_word' id='word_1_64' title='bbox 445 937 561 1003; x_wconf 92' lang='lat' dir='ltr'>quia</span> <span class='ocrx_word' id='word_1_65' title='bbox 601 950 700 986; x_wconf 92' lang='lat' dir='ltr'>non</span> <span class='ocrx_word' id='word_1_66' title='bbox 739 935 810 987; x_wconf 91' lang='lat' dir='ltr'>ita</span> <span class='ocrx_word' id='word_1_67' title='bbox 850 935 901 985; x_wconf 91' lang='lat' dir='ltr'>in</span> <span class='ocrx_word' id='word_1_68' title='bbox 944 933 1049 985; x_wconf 89' lang='lat' dir='ltr'>Deo</span> 
     </span>
     <span class='ocr_line' id='line_1_15' title="bbox 64 1009 1050 1076; baseline -0.006 -12"><span class='ocrx_word' id='word_1_69' title='bbox 64 1011 306 1069; x_wconf 81' lang='lat' dir='ltr'>existunt,</span> <span class='ocrx_word' id='word_1_70' title='bbox 339 1016 396 1061; x_wconf 89' lang='lat' dir='ltr'>ut</span> <span class='ocrx_word' id='word_1_71' title='bbox 430 1009 647 1061; x_wconf 87' lang='lat' dir='ltr'>eandem</span> <span class='ocrx_word' id='word_1_72' title='bbox 688 1025 805 1062; x_wconf 91' lang='lat' dir='ltr'>cum</span> <span class='ocrx_word' id='word_1_73' title='bbox 835 1010 942 1076; x_wconf 91' lang='lat' dir='ltr'>ipso</span> <span class='ocrx_word' id='word_1_74' title='bbox 971 1023 1050 1059; x_wconf 89' lang='lat' dir='ltr'>es-</span> 
     </span>
     <span class='ocr_line' id='line_1_16' title="bbox 62 1082 1049 1150; baseline -0.004 -14"><span class='ocrx_word' id='word_1_75' title='bbox 62 1085 277 1137; x_wconf 75' lang='lat' dir='ltr'>sentiam</span> <span class='ocrx_word' id='word_1_76' title='bbox 306 1083 549 1150; x_wconf 77' lang='lat' dir='ltr'>habeant.</span> <span class='ocrx_word' id='word_1_77' title='bbox 583 1083 846 1135; x_wconf 87' lang='lat' dir='ltr'>Processio</span> <span class='ocrx_word' id='word_1_78' title='bbox 874 1082 1049 1133; x_wconf 87' lang='lat' dir='ltr'>divina</span> 
     </span>
     <span class='ocr_line' id='line_1_17' title="bbox 63 1156 1049 1225; baseline -0.005 -14"><span class='ocrx_word' id='word_1_79' title='bbox 63 1160 254 1212; x_wconf 74' lang='lat' dir='ltr'>interna</span> <span class='ocrx_word' id='word_1_80' title='bbox 280 1158 366 1209; x_wconf 87' lang='lat' dir='ltr'>illa</span> <span class='ocrx_word' id='word_1_81' title='bbox 395 1164 488 1223; x_wconf 89' lang='lat' dir='ltr'>est,</span> <span class='ocrx_word' id='word_1_82' title='bbox 517 1172 614 1225; x_wconf 85' lang='lat' dir='ltr'>qua</span> <span class='ocrx_word' id='word_1_83' title='bbox 638 1156 712 1220; x_wconf 86' lang='lat' dir='ltr'>fit,</span> <span class='ocrx_word' id='word_1_84' title='bbox 740 1164 796 1208; x_wconf 92' lang='lat' dir='ltr'>ut</span> <span class='ocrx_word' id='word_1_85' title='bbox 822 1156 1049 1207; x_wconf 86' lang='lat' dir='ltr'>secunda</span> 
     </span>
     <span class='ocr_line' id='line_1_18' title="bbox 63 1231 1048 1301; baseline -0.003 -17"><span class='ocrx_word' id='word_1_86' title='bbox 63 1246 275 1301; x_wconf 90' lang='lat' dir='ltr'>persona</span> <span class='ocrx_word' id='word_1_87' title='bbox 322 1231 494 1282; x_wconf 88' lang='lat' dir='ltr'>divina</span> <span class='ocrx_word' id='word_1_88' title='bbox 534 1231 776 1299; x_wconf 89' lang='lat' dir='ltr'>procedat</span> <span class='ocrx_word' id='word_1_89' title='bbox 819 1247 847 1281; x_wconf 87' lang='lat' dir='ltr'>a</span> <span class='ocrx_word' id='word_1_90' title='bbox 888 1231 1048 1298; x_wconf 86' lang='lat' dir='ltr'>prima</span> 
     </span>
     <span class='ocr_line' id='line_1_19' title="bbox 62 1304 1049 1375; baseline -0.003 -17"><span class='ocrx_word' id='word_1_91' title='bbox 62 1322 150 1375; x_wconf 90' lang='lat' dir='ltr'>per</span> <span class='ocrx_word' id='word_1_92' title='bbox 187 1306 593 1372; x_wconf 79' lang='lat' dir='ltr'>generationem,</span> <span class='ocrx_word' id='word_1_93' title='bbox 646 1312 696 1357; x_wconf 89' lang='lat' dir='ltr'>et</span> <span class='ocrx_word' id='word_1_94' title='bbox 740 1304 888 1357; x_wconf 86' lang='lat' dir='ltr'>tertia</span> <span class='ocrx_word' id='word_1_95' title='bbox 938 1320 1049 1372; x_wconf 88' lang='lat' dir='ltr'>per·</span> 
     </span>
     <span class='ocr_line' id='line_1_20' title="bbox 63 1378 1050 1448; baseline -0.003 -16"><span class='ocrx_word' id='word_1_96' title='bbox 63 1395 183 1432; x_wconf 89' lang='lat' dir='ltr'>sona</span> <span class='ocrx_word' id='word_1_97' title='bbox 213 1379 385 1431; x_wconf 86' lang='lat' dir='ltr'>divina</span> <span class='ocrx_word' id='word_1_98' title='bbox 430 1378 673 1448; x_wconf 83' lang='lat' dir='ltr'>procedat</span> <span class='ocrx_word' id='word_1_99' title='bbox 717 1395 745 1430; x_wconf 90' lang='lat' dir='ltr'>a</span> <span class='ocrx_word' id='word_1_100' title='bbox 796 1378 958 1446; x_wconf 87' lang='lat' dir='ltr'>prima</span> <span class='ocrx_word' id='word_1_101' title='bbox 999 1384 1050 1429; x_wconf 87' lang='lat' dir='ltr'>et</span> 
     </span>
     <span class='ocr_line' id='line_1_21' title="bbox 61 1453 1049 1521; baseline -0.002 -16"><span class='ocrx_word' id='word_1_102' title='bbox 61 1453 284 1506; x_wconf 87' lang='lat' dir='ltr'>secunda</span> <span class='ocrx_word' id='word_1_103' title='bbox 321 1469 409 1520; x_wconf 91' lang='lat' dir='ltr'>per</span> <span class='ocrx_word' id='word_1_104' title='bbox 449 1454 798 1521; x_wconf 80' lang='lat' dir='ltr'>spirationem:</span> <span class='ocrx_word' id='word_1_105' title='bbox 844 1453 1049 1504; x_wconf 90' lang='lat' dir='ltr'>nomine</span> 
     </span>
     <span class='ocr_line' id='line_1_22' title="bbox 61 1527 1050 1594; baseline -0.001 -16"><span class='ocrx_word' id='word_1_106' title='bbox 61 1543 182 1594; x_wconf 80' lang='lat' dir='ltr'>ergo</span> <span class='ocrx_word' id='word_1_107' title='bbox 230 1527 381 1578; x_wconf 92' lang='lat' dir='ltr'>huius</span> <span class='ocrx_word' id='word_1_108' title='bbox 434 1528 666 1578; x_wconf 85' lang='lat' dir='ltr'>internae</span> <span class='ocrx_word' id='word_1_109' title='bbox 714 1528 1050 1594; x_wconf 79' lang='lat' dir='ltr'>processionis</span> 
     </span>
     <span class='ocr_line' id='line_1_23' title="bbox 60 1600 1050 1669; baseline -0.001 -16"><span class='ocrx_word' id='word_1_110' title='bbox 60 1600 362 1665; x_wconf 70' lang='lat' dir='ltr'>intelligitur</span> <span class='ocrx_word' id='word_1_111' title='bbox 412 1602 553 1669; x_wconf 85' lang='lat' dir='ltr'>origo</span> <span class='ocrx_word' id='word_1_112' title='bbox 605 1602 756 1651; x_wconf 87' lang='lat' dir='ltr'>unius</span> <span class='ocrx_word' id='word_1_113' title='bbox 804 1617 1050 1667; x_wconf 87' lang='lat' dir='ltr'>personae</span> 
     </span>
     <span class='ocr_line' id='line_1_24' title="bbox 62 1674 1052 1742; baseline 0 -16"><span class='ocrx_word' id='word_1_114' title='bbox 62 1675 265 1726; x_wconf 90' lang='lat' dir='ltr'>divinae</span> <span class='ocrx_word' id='word_1_115' title='bbox 293 1675 356 1726; x_wconf 89' lang='lat' dir='ltr'>ab</span> <span class='ocrx_word' id='word_1_116' title='bbox 385 1674 485 1726; x_wconf 86' lang='lat' dir='ltr'>alia</span> <span class='ocrx_word' id='word_1_117' title='bbox 516 1691 604 1742; x_wconf 88' lang='lat' dir='ltr'>per</span> <span class='ocrx_word' id='word_1_118' title='bbox 639 1674 947 1726; x_wconf 77' lang='lat' dir='ltr'>ineffabilem</span> <span class='ocrx_word' id='word_1_119' title='bbox 976 1691 1052 1726; x_wconf 91' lang='lat' dir='ltr'>es-</span> 
     </span>
     <span class='ocr_line' id='line_1_25' title="bbox 62 1748 1048 1801; baseline -0.001 -1"><span class='ocrx_word' id='word_1_120' title='bbox 62 1749 255 1801; x_wconf 82' lang='lat' dir='ltr'>sentiae</span> <span class='ocrx_word' id='word_1_121' title='bbox 267 1749 805 1799; x_wconf 85' lang='lat' dir='ltr'>communicationem.</span> <span class='ocrx_word' id='word_1_122' title='bbox 824 1748 1048 1800; x_wconf 84' lang='lat' dir='ltr'>—Snmmi</span> 
     </span>
     <span class='ocr_line' id='line_1_26' title="bbox 65 1821 1051 1889; baseline -0.001 -15"><span class='ocrx_word' id='word_1_123' title='bbox 65 1822 302 1874; x_wconf 86' lang='lat' dir='ltr'>momenti</span> <span class='ocrx_word' id='word_1_124' title='bbox 332 1829 430 1882; x_wconf 90' lang='lat' dir='ltr'>est,</span> <span class='ocrx_word' id='word_1_125' title='bbox 463 1829 519 1874; x_wconf 90' lang='lat' dir='ltr'>ut</span> <span class='ocrx_word' id='word_1_126' title='bbox 557 1821 751 1888; x_wconf 83' lang='lat' dir='ltr'>dupiex</span> <span class='ocrx_word' id='word_1_127' title='bbox 795 1824 1051 1889; x_wconf 86' lang='lat' dir='ltr'>processio</span> 
     </span>
     <span class='ocr_line' id='line_1_27' title="bbox 65 1896 1052 1948; baseline -0.002 0"><span class='ocrx_word' id='word_1_128' title='bbox 65 1896 234 1948; x_wconf 89' lang='lat' dir='ltr'>divina</span> <span class='ocrx_word' id='word_1_129' title='bbox 275 1903 489 1948; x_wconf 87' lang='lat' dir='ltr'>externa</span> <span class='ocrx_word' id='word_1_130' title='bbox 531 1903 581 1948; x_wconf 91' lang='lat' dir='ltr'>et</span> <span class='ocrx_word' id='word_1_131' title='bbox 622 1897 824 1948; x_wconf 89' lang='lat' dir='ltr'>interna</span> <span class='ocrx_word' id='word_1_132' title='bbox 854 1897 948 1947; x_wconf 90' lang='lat' dir='ltr'>rite</span> <span class='ocrx_word' id='word_1_133' title='bbox 977 1896 1052 1946; x_wconf 87' lang='lat' dir='ltr'>di-</span> 
     </span>
     <span class='ocr_line' id='line_1_28' title="bbox 14 1970 1044 2038; baseline -0.001 -16"><span class='ocrx_word' id='word_1_134' title='bbox 14 1990 16 1992; x_wconf 61' lang='grc'>’</span> <span class='ocrx_word' id='word_1_135' title='bbox 65 1972 373 2037; x_wconf 85' lang='lat' dir='ltr'>stinguatur‚</span> <span class='ocrx_word' id='word_1_136' title='bbox 406 1977 456 2022; x_wconf 92' lang='lat' dir='ltr'>et</span> <span class='ocrx_word' id='word_1_137' title='bbox 485 1977 700 2038; x_wconf 86' lang='lat' dir='ltr'>utraque</span> <span class='ocrx_word' id='word_1_138' title='bbox 722 1970 1044 2022; x_wconf 84' lang='lat' dir='ltr'>admittatur.</span> 
     </span>
     <span class='ocr_line' id='line_1_29' title="bbox 63 2042 1046 2111; baseline -0.001 -15"><span class='ocrx_word' id='word_1_139' title='bbox 63 2042 189 2096; x_wconf 88' lang='lat' dir='ltr'>Nam</span> <span class='ocrx_word' id='word_1_140' title='bbox 232 2046 272 2096; x_wconf 91' lang='lat' dir='ltr'>si</span> <span class='ocrx_word' id='word_1_141' title='bbox 321 2060 423 2096; x_wconf 90' lang='lat' dir='ltr'>una</span> <span class='ocrx_word' id='word_1_142' title='bbox 475 2045 557 2095; x_wconf 89' lang='lat' dir='ltr'>vel</span> <span class='ocrx_word' id='word_1_143' title='bbox 597 2045 758 2095; x_wconf 85' lang='lat' dir='ltr'>altera</span> <span class='ocrx_word' id='word_1_144' title='bbox 791 2051 1009 2111; x_wconf 83' lang='lat' dir='ltr'>negatur</span> <span class='ocrx_word' id='word_1_145' title='bbox 1035 2085 1046 2105; x_wconf 91' lang='lat'>,</span> 
     </span>
     <span class='ocr_line' id='line_1_30' title="bbox 66 2118 1046 2178; baseline -0.001 -9"><span class='ocrx_word' id='word_1_146' title='bbox 66 2119 144 2169; x_wconf 89' lang='lat' dir='ltr'>vel</span> <span class='ocrx_word' id='word_1_147' title='bbox 191 2134 289 2169; x_wconf 86' lang='lat' dir='ltr'>una</span> <span class='ocrx_word' id='word_1_148' title='bbox 337 2135 453 2170; x_wconf 92' lang='lat' dir='ltr'>cum</span> <span class='ocrx_word' id='word_1_149' title='bbox 481 2118 641 2170; x_wconf 85' lang='lat' dir='ltr'>altera</span> <span class='ocrx_word' id='word_1_150' title='bbox 670 2118 1046 2178; x_wconf 82' lang='lat' dir='ltr'>confundatur,</span> 
     </span>
     <span class='ocr_line' id='line_1_31' title="bbox 19 2191 1050 2260; baseline 0.001 -18"><span class='ocrx_word' id='word_1_151' title='bbox 19 2223 33 2230; x_wconf 28' lang='grc' dir='ltr'>κ</span> <span class='ocrx_word' id='word_1_152' title='bbox 64 2191 350 2257; x_wconf 84' lang='lat' dir='ltr'>gravissimi</span> <span class='ocrx_word' id='word_1_153' title='bbox 378 2208 577 2244; x_wconf 90' lang='lat' dir='ltr'>errores</span> <span class='ocrx_word' id='word_1_154' title='bbox 614 2199 920 2260; x_wconf 89' lang='lat' dir='ltr'>sequuntur.</span> <span class='ocrx_word' id='word_1_155' title='bbox 955 2191 1050 2253; x_wconf 88' lang='lat' dir='ltr'>Qui</span> 
     </span>
     <span class='ocr_line' id='line_1_32' title="bbox 67 2266 1051 2332; baseline 0.001 -16"><span class='ocrx_word' id='word_1_156' title='bbox 67 2271 221 2332; x_wconf 84' lang='lat' dir='ltr'>negat</span> <span class='ocrx_word' id='word_1_157' title='bbox 267 2267 639 2332; x_wconf 81' lang='lat' dir='ltr'>processionem</span> <span class='ocrx_word' id='word_1_158' title='bbox 686 2266 913 2318; x_wconf 90' lang='lat' dir='ltr'>divinam</span> <span class='ocrx_word' id='word_1_159' title='bbox 963 2283 1051 2317; x_wconf 81' lang='lat' dir='ltr'>ex-</span> 
     </span>
     <span class='ocr_line' id='line_1_33' title="bbox 66 2340 1050 2400; baseline 0 -10"><span class='ocrx_word' id='word_1_160' title='bbox 66 2345 303 2400; x_wconf 87' lang='lat' dir='ltr'>ternam,</span> <span class='ocrx_word' id='word_1_161' title='bbox 352 2347 442 2392; x_wconf 88' lang='lat' dir='ltr'>aut</span> <span class='ocrx_word' id='word_1_162' title='bbox 494 2340 626 2392; x_wconf 89' lang='lat' dir='ltr'>hanc</span> <span class='ocrx_word' id='word_1_163' title='bbox 678 2355 797 2391; x_wconf 91' lang='lat' dir='ltr'>eum</span> <span class='ocrx_word' id='word_1_164' title='bbox 850 2342 1050 2391; x_wconf 81' lang='lat' dir='ltr'>interna</span> 
     </span>
     <span class='ocr_line' id='line_1_34' title="bbox 66 2413 1054 2482; baseline 0.002 -18"><span class='ocrx_word' id='word_1_165' title='bbox 66 2413 344 2473; x_wconf 83' lang='lat' dir='ltr'>confundit,</span> <span class='ocrx_word' id='word_1_166' title='bbox 375 2413 660 2482; x_wconf 80' lang='lat' dir='ltr'>prolabitur</span> <span class='ocrx_word' id='word_1_167' title='bbox 698 2414 748 2465; x_wconf 92' lang='lat' dir='ltr'>in</span> <span class='ocrx_word' id='word_1_168' title='bbox 787 2414 1054 2481; x_wconf 49' lang='lat' dir='ltr'>,pantheis-</span> 
     </span>
     <span class='ocr_line' id='line_1_35' title="bbox 69 2489 1051 2556; baseline 0.001 -18"><span class='ocrx_word' id='word_1_169' title='bbox 69 2501 244 2548; x_wconf 87' lang='lat' dir='ltr'>mum,</span> <span class='ocrx_word' id='word_1_170' title='bbox 293 2490 378 2556; x_wconf 91' lang='lat' dir='ltr'>qui</span> <span class='ocrx_word' id='word_1_171' title='bbox 426 2489 621 2540; x_wconf 88' lang='lat' dir='ltr'>nullam</span> <span class='ocrx_word' id='word_1_172' title='bbox 674 2490 1051 2555; x_wconf 86' lang='lat' dir='ltr'>processionem</span> 
     </span>
     <span class='ocr_line' id='line_1_36' title="bbox 66 2560 1055 2622; baseline 0 -10"><span class='ocrx_word' id='word_1_173' title='bbox 66 2560 289 2613; x_wconf 86' lang='lat' dir='ltr'>divinam</span> <span class='ocrx_word' id='word_1_174' title='bbox 309 2562 372 2613; x_wconf 89' lang='lat' dir='ltr'>ad</span> <span class='ocrx_word' id='word_1_175' title='bbox 392 2569 538 2614; x_wconf 83' lang='lat' dir='ltr'>extra</span> <span class='ocrx_word' id='word_1_176' title='bbox 557 2563 854 2622; x_wconf 78' lang='lat' dir='ltr'>admitten5‚</span> <span class='ocrx_word' id='word_1_177' title='bbox 882 2578 1055 2614; x_wconf 87' lang='lat' dir='ltr'>neees-</span> 
     </span>
     <span class='ocr_line' id='line_1_37' title="bbox 67 2635 1052 2689; baseline 0.002 -3"><span class='ocrx_word' id='word_1_178' title='bbox 67 2635 199 2686; x_wconf 85' lang='lat' dir='ltr'>sario</span> <span class='ocrx_word' id='word_1_179' title='bbox 225 2636 396 2688; x_wconf 89' lang='lat' dir='ltr'>omnia</span> <span class='ocrx_word' id='word_1_180' title='bbox 441 2652 557 2687; x_wconf 90' lang='lat' dir='ltr'>cum</span> <span class='ocrx_word' id='word_1_181' title='bbox 606 2636 781 2689; x_wconf 89' lang='lat' dir='ltr'>divina</span> <span class='ocrx_word' id='word_1_182' title='bbox 830 2637 1052 2688; x_wconf 85' lang='lat' dir='ltr'>essentia</span> 
     </span>
     <span class='ocr_line' id='line_1_38' title="bbox 67 2707 1055 2778; baseline 0.004 -20"><span class='ocrx_word' id='word_1_183' title='bbox 67 2707 350 2760; x_wconf 83' lang='lat' dir='ltr'>confundit.</span> <span class='ocrx_word' id='word_1_184' title='bbox 393 2739 457 2748; x_wconf 89' lang='lat'>—</span> <span class='ocrx_word' id='word_1_185' title='bbox 499 2709 593 2771; x_wconf 87' lang='lat' dir='ltr'>Qui</span> <span class='ocrx_word' id='word_1_186' title='bbox 640 2717 813 2762; x_wconf 87' lang='lat' dir='ltr'>autem</span> <span class='ocrx_word' id='word_1_187' title='bbox 857 2726 1055 2778; x_wconf 86' lang='lat' dir='ltr'>proces-</span> 
     </span>
     <span class='ocr_line' id='line_1_39' title="bbox 22 2782 1050 2847; baseline 0.002 -13"><span class='ocrx_word' id='word_1_188' title='bbox 22 2831 31 2834; x_wconf 38' lang='lat'>-</span> <span class='ocrx_word' id='word_1_189' title='bbox 68 2783 262 2833; x_wconf 86' lang='lat' dir='ltr'>sionem</span> <span class='ocrx_word' id='word_1_190' title='bbox 291 2782 516 2834; x_wconf 87' lang='lat' dir='ltr'>divinam</span> <span class='ocrx_word' id='word_1_191' title='bbox 543 2785 797 2834; x_wconf 81' lang='lat' dir='ltr'>internam</span> <span class='ocrx_word' id='word_1_192' title='bbox 839 2792 1050 2847; x_wconf 73' lang='lat' dir='ltr'>negant,</span> 
     </span>
     <span class='ocr_line' id='line_1_40' title="bbox 69 2853 1051 2922; baseline 0.004 -16"><span class='ocrx_word' id='word_1_193' title='bbox 69 2853 228 2922; x_wconf 85' lang='lat' dir='ltr'>ipsam</span> <span class='ocrx_word' id='word_1_194' title='bbox 256 2853 557 2908; x_wconf 84' lang='lat' dir='ltr'>Trinitatem</span> <span class='ocrx_word' id='word_1_195' title='bbox 583 2873 611 2908; x_wconf 90' lang='lat' dir='ltr'>e</span> <span class='ocrx_word' id='word_1_196' title='bbox 641 2857 806 2909; x_wconf 90' lang='lat' dir='ltr'>medio</span> <span class='ocrx_word' id='word_1_197' title='bbox 844 2859 1051 2922; x_wconf 85' lang='lat' dir='ltr'>tollunt3</span> 
     </span>
     <span class='ocr_line' id='line_1_41' title="bbox 70 2929 1057 3001; baseline 0.003 -21"><span class='ocrx_word' id='word_1_198' title='bbox 70 2929 110 2980; x_wconf 89' lang='lat' dir='ltr'>si</span> <span class='ocrx_word' id='word_1_199' title='bbox 140 2929 275 2980; x_wconf 88' lang='lat' dir='ltr'>enim</span> <span class='ocrx_word' id='word_1_200' title='bbox 314 2946 340 2980; x_wconf 91' lang='lat' dir='ltr'>a</span> <span class='ocrx_word' id='word_1_201' title='bbox 371 2929 482 2982; x_wconf 79' lang='lat' dir='ltr'>Deo</span> <span class='ocrx_word' id='word_1_202' title='bbox 528 2930 654 2981; x_wconf 87' lang='lat' dir='ltr'>nibil</span> <span class='ocrx_word' id='word_1_203' title='bbox 702 2931 928 2998; x_wconf 84' lang='lat' dir='ltr'>procedit</span> <span class='ocrx_word' id='word_1_204' title='bbox 969 2949 1057 3001; x_wconf 90' lang='lat' dir='ltr'>per</span> 
     </span>
     <span class='ocr_line' id='line_1_42' title="bbox 71 3005 1057 3066; baseline 0.005 -13"><span class='ocrx_word' id='word_1_205' title='bbox 71 3005 585 3055; x_wconf 88' lang='lat' dir='ltr'>communicationem</span> <span class='ocrx_word' id='word_1_206' title='bbox 633 3005 919 3066; x_wconf 86' lang='lat' dir='ltr'>essentiae,</span> <span class='ocrx_word' id='word_1_207' title='bbox 971 3022 1057 3058; x_wconf 92' lang='lat' dir='ltr'>ne-</span> 
     </span>
     <span class='ocr_line' id='line_1_43' title="bbox 58 3076 1057 3147; baseline 0.007 -23"><span class='ocrx_word' id='word_1_208' title='bbox 58 3090 168 3143; x_wconf 87' lang='lat' dir='ltr'>que</span> <span class='ocrx_word' id='word_1_209' title='bbox 198 3076 353 3128; x_wconf 85' lang='lat' dir='ltr'>Filius</span> <span class='ocrx_word' id='word_1_210' title='bbox 379 3093 406 3128; x_wconf 89' lang='lat' dir='ltr'>a</span> <span class='ocrx_word' id='word_1_211' title='bbox 451 3077 602 3130; x_wconf 84' lang='lat' dir='ltr'>Patre</span> <span class='ocrx_word' id='word_1_212' title='bbox 630 3079 855 3145; x_wconf 83' lang='lat' dir='ltr'>genitus,</span> <span class='ocrx_word' id='word_1_213' title='bbox 894 3094 1057 3147; x_wconf 86' lang='lat' dir='ltr'>neque</span> 
     </span>
     <span class='ocr_line' id='line_1_44' title="bbox 71 3146 1057 3216; baseline 0.006 -16"><span class='ocrx_word' id='word_1_214' title='bbox 71 3146 288 3216; x_wconf 87' lang='lat' dir='ltr'>Spiritus</span> <span class='ocrx_word' id='word_1_215' title='bbox 312 3150 534 3203; x_wconf 90' lang='lat' dir='ltr'>Sanctus</span> <span class='ocrx_word' id='word_1_216' title='bbox 578 3168 608 3203; x_wconf 90' lang='lat' dir='ltr'>a</span> <span class='ocrx_word' id='word_1_217' title='bbox 658 3152 804 3204; x_wconf 87' lang='lat' dir='ltr'>Patre</span> <span class='ocrx_word' id='word_1_218' title='bbox 852 3160 903 3205; x_wconf 86' lang='lat' dir='ltr'>et</span> <span class='ocrx_word' id='word_1_219' title='bbox 931 3153 1057 3206; x_wconf 79' lang='lat' dir='ltr'>Filio</span> 
     </span>
     <span class='ocr_line' id='line_1_45' title="bbox 77 3224 1058 3288; baseline 0.007 -16"><span class='ocrx_word' id='word_1_220' title='bbox 77 3224 354 3288; x_wconf 87' lang='lat' dir='ltr'>procedens</span> <span class='ocrx_word' id='word_1_221' title='bbox 379 3232 476 3285; x_wconf 87' lang='lat' dir='ltr'>est,</span> <span class='ocrx_word' id='word_1_222' title='bbox 520 3233 571 3278; x_wconf 85' lang='lat' dir='ltr'>et</span> <span class='ocrx_word' id='word_1_223' title='bbox 598 3232 704 3278; x_wconf 88' lang='lat' dir='ltr'>tres</span> <span class='ocrx_word' id='word_1_224' title='bbox 730 3227 781 3278; x_wconf 89' lang='lat' dir='ltr'>in</span> <span class='ocrx_word' id='word_1_225' title='bbox 836 3224 957 3278; x_wconf 82' lang='lat' dir='ltr'>una‘</span> <span class='ocrx_word' id='word_1_226' title='bbox 981 3245 1058 3279; x_wconf 77' lang='lat' dir='ltr'>es-</span> 
     </span>
     <span class='ocr_line' id='line_1_46' title="bbox 75 3296 1058 3370; baseline 0.005 -23"><span class='ocrx_word' id='word_1_227' title='bbox 75 3296 239 3354; x_wconf 82' lang='lat' dir='ltr'>sentia</span> <span class='ocrx_word' id='word_1_228' title='bbox 275 3298 446 3351; x_wconf 89' lang='lat' dir='ltr'>divina</span> <span class='ocrx_word' id='word_1_229' title='bbox 497 3315 742 3366; x_wconf 79' lang='lat' dir='ltr'>personae</span> <span class='ocrx_word' id='word_1_230' title='bbox 790 3317 889 3354; x_wconf 89' lang='lat' dir='ltr'>non</span> <span class='ocrx_word' id='word_1_231' title='bbox 947 3318 1058 3370; x_wconf 86' lang='lat' dir='ltr'>pos-</span> 
     </span>
     <span class='ocr_line' id='line_1_47' title="bbox 76 3370 1060 3443; baseline 0.007 -25"><span class='ocrx_word' id='word_1_232' title='bbox 76 3373 196 3419; x_wconf 85' lang='lat' dir='ltr'>sunt</span> <span class='ocrx_word' id='word_1_233' title='bbox 221 3370 480 3436; x_wconf 76' lang='lat' dir='ltr'>distingui.</span> <span class='ocrx_word' id='word_1_234' title='bbox 525 3371 754 3442; x_wconf 87' lang='lat' dir='ltr'>Utraque</span> <span class='ocrx_word' id='word_1_235' title='bbox 792 3391 914 3442; x_wconf 79' lang='lat' dir='ltr'>ergo</span> <span class='ocrx_word' id='word_1_236' title='bbox 952 3393 1060 3443; x_wconf 88' lang='lat' dir='ltr'>pro-</span> 
     </span>
     <span class='ocr_line' id='line_1_48' title="bbox 77 3442 1057 3503; baseline 0.009 -9"><span class='ocrx_word' id='word_1_237' title='bbox 77 3442 235 3496; x_wconf 81' lang='lat' dir='ltr'>cessio</span> <span class='ocrx_word' id='word_1_238' title='bbox 260 3443 429 3500; x_wconf 78' lang='lat' dir='ltr'>divina</span> <span class='ocrx_word' id='word_1_239' title='bbox 473 3447 782 3502; x_wconf 85' lang='lat' dir='ltr'>declaranda</span> <span class='ocrx_word' id='word_1_240' title='bbox 828 3456 880 3503; x_wconf 86' lang='lat' dir='ltr'>et</span> <span class='ocrx_word' id='word_1_241' title='bbox 918 3465 1057 3503; x_wconf 89' lang='lat' dir='ltr'>com-</span> 
     </span>
    </p>
   </div>
   <div class='ocr_carea' id='block_1_3' title="bbox 662 105 1525 166">
    <p class='ocr_par' dir='ltr' id='par_1_3' title="bbox 662 105 1525 166">
     <span class='ocr_line' id='line_1_49' title="bbox 662 105 1525 166; baseline -0.003 -16"><span class='ocrx_word' id='word_1_242' title='bbox 662 109 781 150; x_wconf 69' lang='lat' dir='ltr'>mis</span> <span class='ocrx_word' id='word_1_243' title='bbox 817 110 853 151; x_wconf 85' lang='grc' dir='ltr'>ι.</span> <span class='ocrx_word' id='word_1_244' title='bbox 894 109 1061 154; x_wconf 70' lang='lat' dir='ltr'>smne</span> <span class='ocrx_word' id='word_1_245' title='bbox 1095 109 1152 164; x_wconf 76' lang='lat' dir='ltr'>ir.</span> <span class='ocrx_word' id='word_1_246' title='bbox 1196 109 1351 151; x_wconf 63' lang='lat' dir='ltr'>estur</span> <span class='ocrx_word' id='word_1_247' title='bbox 1385 105 1461 148; x_wconf 81' lang='lat' dir='ltr'>m.</span> <span class='ocrx_word' id='word_1_248' title='bbox 1522 163 1525 166; x_wconf 21' lang='grc' dir='ltr'>Ι</span> 
     </span>
    </p>
   </div>
   <div class='ocr_carea' id='block_1_4' title="bbox 1108 97 2128 3441">
    <p class='ocr_par' dir='ltr' id='par_1_4' title="bbox 1111 97 2128 542">
     <span class='ocr_line' id='line_1_50' title="bbox 1919 97 2025 148; baseline 0 0"><span class='ocrx_word' id='word_1_249' title='bbox 1919 97 2025 148; x_wconf 75' lang='lat'>183</span> 
     </span>
     <span class='ocr_line' id='line_1_51' title="bbox 1112 188 2105 262; baseline 0 -17"><span class='ocrx_word' id='word_1_250' title='bbox 1112 192 1374 262; x_wconf 83' lang='lat' dir='ltr'>probanda</span> <span class='ocrx_word' id='word_1_251' title='bbox 1413 197 1514 245; x_wconf 87' lang='lat' dir='ltr'>est:</span> <span class='ocrx_word' id='word_1_252' title='bbox 1556 188 1647 244; x_wconf 88' lang='lat' dir='ltr'>sed</span> <span class='ocrx_word' id='word_1_253' title='bbox 1676 190 1739 244; x_wconf 88' lang='lat' dir='ltr'>de</span> <span class='ocrx_word' id='word_1_254' title='bbox 1778 191 2105 260; x_wconf 81' lang='lat' dir='ltr'>processione</span> 
     </span>
     <span class='ocr_line' id='line_1_52' title="bbox 1111 263 2128 321; baseline 0 -2"><span class='ocrx_word' id='word_1_255' title='bbox 1111 268 1285 321; x_wconf 84' lang='lat' dir='ltr'>divina</span> <span class='ocrx_word' id='word_1_256' title='bbox 1312 273 1530 320; x_wconf 82' lang='lat' dir='ltr'>externa</span> <span class='ocrx_word' id='word_1_257' title='bbox 1555 267 1608 318; x_wconf 87' lang='lat' dir='ltr'>in</span> <span class='ocrx_word' id='word_1_258' title='bbox 1637 263 1864 318; x_wconf 81' lang='lat' dir='ltr'>secunda</span> <span class='ocrx_word' id='word_1_259' title='bbox 1891 266 2128 320; x_wconf 66' lang='lat' dir='ltr'>&#39;l&#39;heolonv</span> 
     </span>
     <span class='ocr_line' id='line_1_53' title="bbox 1111 334 2107 414; baseline 0.001 -22"><span class='ocrx_word' id='word_1_260' title='bbox 1111 342 1224 408; x_wconf 83' lang='lat' dir='ltr'>giae</span> <span class='ocrx_word' id='word_1_261' title='bbox 1250 341 1424 414; x_wconf 82' lang='lat' dir='ltr'>dogm.</span> <span class='ocrx_word' id='word_1_262' title='bbox 1461 345 1604 408; x_wconf 76' lang='lat' dir='ltr'>parte</span> <span class='ocrx_word' id='word_1_263' title='bbox 1632 334 1839 407; x_wconf 73' lang='lat' dir='ltr'>agetur-3</span> <span class='ocrx_word' id='word_1_264' title='bbox 1871 338 1954 391; x_wconf 84' lang='lat' dir='ltr'>hie</span> <span class='ocrx_word' id='word_1_265' title='bbox 1983 356 2107 393; x_wconf 91' lang='lat' dir='ltr'>vero</span> 
     </span>
     <span class='ocr_line' id='line_1_54' title="bbox 1111 411 2105 484; baseline 0.003 -19"><span class='ocrx_word' id='word_1_266' title='bbox 1111 416 1173 467; x_wconf 90' lang='lat' dir='ltr'>de</span> <span class='ocrx_word' id='word_1_267' title='bbox 1210 411 1621 484; x_wconf 78' lang='lat' dir='ltr'>processionibus</span> <span class='ocrx_word' id='word_1_268' title='bbox 1660 413 1849 466; x_wconf 86' lang='lat' dir='ltr'>divinis</span> <span class='ocrx_word' id='word_1_269' title='bbox 1888 413 2105 468; x_wconf 82' lang='lat' dir='ltr'>internis</span> 
     </span>
     <span class='ocr_line' id='line_1_55' title="bbox 1111 489 1788 542; baseline -0.006 0"><span class='ocrx_word' id='word_1_270' title='bbox 1111 496 1189 542; x_wconf 88' lang='lat' dir='ltr'>est</span> <span class='ocrx_word' id='word_1_271' title='bbox 1209 489 1585 542; x_wconf 91' lang='lat' dir='ltr'>disserendum.</span> <span class='ocrx_word' id='word_1_272' title='bbox 1785 505 1788 508; x_wconf 91' lang='grc'><em>·</em></span> 
     </span>
    </p>

    <p class='ocr_par' dir='ltr' id='par_1_5' title="bbox 1108 562 2119 2854">
     <span class='ocr_line' id='line_1_56' title="bbox 1185 562 2110 622; baseline -0.003 -6"><span class='ocrx_word' id='word_1_273' title='bbox 1185 563 1236 616; x_wconf 81' lang='lat'>5.</span> <span class='ocrx_word' id='word_1_274' title='bbox 1282 563 1361 615; x_wconf 83' lang='lat' dir='ltr'>Ex</span> <span class='ocrx_word' id='word_1_275' title='bbox 1395 563 1498 614; x_wconf 86' lang='lat' dir='ltr'>iam</span> <span class='ocrx_word' id='word_1_276' title='bbox 1539 562 1690 614; x_wconf 89' lang='lat' dir='ltr'>dictis</span> <span class='ocrx_word' id='word_1_277' title='bbox 1735 566 1959 622; x_wconf 87' lang='lat' dir='ltr'>constat,</span> <span class='ocrx_word' id='word_1_278' title='bbox 2004 567 2110 614; x_wconf 88' lang='lat' dir='ltr'>tres</span> 
     </span>
     <span class='ocr_line' id='line_1_57' title="bbox 1111 635 2108 705; baseline -0.003 -16"><span class='ocrx_word' id='word_1_279' title='bbox 1111 653 1223 689; x_wconf 89' lang='lat' dir='ltr'>esse</span> <span class='ocrx_word' id='word_1_280' title='bbox 1251 653 1498 705; x_wconf 84' lang='lat' dir='ltr'>personas</span> <span class='ocrx_word' id='word_1_281' title='bbox 1536 635 1741 688; x_wconf 89' lang='lat' dir='ltr'>divinas</span> <span class='ocrx_word' id='word_1_282' title='bbox 1784 635 1992 687; x_wconf 86' lang='lat' dir='ltr'>realiter</span> <span class='ocrx_word' id='word_1_283' title='bbox 2033 635 2108 687; x_wconf 92' lang='lat' dir='ltr'>di·</span> 
     </span>
     <span class='ocr_line' id='line_1_58' title="bbox 1111 709 2112 778; baseline -0.002 -15"><span class='ocrx_word' id='word_1_284' title='bbox 1111 712 1356 774; x_wconf 82' lang='lat' dir='ltr'>stinctas3</span> <span class='ocrx_word' id='word_1_285' title='bbox 1412 710 1500 762; x_wconf 91' lang='lat' dir='ltr'>sed</span> <span class='ocrx_word' id='word_1_286' title='bbox 1532 718 1636 763; x_wconf 88' lang='lat' dir='ltr'>tres</span> <span class='ocrx_word' id='word_1_287' title='bbox 1685 725 1934 778; x_wconf 84' lang='lat' dir='ltr'>personae</span> <span class='ocrx_word' id='word_1_288' title='bbox 1975 709 2112 761; x_wconf 87' lang='lat' dir='ltr'>inter</span> 
     </span>
     <span class='ocr_line' id='line_1_59' title="bbox 1111 783 2109 852; baseline -0.002 -15"><span class='ocrx_word' id='word_1_289' title='bbox 1111 800 1165 837; x_wconf 91' lang='lat' dir='ltr'>se</span> <span class='ocrx_word' id='word_1_290' title='bbox 1217 785 1609 852; x_wconf 85' lang='lat' dir='ltr'>distinguuntur</span> <span class='ocrx_word' id='word_1_291' title='bbox 1655 800 1754 836; x_wconf 87' lang='lat' dir='ltr'>non</span> <span class='ocrx_word' id='word_1_292' title='bbox 1821 783 2109 838; x_wconf 87' lang='lat' dir='ltr'>secundum</span> 
     </span>
     <span class='ocr_line' id='line_1_60' title="bbox 1109 858 2109 927; baseline -0.002 -16"><span class='ocrx_word' id='word_1_293' title='bbox 1109 860 1409 919; x_wconf 88' lang='lat' dir='ltr'>essentiam,</span> <span class='ocrx_word' id='word_1_294' title='bbox 1442 875 1575 927; x_wconf 88' lang='lat' dir='ltr'>quae</span> <span class='ocrx_word' id='word_1_295' title='bbox 1599 859 1650 911; x_wconf 94' lang='lat' dir='ltr'>in</span> <span class='ocrx_word' id='word_1_296' title='bbox 1679 858 1846 911; x_wconf 91' lang='lat' dir='ltr'>tribus</span> <span class='ocrx_word' id='word_1_297' title='bbox 1875 859 2109 926; x_wconf 87' lang='lat' dir='ltr'>personis</span> 
     </span>
     <span class='ocr_line' id='line_1_61' title="bbox 1112 932 2109 992; baseline -0.002 -7"><span class='ocrx_word' id='word_1_298' title='bbox 1112 949 1213 985; x_wconf 92' lang='lat' dir='ltr'>una</span> <span class='ocrx_word' id='word_1_299' title='bbox 1242 940 1293 986; x_wconf 88' lang='lat' dir='ltr'>et</span> <span class='ocrx_word' id='word_1_300' title='bbox 1333 932 1599 985; x_wconf 86' lang='lat' dir='ltr'>individua</span> <span class='ocrx_word' id='word_1_301' title='bbox 1648 939 1747 992; x_wconf 88' lang='lat' dir='ltr'>est,</span> <span class='ocrx_word' id='word_1_302' title='bbox 1801 932 1892 986; x_wconf 87' lang='lat' dir='ltr'>sed</span> <span class='ocrx_word' id='word_1_303' title='bbox 1933 932 2109 984; x_wconf 86' lang='lat' dir='ltr'>distin-</span> 
     </span>
     <span class='ocr_line' id='line_1_62' title="bbox 1110 1007 2110 1076; baseline -0.001 -17"><span class='ocrx_word' id='word_1_304' title='bbox 1110 1015 1340 1076; x_wconf 87' lang='lat' dir='ltr'>guuntur</span> <span class='ocrx_word' id='word_1_305' title='bbox 1370 1023 1459 1076; x_wconf 91' lang='lat' dir='ltr'>per</span> <span class='ocrx_word' id='word_1_306' title='bbox 1489 1007 1799 1068; x_wconf 80' lang='lat' dir='ltr'>relationeS,</span> <span class='ocrx_word' id='word_1_307' title='bbox 1854 1022 1941 1074; x_wconf 88' lang='lat' dir='ltr'>per</span> <span class='ocrx_word' id='word_1_308' title='bbox 1981 1021 2110 1074; x_wconf 84' lang='lat' dir='ltr'>quas</span> 
     </span>
     <span class='ocr_line' id='line_1_63' title="bbox 1112 1080 2110 1150; baseline -0.001 -17"><span class='ocrx_word' id='word_1_309' title='bbox 1112 1082 1187 1140; x_wconf 87' lang='lat' dir='ltr'>fit,</span> <span class='ocrx_word' id='word_1_310' title='bbox 1221 1090 1277 1133; x_wconf 93' lang='lat' dir='ltr'>ut</span> <span class='ocrx_word' id='word_1_311' title='bbox 1309 1098 1523 1150; x_wconf 80' lang='lat' dir='ltr'>persona</span> <span class='ocrx_word' id='word_1_312' title='bbox 1570 1083 1731 1149; x_wconf 86' lang='lat' dir='ltr'>prima</span> <span class='ocrx_word' id='word_1_313' title='bbox 1779 1096 1880 1133; x_wconf 90' lang='lat' dir='ltr'>non</span> <span class='ocrx_word' id='word_1_314' title='bbox 1927 1080 1994 1132; x_wconf 87' lang='lat' dir='ltr'>sit</span> <span class='ocrx_word' id='word_1_315' title='bbox 2031 1096 2110 1132; x_wconf 90' lang='lat' dir='ltr'>se·</span> 
     </span>
     <span class='ocr_line' id='line_1_64' title="bbox 1111 1155 2103 1217; baseline -0.001 -10"><span class='ocrx_word' id='word_1_316' title='bbox 1111 1156 1300 1217; x_wconf 89' lang='lat' dir='ltr'>cunda,</span> <span class='ocrx_word' id='word_1_317' title='bbox 1333 1162 1384 1208; x_wconf 87' lang='lat' dir='ltr'>et</span> <span class='ocrx_word' id='word_1_318' title='bbox 1411 1155 1638 1207; x_wconf 86' lang='lat' dir='ltr'>secunda</span> <span class='ocrx_word' id='word_1_319' title='bbox 1669 1170 1772 1206; x_wconf 88' lang='lat' dir='ltr'>non</span> <span class='ocrx_word' id='word_1_320' title='bbox 1820 1156 1886 1206; x_wconf 91' lang='lat' dir='ltr'>sit</span> <span class='ocrx_word' id='word_1_321' title='bbox 1932 1155 2103 1206; x_wconf 87' lang='lat' dir='ltr'>tertia.</span> 
     </span>
     <span class='ocr_line' id='line_1_65' title="bbox 1112 1229 2110 1296; baseline -0.003 -13"><span class='ocrx_word' id='word_1_322' title='bbox 1112 1229 1258 1283; x_wconf 89' lang='lat' dir='ltr'>Unde</span> <span class='ocrx_word' id='word_1_323' title='bbox 1286 1231 1438 1282; x_wconf 87' lang='lat' dir='ltr'>etiam</span> <span class='ocrx_word' id='word_1_324' title='bbox 1467 1229 1519 1281; x_wconf 91' lang='lat' dir='ltr'>S.</span> <span class='ocrx_word' id='word_1_325' title='bbox 1575 1229 1780 1280; x_wconf 79' lang='lat' dir='ltr'>Thomas</span> <span class='ocrx_word' id='word_1_326' title='bbox 1819 1229 1962 1290; x_wconf 81' lang='lat' dir='ltr'>dicit,</span> <span class='ocrx_word' id='word_1_327' title='bbox 1995 1244 2110 1296; x_wconf 90' lang='lat' dir='ltr'>per·</span> 
     </span>
     <span class='ocr_line' id='line_1_66' title="bbox 1112 1303 2109 1356; baseline -0.001 -1"><span class='ocrx_word' id='word_1_328' title='bbox 1112 1319 1291 1356; x_wconf 91' lang='lat' dir='ltr'>sonam</span> <span class='ocrx_word' id='word_1_329' title='bbox 1320 1305 1371 1355; x_wconf 90' lang='lat' dir='ltr'>in</span> <span class='ocrx_word' id='word_1_330' title='bbox 1406 1304 1591 1356; x_wconf 90' lang='lat' dir='ltr'>divinis</span> <span class='ocrx_word' id='word_1_331' title='bbox 1632 1320 1731 1355; x_wconf 89' lang='lat' dir='ltr'>non</span> <span class='ocrx_word' id='word_1_332' title='bbox 1761 1319 1874 1356; x_wconf 90' lang='lat' dir='ltr'>esse</span> <span class='ocrx_word' id='word_1_333' title='bbox 1903 1303 1999 1355; x_wconf 91' lang='lat' dir='ltr'>nisi</span> <span class='ocrx_word' id='word_1_334' title='bbox 2030 1318 2109 1355; x_wconf 91' lang='lat' dir='ltr'>re-</span> 
     </span>
     <span class='ocr_line' id='line_1_67' title="bbox 1115 1377 2110 1431; baseline 0.003 -3"><span class='ocrx_word' id='word_1_335' title='bbox 1115 1379 1357 1430; x_wconf 89' lang='lat' dir='ltr'>lationem</span> <span class='ocrx_word' id='word_1_336' title='bbox 1407 1379 1774 1430; x_wconf 87' lang='lat' dir='ltr'>subsistentem</span> <span class='ocrx_word' id='word_1_337' title='bbox 1820 1379 1869 1429; x_wconf 92' lang='lat' dir='ltr'>in</span> <span class='ocrx_word' id='word_1_338' title='bbox 1932 1377 2110 1431; x_wconf 83' lang='lat' dir='ltr'>divina</span> 
     </span>
     <span class='ocr_line' id='line_1_68' title="bbox 1114 1451 2109 1505; baseline 0 -1"><span class='ocrx_word' id='word_1_339' title='bbox 1114 1460 1318 1504; x_wconf 86' lang='lat' dir='ltr'>natura.</span> <span class='ocrx_word' id='word_1_340' title='bbox 1355 1453 1490 1505; x_wconf 89' lang='lat' dir='ltr'>lstae</span> <span class='ocrx_word' id='word_1_341' title='bbox 1517 1459 1692 1504; x_wconf 89' lang='lat' dir='ltr'>autem</span> <span class='ocrx_word' id='word_1_342' title='bbox 1719 1451 1998 1503; x_wconf 88' lang='lat' dir='ltr'>relationes</span> <span class='ocrx_word' id='word_1_343' title='bbox 2023 1466 2109 1504; x_wconf 90' lang='lat' dir='ltr'>co-</span> 
     </span>
     <span class='ocr_line' id='line_1_69' title="bbox 1112 1525 2110 1595; baseline -0.001 -17"><span class='ocrx_word' id='word_1_344' title='bbox 1112 1534 1433 1591; x_wconf 69' lang='lat' dir='ltr'>gnoscuntur</span> <span class='ocrx_word' id='word_1_345' title='bbox 1462 1542 1551 1595; x_wconf 88' lang='lat' dir='ltr'>per</span> <span class='ocrx_word' id='word_1_346' title='bbox 1593 1527 1966 1595; x_wconf 81' lang='lat' dir='ltr'>processioneS,</span> <span class='ocrx_word' id='word_1_347' title='bbox 1998 1525 2110 1594; x_wconf 88' lang='lat' dir='ltr'>qui-</span> 
     </span>
     <span class='ocr_line' id='line_1_70' title="bbox 1113 1600 2108 1668; baseline -0.001 -17"><span class='ocrx_word' id='word_1_348' title='bbox 1113 1602 1207 1652; x_wconf 89' lang='lat' dir='ltr'>bus</span> <span class='ocrx_word' id='word_1_349' title='bbox 1237 1617 1336 1652; x_wconf 88' lang='lat' dir='ltr'>una</span> <span class='ocrx_word' id='word_1_350' title='bbox 1367 1617 1583 1668; x_wconf 86' lang='lat' dir='ltr'>persona</span> <span class='ocrx_word' id='word_1_351' title='bbox 1631 1602 1696 1652; x_wconf 90' lang='lat' dir='ltr'>ab</span> <span class='ocrx_word' id='word_1_352' title='bbox 1743 1600 1907 1652; x_wconf 88' lang='lat' dir='ltr'>altera</span> <span class='ocrx_word' id='word_1_353' title='bbox 1951 1600 2108 1668; x_wconf 81' lang='lat' dir='ltr'>origi-</span> 
     </span>
     <span class='ocr_line' id='line_1_71' title="bbox 1115 1674 2110 1727; baseline -0.001 -2"><span class='ocrx_word' id='word_1_354' title='bbox 1115 1690 1230 1726; x_wconf 89' lang='lat' dir='ltr'>nem</span> <span class='ocrx_word' id='word_1_355' title='bbox 1260 1675 1432 1726; x_wconf 85' lang='lat' dir='ltr'>habet.</span> <span class='ocrx_word' id='word_1_356' title='bbox 1479 1674 1574 1726; x_wconf 84' lang='lat' dir='ltr'>Ast</span> <span class='ocrx_word' id='word_1_357' title='bbox 1627 1675 1771 1727; x_wconf 86' lang='lat' dir='ltr'>iuxta</span> <span class='ocrx_word' id='word_1_358' title='bbox 1819 1674 2110 1727; x_wconf 90' lang='lat' dir='ltr'>doctrinam</span> 
     </span>
     <span class='ocr_line' id='line_1_72' title="bbox 1115 1748 2109 1800; baseline -0.001 0"><span class='ocrx_word' id='word_1_359' title='bbox 1115 1749 1460 1800; x_wconf 83' lang='lat' dir='ltr'>Revelationis</span> <span class='ocrx_word' id='word_1_360' title='bbox 1489 1749 1621 1799; x_wconf 90' lang='lat' dir='ltr'>duae</span> <span class='ocrx_word' id='word_1_361' title='bbox 1667 1748 1857 1800; x_wconf 91' lang='lat' dir='ltr'>dantur</span> <span class='ocrx_word' id='word_1_362' title='bbox 1901 1749 1951 1800; x_wconf 92' lang='lat' dir='ltr'>in</span> <span class='ocrx_word' id='word_1_363' title='bbox 1981 1748 2109 1799; x_wconf 90' lang='lat' dir='ltr'>divi-</span> 
     </span>
     <span class='ocr_line' id='line_1_73' title="bbox 1114 1823 2109 1889; baseline 0 -16"><span class='ocrx_word' id='word_1_364' title='bbox 1114 1824 1191 1873; x_wconf 90' lang='lat' dir='ltr'>nis</span> <span class='ocrx_word' id='word_1_365' title='bbox 1223 1823 1593 1889; x_wconf 88' lang='lat' dir='ltr'>processiones:</span> <span class='ocrx_word' id='word_1_366' title='bbox 1640 1823 1804 1889; x_wconf 85' lang='lat' dir='ltr'>prima</span> <span class='ocrx_word' id='word_1_367' title='bbox 1851 1829 1928 1874; x_wconf 89' lang='lat' dir='ltr'>est</span> <span class='ocrx_word' id='word_1_368' title='bbox 1972 1836 2109 1887; x_wconf 73' lang='lat' dir='ltr'>qene-</span> 
     </span>
     <span class='ocr_line' id='line_1_74' title="bbox 1112 1895 2105 1964; baseline 0.001 -17"><span class='ocrx_word' id='word_1_369' title='bbox 1112 1897 1259 1956; x_wconf 77' lang='lat' dir='ltr'>rati0‚</span> <span class='ocrx_word' id='word_1_370' title='bbox 1287 1912 1386 1964; x_wconf 90' lang='lat' dir='ltr'>qua</span> <span class='ocrx_word' id='word_1_371' title='bbox 1415 1895 1640 1948; x_wconf 90' lang='lat' dir='ltr'>secunda</span> <span class='ocrx_word' id='word_1_372' title='bbox 1687 1911 1902 1963; x_wconf 82' lang='lat' dir='ltr'>persona</span> <span class='ocrx_word' id='word_1_373' title='bbox 1932 1911 2105 1962; x_wconf 90' lang='lat' dir='ltr'>proee-</span> 
     </span>
     <span class='ocr_line' id='line_1_75' title="bbox 1113 1969 2105 2037; baseline 0 -16"><span class='ocrx_word' id='word_1_374' title='bbox 1113 1970 1186 2022; x_wconf 88' lang='lat' dir='ltr'>dit</span> <span class='ocrx_word' id='word_1_375' title='bbox 1214 1987 1240 2021; x_wconf 84' lang='lat' dir='ltr'>a</span> <span class='ocrx_word' id='word_1_376' title='bbox 1272 1972 1457 2037; x_wconf 89' lang='lat' dir='ltr'>prima,</span> <span class='ocrx_word' id='word_1_377' title='bbox 1489 1977 1541 2022; x_wconf 85' lang='lat' dir='ltr'>et</span> <span class='ocrx_word' id='word_1_378' title='bbox 1570 1970 1681 2022; x_wconf 89' lang='lat' dir='ltr'>ideo</span> <span class='ocrx_word' id='word_1_379' title='bbox 1708 1969 1871 2022; x_wconf 66' lang='lat' dir='ltr'>Filius</span> <span class='ocrx_word' id='word_1_380' title='bbox 1898 1970 2105 2033; x_wconf 86' lang='lat' dir='ltr'>dicitur3</span> 
     </span>
     <span class='ocr_line' id='line_1_76' title="bbox 1112 2044 2111 2112; baseline -0.001 -16"><span class='ocrx_word' id='word_1_381' title='bbox 1112 2044 1338 2096; x_wconf 83' lang='lat' dir='ltr'>secunda</span> <span class='ocrx_word' id='word_1_382' title='bbox 1367 2044 1668 2112; x_wconf 72' lang='lat' dir='ltr'>simpliciter</span> <span class='ocrx_word' id='word_1_383' title='bbox 1711 2045 1969 2112; x_wconf 79' lang='lat' dir='ltr'>processi0‚</span> <span class='ocrx_word' id='word_1_384' title='bbox 2018 2060 2111 2096; x_wconf 88' lang='lat' dir='ltr'>seu</span> 
     </span>
     <span class='ocr_line' id='line_1_77' title="bbox 1108 2119 2110 2187; baseline 0.001 -19"><span class='ocrx_word' id='word_1_385' title='bbox 1108 2119 1447 2185; x_wconf 78' lang='lat' dir='ltr'>procedentia,</span> <span class='ocrx_word' id='word_1_386' title='bbox 1492 2134 1584 2171; x_wconf 90' lang='lat' dir='ltr'>seu</span> <span class='ocrx_word' id='word_1_387' title='bbox 1629 2119 1835 2187; x_wconf 77' lang='lat' dir='ltr'>spiratio</span> <span class='ocrx_word' id='word_1_388' title='bbox 1883 2119 2110 2170; x_wconf 90' lang='lat' dir='ltr'>nomina·</span> 
     </span>
     <span class='ocr_line' id='line_1_78' title="bbox 1116 2191 2112 2260; baseline 0 -17"><span class='ocrx_word' id='word_1_389' title='bbox 1116 2200 1217 2252; x_wconf 87' lang='lat' dir='ltr'>tur,</span> <span class='ocrx_word' id='word_1_390' title='bbox 1249 2209 1348 2260; x_wconf 87' lang='lat' dir='ltr'>qua</span> <span class='ocrx_word' id='word_1_391' title='bbox 1380 2195 1530 2245; x_wconf 88' lang='lat' dir='ltr'>tertia</span> <span class='ocrx_word' id='word_1_392' title='bbox 1561 2208 1778 2260; x_wconf 89' lang='lat' dir='ltr'>persona</span> <span class='ocrx_word' id='word_1_393' title='bbox 1805 2192 1842 2246; x_wconf 84' lang='lat' dir='ltr'>i.</span> <span class='ocrx_word' id='word_1_394' title='bbox 1874 2208 1922 2244; x_wconf 89' lang='lat' dir='ltr'>e.</span> <span class='ocrx_word' id='word_1_395' title='bbox 1955 2191 2112 2260; x_wconf 88' lang='lat' dir='ltr'>Spiri-</span> 
     </span>
     <span class='ocr_line' id='line_1_79' title="bbox 1116 2266 2112 2334; baseline 0 -16"><span class='ocrx_word' id='word_1_396' title='bbox 1116 2274 1196 2318; x_wconf 86' lang='lat' dir='ltr'>tus</span> <span class='ocrx_word' id='word_1_397' title='bbox 1235 2266 1460 2319; x_wconf 89' lang='lat' dir='ltr'>Sanetus</span> <span class='ocrx_word' id='word_1_398' title='bbox 1501 2283 1529 2318; x_wconf 90' lang='lat' dir='ltr'>a</span> <span class='ocrx_word' id='word_1_399' title='bbox 1569 2267 1732 2334; x_wconf 88' lang='lat' dir='ltr'>prima</span> <span class='ocrx_word' id='word_1_400' title='bbox 1780 2273 1832 2318; x_wconf 87' lang='lat' dir='ltr'>et</span> <span class='ocrx_word' id='word_1_401' title='bbox 1880 2266 2112 2318; x_wconf 89' lang='lat' dir='ltr'>secunda</span> 
     </span>
     <span class='ocr_line' id='line_1_80' title="bbox 1117 2340 2111 2408; baseline 0 -17"><span class='ocrx_word' id='word_1_402' title='bbox 1117 2341 1360 2407; x_wconf 88' lang='lat' dir='ltr'>procedit.</span> <span class='ocrx_word' id='word_1_403' title='bbox 1412 2340 1526 2392; x_wconf 89' lang='lat' dir='ltr'>Tria</span> <span class='ocrx_word' id='word_1_404' title='bbox 1573 2347 1694 2392; x_wconf 90' lang='lat' dir='ltr'>sunt</span> <span class='ocrx_word' id='word_1_405' title='bbox 1740 2356 1863 2405; x_wconf 80' lang='lat' dir='ltr'>ergo</span> <span class='ocrx_word' id='word_1_406' title='bbox 1908 2340 1971 2392; x_wconf 89' lang='lat' dir='ltr'>de</span> <span class='ocrx_word' id='word_1_407' title='bbox 2001 2356 2111 2408; x_wconf 90' lang='lat' dir='ltr'>pro-</span> 
     </span>
     <span class='ocr_line' id='line_1_81' title="bbox 1114 2414 2113 2477; baseline 0.001 -11"><span class='ocrx_word' id='word_1_408' title='bbox 1114 2415 1430 2467; x_wconf 80' lang='lat' dir='ltr'>cessionibus</span> <span class='ocrx_word' id='word_1_409' title='bbox 1458 2415 1643 2466; x_wconf 86' lang='lat' dir='ltr'>divinis</span> <span class='ocrx_word' id='word_1_410' title='bbox 1671 2414 1909 2477; x_wconf 69' lang='lat' dir='ltr'>dogmata</span> <span class='ocrx_word' id='word_1_411' title='bbox 1940 2414 2113 2467; x_wconf 84' lang='lat' dir='ltr'>catho-</span> 
     </span>
     <span class='ocr_line' id='line_1_82' title="bbox 1118 2488 2112 2557; baseline 0.001 -18"><span class='ocrx_word' id='word_1_412' title='bbox 1118 2489 1241 2550; x_wconf 84' lang='lat' dir='ltr'>lica,</span> <span class='ocrx_word' id='word_1_413' title='bbox 1293 2488 1492 2540; x_wconf 89' lang='lat' dir='ltr'>scilieet</span> <span class='ocrx_word' id='word_1_414' title='bbox 1547 2489 1599 2557; x_wconf 80' lang='lat' dir='ltr'>l)</span> <span class='ocrx_word' id='word_1_415' title='bbox 1640 2488 1846 2539; x_wconf 77' lang='lat' dir='ltr'>secunda</span> <span class='ocrx_word' id='word_1_416' title='bbox 1904 2488 2112 2540; x_wconf 83' lang='lat' dir='ltr'>Persona</span> 
     </span>
     <span class='ocr_line' id='line_1_83' title="bbox 1115 2559 2112 2630; baseline 0.002 -18"><span class='ocrx_word' id='word_1_417' title='bbox 1115 2571 1180 2614; x_wconf 81' lang='lat' dir='ltr'>est</span> <span class='ocrx_word' id='word_1_418' title='bbox 1227 2565 1388 2628; x_wconf 73' lang='lat' dir='ltr'>qcnita</span> <span class='ocrx_word' id='word_1_419' title='bbox 1442 2579 1472 2614; x_wconf 85' lang='lat' dir='ltr'>a</span> <span class='ocrx_word' id='word_1_420' title='bbox 1522 2563 1705 2630; x_wconf 83' lang='lat' dir='ltr'>prima,</span> <span class='ocrx_word' id='word_1_421' title='bbox 1749 2577 1842 2613; x_wconf 85' lang='lat' dir='ltr'>seu</span> <span class='ocrx_word' id='word_1_422' title='bbox 1880 2559 2112 2614; x_wconf 65' lang='lat' dir='ltr'>Filius‘a</span> 
     </span>
     <span class='ocr_line' id='line_1_84' title="bbox 1119 2636 2109 2704; baseline 0.001 -17"><span class='ocrx_word' id='word_1_423' title='bbox 1119 2638 1257 2687; x_wconf 83' lang='lat' dir='ltr'>Patre</span> <span class='ocrx_word' id='word_1_424' title='bbox 1314 2637 1528 2704; x_wconf 75' lang='lat' dir='ltr'>procedit</span> <span class='ocrx_word' id='word_1_425' title='bbox 1580 2651 1669 2704; x_wconf 84' lang='lat' dir='ltr'>per·</span> <span class='ocrx_word' id='word_1_426' title='bbox 1723 2636 2109 2702; x_wconf 82' lang='lat' dir='ltr'>qenerationcm,</span> 
     </span>
     <span class='ocr_line' id='line_1_85' title="bbox 1116 2709 2119 2778; baseline 0.001 -16"><span class='ocrx_word' id='word_1_427' title='bbox 1116 2712 1167 2777; x_wconf 59' lang='lat' dir='ltr'>Q)</span> <span class='ocrx_word' id='word_1_428' title='bbox 1189 2710 1404 2778; x_wconf 71' lang='lat' dir='ltr'>Spiritus</span> <span class='ocrx_word' id='word_1_429' title='bbox 1429 2709 1635 2763; x_wconf 75' lang='lat' dir='ltr'>Sanctus</span> <span class='ocrx_word' id='word_1_430' title='bbox 1660 2711 1874 2778; x_wconf 77' lang='lat' dir='ltr'>procedit</span> <span class='ocrx_word' id='word_1_431' title='bbox 1894 2725 1924 2761; x_wconf 82' lang='grc' dir='ltr'>ιι</span> <span class='ocrx_word' id='word_1_432' title='bbox 1943 2709 2119 2777; x_wconf 61' lang='grc' dir='ltr'><em>Ραινθ,</em></span> 
     </span>
     <span class='ocr_line' id='line_1_86' title="bbox 1117 2783 1962 2854; baseline 0 -18"><span class='ocrx_word' id='word_1_433' title='bbox 1117 2792 1167 2837; x_wconf 88' lang='lat' dir='ltr'>et</span> <span class='ocrx_word' id='word_1_434' title='bbox 1209 2785 1263 2854; x_wconf 79' lang='lat'>5)</span> <span class='ocrx_word' id='word_1_435' title='bbox 1300 2786 1519 2852; x_wconf 77' lang='lat' dir='ltr'>procedit</span> <span class='ocrx_word' id='word_1_436' title='bbox 1554 2787 1702 2836; x_wconf 75' lang='lat' dir='ltr'>etiam</span> <span class='ocrx_word' id='word_1_437' title='bbox 1742 2800 1773 2835; x_wconf 88' lang='lat' dir='ltr'>a</span> <span class='ocrx_word' id='word_1_438' title='bbox 1811 2783 1962 2836; x_wconf 78' lang='lat' dir='ltr'>Filio,</span> 
     </span>
    </p>

    <p class='ocr_par' dir='ltr' id='par_1_6' title="bbox 1119 2857 2119 3441">
     <span class='ocr_line' id='line_1_87' title="bbox 1189 2857 2114 2926; baseline 0.001 -16"><span class='ocrx_word' id='word_1_439' title='bbox 1189 2859 1339 2910; x_wconf 82' lang='lat' dir='ltr'>Nota.</span> <span class='ocrx_word' id='word_1_440' title='bbox 1387 2860 1553 2910; x_wconf 81' lang='lat' dir='ltr'>Prima</span> <span class='ocrx_word' id='word_1_441' title='bbox 1602 2874 1818 2926; x_wconf 83' lang='lat' dir='ltr'>persona</span> <span class='ocrx_word' id='word_1_442' title='bbox 1868 2857 2044 2910; x_wconf 89' lang='lat' dir='ltr'>divina</span> <span class='ocrx_word' id='word_1_443' title='bbox 2083 2875 2114 2911; x_wconf 87' lang='lat' dir='ltr'>a</span> 
     </span>
     <span class='ocr_line' id='line_1_88' title="bbox 1121 2930 2116 2999; baseline 0.001 -16"><span class='ocrx_word' id='word_1_444' title='bbox 1121 2932 1260 2984; x_wconf 90' lang='lat' dir='ltr'>nulla</span> <span class='ocrx_word' id='word_1_445' title='bbox 1307 2933 1407 2984; x_wconf 89' lang='lat' dir='ltr'>alia</span> <span class='ocrx_word' id='word_1_446' title='bbox 1463 2932 1717 2999; x_wconf 69' lang='lat' dir='ltr'>procedit.¹</span> <span class='ocrx_word' id='word_1_447' title='bbox 1771 2931 1826 2983; x_wconf 86' lang='lat' dir='ltr'>ld</span> <span class='ocrx_word' id='word_1_448' title='bbox 1882 2930 2116 2985; x_wconf 86' lang='lat' dir='ltr'>Christus</span> 
     </span>
     <span class='ocr_line' id='line_1_89' title="bbox 1119 3003 2119 3074; baseline 0 -16"><span class='ocrx_word' id='word_1_449' title='bbox 1119 3008 1363 3074; x_wconf 82' lang='lat' dir='ltr'>exprimit</span> <span class='ocrx_word' id='word_1_450' title='bbox 1390 3006 1585 3058; x_wconf 86' lang='lat' dir='ltr'>dicens:</span> <span class='ocrx_word' id='word_1_451' title='bbox 1619 3003 1770 3057; x_wconf 74' lang='lat' dir='ltr'>Pater</span> <span class='ocrx_word' id='word_1_452' title='bbox 1810 3005 1947 3058; x_wconf 80' lang='lat' dir='ltr'>habet</span> <span class='ocrx_word' id='word_1_453' title='bbox 1971 3007 2119 3059; x_wconf 80' lang='lat' dir='ltr'>vitam</span> 
     </span>
     <span class='ocr_line' id='line_1_90' title="bbox 1120 3078 2119 3150; baseline 0.002 -20"><span class='ocrx_word' id='word_1_454' title='bbox 1120 3081 1172 3131; x_wconf 79' lang='lat' dir='ltr'>in</span> <span class='ocrx_word' id='word_1_455' title='bbox 1196 3082 1448 3147; x_wconf 76' lang='lat' dir='ltr'>semetipso</span> <span class='ocrx_word' id='word_1_456' title='bbox 1489 3078 1584 3150; x_wconf 90' lang='grc' dir='ltr'><strong>(Ι).</strong></span> <span class='ocrx_word' id='word_1_457' title='bbox 1621 3079 1739 3131; x_wconf 86' lang='lat' dir='ltr'>ldeo</span> <span class='ocrx_word' id='word_1_458' title='bbox 1768 3081 1923 3132; x_wconf 88' lang='lat' dir='ltr'>etiam</span> <span class='ocrx_word' id='word_1_459' title='bbox 1967 3080 2119 3132; x_wconf 88' lang='lat' dir='ltr'>Pater</span> 
     </span>
     <span class='ocr_line' id='line_1_91' title="bbox 1121 3154 2118 3222; baseline 0.002 -18"><span class='ocrx_word' id='word_1_460' title='bbox 1121 3155 1308 3205; x_wconf 90' lang='lat' dir='ltr'>dicitur</span> <span class='ocrx_word' id='word_1_461' title='bbox 1336 3154 1602 3221; x_wconf 68' lang='lat' dir='ltr'>inqcnitzw,</span> <span class='ocrx_word' id='word_1_462' title='bbox 1647 3154 2002 3222; x_wconf 77' lang='lat' dir='ltr'>improductuS,</span> <span class='ocrx_word' id='word_1_463' title='bbox 2041 3154 2118 3206; x_wconf 82' lang='lat' dir='ltr'>in-</span> 
     </span>
     <span class='ocr_line' id='line_1_92' title="bbox 1119 3227 2118 3295; baseline 0.002 -18"><span class='ocrx_word' id='word_1_464' title='bbox 1119 3227 1387 3279; x_wconf 65' lang='lat' dir='ltr'>nascibilis</span> <span class='ocrx_word' id='word_1_465' title='bbox 1423 3227 1649 3279; x_wconf 76' lang='lat' dir='ltr'>Ecclesia</span> <span class='ocrx_word' id='word_1_466' title='bbox 1678 3228 1727 3279; x_wconf 80' lang='lat' dir='ltr'>id</span> <span class='ocrx_word' id='word_1_467' title='bbox 1766 3228 2038 3295; x_wconf 83' lang='lat' dir='ltr'>profitetur</span> <span class='ocrx_word' id='word_1_468' title='bbox 2066 3229 2118 3280; x_wconf 90' lang='lat' dir='ltr'>in</span> 
     </span>
     <span class='ocr_line' id='line_1_93' title="bbox 1120 3301 2118 3369; baseline 0 -18"><span class='ocrx_word' id='word_1_469' title='bbox 1120 3301 1353 3369; x_wconf 87' lang='lat' dir='ltr'>symbolo</span> <span class='ocrx_word' id='word_1_470' title='bbox 1383 3302 1632 3355; x_wconf 81' lang='lat' dir='ltr'>Athanas.</span> <span class='ocrx_word' id='word_1_471' title='bbox 1667 3302 1876 3354; x_wconf 89' lang='lat' dir='ltr'>dicens:</span> <span class='ocrx_word' id='word_1_472' title='bbox 1922 3302 2064 3354; x_wconf 81' lang='lat' dir='ltr'>Pater</span> <span class='ocrx_word' id='word_1_473' title='bbox 2089 3320 2118 3351; x_wconf 79' lang='grc' dir='ltr'><em>α</em></span> 
     </span>
     <span class='ocr_line' id='line_1_94' title="bbox 1122 3375 2119 3441; baseline 0.001 -16"><span class='ocrx_word' id='word_1_474' title='bbox 1122 3375 1252 3426; x_wconf 70' lang='lat' dir='ltr'>nollo</span> <span class='ocrx_word' id='word_1_475' title='bbox 1292 3383 1359 3424; x_wconf 70' lang='lat' dir='ltr'>est</span> <span class='ocrx_word' id='word_1_476' title='bbox 1397 3377 1588 3441; x_wconf 57' lang='lat' dir='ltr'>frictus,</span> <span class='ocrx_word' id='word_1_477' title='bbox 1631 3392 1713 3429; x_wconf 82' lang='lat' dir='ltr'>nec</span> <span class='ocrx_word' id='word_1_478' title='bbox 1752 3384 1974 3438; x_wconf 59' lang='lat' dir='ltr'>creatam,</span> <span class='ocrx_word' id='word_1_479' title='bbox 2036 3387 2119 3427; x_wconf 81' lang='lat' dir='ltr'>nec</span> 
     </span>
    </p>
   </div>
   <div class='ocr_carea' id='block_1_5' title="bbox 1178 3475 1442 3520">
    <p class='ocr_par' dir='ltr' id='par_1_7' title="bbox 1178 3475 1442 3520">
     <span class='ocr_line' id='line_1_95' title="bbox 1178 3475 1442 3520; baseline 0 -8"><span class='ocrx_word' id='word_1_480' title='bbox 1178 3475 1232 3512; x_wconf 72' lang='lat' dir='ltr'>(l)</span> <span class='ocrx_word' id='word_1_481' title='bbox 1256 3477 1309 3512; x_wconf 91' lang='lat' dir='ltr'>Io.</span> <span class='ocrx_word' id='word_1_482' title='bbox 1331 3475 1365 3520; x_wconf 65' lang='grc' dir='ltr'>ὅ,</span> <span class='ocrx_word' id='word_1_483' title='bbox 1389 3475 1442 3514; x_wconf 72' lang='grc'>96.</span> 
     </span>
    </p>
   </div>
  </div>
 </body>
</html>
