2332 3860
749 129 866 192 »Ans
902 152 974 191 ui.
1018 153 1186 197 sterio*
1223 153 1279 191 n..
1311 152 1479 190 -cnu'r
1516 153 1592 194 ni.
1633 181 1653 186 .,

2019 133 2126 191 ⁸83
2184 135 2186 137 ’

171 233 633 304 yoriumMssseg.»
653 239 789 304 past.
825 231 920 305 (l).
942 233 1000 287 S.
1031 234 1152 288 Ber·
1212 194 1948 297 catorum,etbenedictionem
1969 229 2196 295 divinam
2251 262 2254 267 -
2286 204 2288 206 Ι

169 309 379 361 nardum
414 306 488 379 (2)
525 309 738 376 Semper
776 308 932 374 igitur
971 309 1022 365 in
1061 307 1155 369 Ec-
1195 309 1504 375 impetrare.
1545 306 1706 359 Levit.
1751 307 1836 373 Π,
1876 308 1947 367 20
1987 306 2195 372 legi-tur:

170 380 324 437 clesia
350 383 537 443 summi
568 383 811 441 momenti
841 382 1152 450 praedicatio

169 456 310 509 verbi
347 455 440 509 Dei
475 455 651 514 habita
676 464 754 508 est
767 474 782 518 3
824 472 886 508 ac
915 457 1055 508 varia
1094 455 1155 508 E-

169 529 486 599 piscoporum
507 537 559 583 et
581 527 921 583 Conciliorum
949 530 1152 583 decreta

168 604 348 671 quibus
386 605 480 658 fuit
519 603 794 665 inculcata,
832 603 1154 658 confirmavit

167 675 439 733 Concilium
481 677 819 731 Tridentinum
866 676 963 746 (5).

544 802 583 860 ς
613 801 753 849 29⁵.

193 890 241 927 11,
263 892 314 927 De
337 891 545 927 sacerdotio
568 891 675 936 legali
697 892 734 926 in
760 891 919 927 Ecclesia
942 891 1123 930 instituto.

238 973 365 1028 Cum
388 975 582 1044 Religio
611 992 712 1029 non
739 975 904 1028 solum
933 976 1153 1039 interna,

167 1049 255 1101 sed
315 1051 470 1103 etiam
526 1057 740 1104 externa
778 1052 844 1104 sit
889 1056 1149 1118 oporteat,

168 1130 219 1175 et
256 1123 308 1175 in
349 1125 456 1192 ipsa
495 1124 664 1177 cultus
693 1124 780 1177 Dei
823 1131 1071 1176 externus
1106 1130 1155 1175 et

166 1197 402 1264 publicus
442 1199 733 1267 requiratur
773 1198 885 1268 (li);
948 1198 1155 1252 omnino

167 1286 376 1324 necesse
416 1279 513 1333 est,
559 1280 615 1325 ut
640 1274 690 1325 in
720 1273 958 1339 religiosa
997 1274 1156 1324 socie·

166 1351 272 1397 tate
313 1345 442 1399 tales
480 1347 746 1410 existant,
801 1348 886 1415 qui
928 1348 1155 1413 legitima

167 1426 420 1487 potestate
480 1421 675 1474 cultum
737 1420 827 1474 Dei
881 1429 1155 1475 externum

166 1493 388 1561 dirigant
426 1502 478 1547 et
534 1495 912 1548 administrent.
977 1496 1035 1547 In
1075 1512 1181 1565 pe·¹

166 1568 302 1620 riodo
323 1569 650 1637 patriarchali
679 1577 847 1638 patres
874 1571 979 1623 suis
1007 1572 1054 1622 in
1087 1571 1156 1622 sa·

165 1643 317 1694 miliis
376 1641 538 1696 officio
596 1645 920 1697 sacerdotum
979 1645 1158 1709 funge-

165 1715 371 1774 bantur,
416 1726 466 1768 et
505 1718 616 1770 ideo
657 1719 903 1784 Noatmm,
942 1718 1159 1771 Abraha-

165 1806 318 1850 mnm‚
351 1791 593 1853 Iacobum,
624 1792 811 1854 Iobnm,
845 1800 896 1846 et
917 1793 1043 1845 alios
1071 1811 1155 1860 pro

167 1865 272 1916 suis
314 1865 520 1917 familiis
559 1866 874 1920 sacrificasse
915 1868 1151 1935 legimus·⁸

165 1937 224 1989 In
248 1940 446 2008 periodo
473 1943 707 2002 mosaica,
740 1944 980 2010 quoniam
1022 1944 1157 1994 natio

167 2011 439 2066 israelitica
483 2016 623 2068 rudis
664 2023 714 2068 et
763 2017 825 2069 ad
868 2016 1156 2069 idolatriam

142 2102 325 2155 [prona
366 2103 549 2155 magno
589 2092 1030 2143 caeremoniarum
1071 2108 1158 2159 ap·

169 2169 350 2227 paratu
411 2163 703 2228 indigebat,
783 2166 1158 2218 administratio

169 2235 340 2287 cultus
370 2238 569 2288 externi
598 2239 829 2307 integrae
859 2241 1007 2291 tribui
1041 2240 1155 2291 Levi

169 2325 258 2376 per
298 2311 520 2379 reliquas
547 2313 710 2364 tribus
738 2315 994 2380 dispersae
1022 2330 1158 2366 com-

171 2384 323 2436 missa
365 2385 476 2436 fuit.
510 2416 580 2425 —
608 2384 841 2439 Christus
879 2404 1080 2456 quoque
1108 2392 1157 2440 in

170 2457 397 2511 Ecclesia
439 2475 530 2512 sua
571 2460 915 2513 Sacerdotium
956 2470 1006 2514 et
1052 2464 1161 2531 qui-

171 2532 287 2585 dem
346 2534 836 2588 excellentissimum
902 2537 1156 2598 instituit,

172 2622 263 2674 per
301 2607 434 2675 quod
466 2625 632 2678 preces
659 2609 879 2679 publicae
905 2612 966 2662 ad
997 2611 1159 2663 Deum

173 2681 495 2747 dirigantur,
562 2685 856 2755 sacrificium
914 2687 1162 2738 nobilissi-

173 2770 312 2806 mum
353 2756 627 2820 offeratur,
671 2765 722 2812 et
759 2770 1060 2812 sacramenta
1098 2761 1165 2812 ef·

173 2829 474 2882 ficacissima
515 2833 864 2887 conferantur.
922 2834 1016 2887 Per
1064 2836 1163 2888 tale

175 2910 348 2957 autem
401 2906 745 2963 sacerdotium
785 2909 940 2962 finem
991 2909 1164 2962 Eccle-

175 2979 301 3039 siae,
344 2995 436 3031 seu
476 2981 795 3049 spiritualem
823 2990 875 3035 et
900 2990 1162 3036 aeternam

175 3050 440 3106 bominum
504 3056 723 3109 salutem
790 3058 1011 3111 maxime
1052 3075 1167 3128 pro-

177 3128 392 3188 moveri,
436 3128 582 3185 facile
625 3131 885 3197 probatur.

255 3201 306 3254 l.
351 3202 428 3254 Ad
461 3205 751 3259 sacerdotes
790 3213 986 3275 spectat
1025 3224 1167 3262 orare

177 3291 266 3345 pro
277 3276 473 3346 populo,
503 3286 657 3348 atque
685 3279 804 3333 huic
831 3282 1034 3336 veniam
1052 3299 1168 3352 pec·

227 3435 280 3480 (1)
303 3437 389 3472 Pars
410 3437 443 3478 3,
465 3448 544 3483 cap.
568 3440 624 3474 25.

228 3480 281 3525 (2)
304 3482 418 3516 serm.
444 3481 488 3517 28
510 3484 546 3517 in
571 3485 671 3520 Cant.
697 3489 735 3519 et
762 3485 864 3528 epist.
897 3487 941 3521 66
964 3487 1008 3521 ad
1042 3487 1166 3522 Gautr.

227 3525 280 3568 (ἐὴ
303 3526 397 3562 sees.
419 3526 464 3562 24
483 3529 529 3564 de
547 3528 740 3564 aeramnae.
766 3538 841 3572 cap.
855 3529 888 3564 ί..

1215 381 1434 449 Royante.
1454 382 1657 450 pro‚ei·s
1702 378 1960 438 Sacerdote
1983 420 1996 439 ,
2037 379 2200 448 propi-

1215 461 1311 508 tius
1336 456 1430 509 erit
1453 455 1525 518 eis
1549 453 1811 515 Dominus;
1846 460 1897 507 et
1923 469 2074 506 versu
2103 453 2195 505 ‘262

1215 529 1399 597 roqabit
1428 545 1523 598 pro
1572 528 1640 581 eis
1684 527 1914 581 Sacerdos
1939 569 1951 588 ‚
2010 535 2054 579 et
2109 542 2200 593 pro

1212 612 1398 671 peccato
1462 603 1586 664 eius,
1628 609 1671 654 et
1699 602 1969 661 dimittetur
2025 601 2072 653 ei
2099 599 2196 670 (ὅ).

1219 678 1315 729 loel
1359 677 1421 738 ll,
1468 677 1534 728 17
1576 676 1791 737 dicitur:
1836 675 1970 728 Inter
2009 674 2204 727 vestiba-

1217 753 1319 803 tum
1357 760 1401 803 et
1446 750 1601 803 altare
1634 749 1894 819 plorabunt
1939 750 2205 808 sacerdotes

1215 826 1434 877 ministri
1471 823 1698 885 Domini,
1738 832 1781 876 et
1824 824 2012 884 dicent:
2058 822 2206 874 Parce

1217 899 1450 959 Domine,
1488 915 1635 969 parce
1686 897 1866 967 populo
1907 906 2022 950 tuo:
2069 906 2111 948 et
2150 913 2209 949 ne

1215 973 1294 1025 des
1354 974 1699 1027 haereditatem
1758 981 1892 1025 tuam
1931 973 1986 1023 in
2039 985 2208 1039 oppro-

1217 1047 1398 1109 brium,
1431 1055 1483 1100 ut
1523 1049 1834 1103 dominentur
1859 1047 1927 1098 eis
1965 1049 2203 1106 nationes.

1216 1123 1544 1174 —Christus
1581 1124 1690 1190 ipse
1749 1120 1999 1177 Sacerdos
2039 1119 2209 1171 excel·

1218 1196 1531 1249 lentissimus
1553 1203 1603 1249 et
1624 1196 1852 1248 omnium
1887 1193 2211 1251 sacerdotum

1218 1272 1483 1338 exemplar
1523 1287 1612 1338 pro
1672 1270 1964 1324 hominibus
2003 1268 2207 1332 oravit3

1217 1362 1368 1414 quem
1398 1346 1580 1397 imitati
1622 1343 1848 1412 Apostoli
1890 1343 2212 1411 elemosyna·-

1219 1436 1330 1472 rum
1373 1420 1779 1472 distributionem
1820 1418 2058 1470 Diaconis
2080 1432 2215 1469 com·

1220 1497 1470 1547 miserunt
1511 1493 1758 1546 dicentes:
1805 1493 1907 1546 Nos
1949 1508 2056 1544 vero
2107 1507 2216 1544 orap

1221 1570 1341 1621 tioni
1375 1578 1416 1620 et
1456 1568 1596 1620 verbo
1637 1567 1730 1620 Dei
1772 1569 2002 1620 instantes
2029 1566 2215 1624 erimus

1221 1642 1313 1713 (ὓ).
1361 1642 1660 1696 Rectissime
1701 1642 1857 1707 igitur
1883 1641 1937 1694 S.
1985 1641 2214 1693 Ecclesia

1220 1719 1470 1770 catholica
1511 1735 1540 1769 a
1580 1716 1779 1768 Christo
1832 1723 1882 1767 et
1927 1715 2117 1783 Spiritu
2156 1714 2210 1777 S,

1220 1794 1412 1844 directa
1452 1792 1802 1844 sacerdotibus
1850 1790 2116 1857 praecipit,
2159 1795 2219 1841 ut

1221 1868 1450 1918 divinum
1488 1865 1710 1918 officium
1749 1865 1931 1917 devote
1974 1865 2210 1916 recitent.

1219 1942 1382 2005 Quam
1447 1941 1809 2007 obligationem
1877 1945 1987 2007 post
2053 1938 2215 1990 multa

1223 2015 1639 2083 praecedentium
1667 2013 2010 2066 Conciliorum
2047 2013 2214 2065 decre·

1222 2098 1268 2142 ta
1301 2097 1484 2158 urgent
1509 2087 1655 2140 Cone.
1683 2089 2031 2141 Lateranensis
2053 2096 2214 2155 quarti

1224 2166 1417 2217 Patres:
1441 2165 1656 2215 districtc
1677 2164 2026 2233 praecipientes
2050 2165 2099 2212 in
2122 2161 2218 2213 vir-

1222 2249 1319 2291 tute
1347 2238 1654 2296 obedientiae,
1690 2246 1738 2287 nt
1758 2237 1980 2301 divinam
2002 2236 2218 2305 officium

1224 2321 1426 2366 nocturn
1435 2329 1517 2364 nm
1531 2313 1719 2379 pariter
1736 2320 1777 2362 et
1795 2312 1845 2362 di
1852 2326 2053 2368 arnum,
2068 2326 2219 2378 qnan-

1223 2397 1327 2438 tum
1355 2388 1422 2439 eis
1462 2388 1644 2437 dederit
1685 2386 1836 2445 Dens,
1868 2385 2076 2436 studiose
2103 2385 2217 2449 cele-

1223 2463 1355 2514 brent
1373 2462 1562 2529 pariter
1580 2468 1623 2512 et
1644 2460 1820 2511 devote.
1841 2489 1884 2499 —
1903 2458 2075 2521 Oratio
2092 2458 2218 2510 haec

1223 2536 1591 2593 sacerdotibus,
1623 2535 1848 2586 diaconis
1877 2540 1927 2585 et
1954 2533 2219 2586 subdiaco-

1226 2613 1303 2663 nis
1343 2611 1573 2662 iniuncta
1616 2610 1807 2660 vocalis
1864 2624 1974 2660 esse
2024 2607 2215 2670 debet3

1228 2702 1343 2737 nam
1384 2686 1456 2738 ait.
1495 2684 1552 2737 S.
1604 2682 1812 2736 Thomas
1855 2682 1952 2752 (7):
2001 2701 2023 2731 α
2070 2683 2219 2734 Com-

1226 2761 1394 2812 munis
1434 2760 1594 2811 oratio
1633 2766 1730 2817 est,
1774 2773 1905 2826 quae
1946 2772 2036 2824 per
2077 2756 2220 2808 mini·

1225 2841 1356 2887 stros
1398 2833 1655 2886 Ecclesiae
1702 2833 1750 2883 in
1807 2828 2019 2899 persona
2065 2831 2220 2885 totius

1229 2909 1396 2977 populi
1437 2907 1602 2960 fidelis
1630 2907 1732 2959 Deo
1760 2907 1991 2958 offertur.
2026 2904 2088 2958 Et
2110 2904 2220 2956 ideo

1226 2989 1454 3051 oportet,
1499 2981 1631 3050 quod
1675 2980 1790 3033 talis
1822 2981 1983 3032 oratio
2025 2981 2222 3031 innote-

1227 3063 1337 3110 scat
1377 3057 1466 3109 toti
1497 3055 1701 3123 populo,
1738 3071 1825 3123 pro
1853 3071 1953 3128 quo
1985 3053 2218 3110 offertur,

1228 3131 1361 3201 quod
1405 3146 1502 3183 non
1547 3135 1716 3198 posset
1755 3129 1863 3181 fieri
1893 3170 1905 3188 ‚
1951 3129 2045 3180 nisi
2087 3134 2222 3179 esset

1231 3206 1451 3269 vocalis3
1496 3212 1547 3257 et
1587 3206 1699 3256 ideo
1741 3203 2110 3260 rationabiliter
2151 3202 2222 3251 in-

1229 3282 1466 3333 stitutum
1506 3285 1603 3341 est,
1629 3285 1686 3332 ut
1726 3278 1943 3332 ministri
1967 3275 2222 3330 Ecclesiae

1275 3440 1327 3484 (4)
1352 3440 1393 3476 V.
1417 3440 1541 3475 Theol.
1570 3450 1651 3483 gen.
1678 3440 1704 3487 5
1725 3441 1781 3477 47.

1276 3485 1328 3529 (5)
1352 3486 1422 3520 Ct'r.
1450 3495 1484 3519 v.
1509 3486 1646 3529 31„35;
1665 3495 1745 3531 cap.
1772 3487 1805 3522 5.
1832 3496 1864 3518 v.
1893 3483 1914 3518 6
1937 3489 2006 3518 etc.
2273 3488 2279 3494 ‘

1275 3530 1327 3573 (6)
1353 3532 1429 3565 Act.
1453 3530 1516 3574 Ap.
1544 3530 1578 3573 6,
1598 3529 1635 3565 4.
1798 3529 1852 3574 (ἲ)
1876 3527 1909 3570 2,
1931 3537 1966 3572 q.
1991 3525 2050 3569 83,
2070 3529 2139 3561 art.
2162 3522 2210 3560 12
