2332 3860
188 184 190 186 ·
279 154 385 209 528

211 254 338 306 iuste
371 251 561 307 dicitur
585 251 863 320 Religionis
888 251 1196 306 christianae

211 335 569 398 argumentum
620 327 900 396 principale
958 333 1010 379 et
1047 341 1196 379 orna-

209 407 440 455 mentum
482 403 831 471 praecipuum‚
874 401 944 454 ita
983 405 1041 452 ut
1068 399 1197 452 Pau-

210 476 290 529 lus
312 476 551 530 ,scribere
590 492 689 529 non
730 475 1056 529 dubitaverit:
1082 473 1197 526 Non

211 554 336 605 enim
374 549 589 604 iudicavi
614 565 688 603 me
711 550 835 603 scire
863 548 1052 618 aliquid
1070 548 1198 601 inter

211 641 309 686 vos,
357 626 457 678 nisi
491 625 651 678 Iesum
690 622 941 677 Christum
984 630 1027 675 et
1069 622 1198 676 hunc

210 701 500 772 crucifixum
540 697 637 771 (l).
681 728 752 737 -
790 698 883 751 Ast
921 697 1194 750 dolendum

211 782 307 836 est,
337 774 725 828 saluberrimam
754 772 887 827 hanc
914 772 1196 826 doctrinam

209 866 238 903 a
297 849 528 918 plurimis
585 847 900 901 orthodoxae
955 846 1071 899 fidei
1109 846 1197 898 ad-

209 924 448 977 versariis
507 922 815 990 impugnari.
878 920 1045 983 Quare
1096 921 1194 972 iam

207 997 397 1051 Paulus
426 997 734 1050 lamentatus
761 1001 838 1048 est
865 995 1059 1048 dicens:
1095 994 1198 1046 Nos

204 1073 540 1142 praedicamus
591 1069 843 1123 Christum
882 1070 1194 1140 crucifixum:

205 1147 400 1200 Iudaeis
439 1146 631 1215 quidem
654 1144 958 1204 scandalum,
981 1144 1198 1213 pentibus

205 1229 365 1274 autem
393 1221 653 1272 stultitiam
682 1218 780 1290 (ἵης
824 1226 875 1271 et
901 1220 1034 1270 sicut
1075 1229 1199 1274 tem·

207 1313 326 1365 pore
365 1293 724 1362 Apostolorum
778 1295 845 1346 ita
886 1294 1039 1345 etiam
1079 1294 1196 1345 sub-

204 1370 538 1440 sequentibus
576 1368 795 1420 saeculis
833 1367 979 1419 multi
1018 1368 1196 1420 extite-

205 1451 347 1505 runt,
389 1445 474 1514 qui
504 1444 786 1496 doctrinam
810 1442 1114 1494 catholicam
1136 1442 1197 1494 de

204 1519 571 1588 Redemptione
636 1534 724 1586 per
796 1517 1080 1584 passionem
1147 1524 1196 1569 et

203 1600 422 1647 mortem
461 1592 645 1646 Christi
676 1599 934 1661 peractam
973 1599 1063 1644 aut
1088 1607 1197 1643 cor-

205 1685 444 1738 rumpere
484 1675 573 1720 aut
614 1668 817 1734 penitus
858 1682 1047 1734 negare
1085 1667 1194 1719 ausi

203 1751 343 1804 sunt,
389 1742 520 1812 quod
552 1743 736 1794 nostris
766 1742 1035 1809 praecipue
1071 1748 1195 1793 tem·

204 1818 408 1886 poribus
463 1817 871 1887 frequentissime
921 1817 1190 1883 contingit.

202 1892 387 1960 Magna
427 1892 582 1960 igitur
602 1892 806 1944 solertia
836 1890 973 1943 hunc
1014 1898 1197 1943 tracta-

202 1973 313 2019 tum
352 1969 611 2034 suscipere
651 1971 868 2033 oportet,
913 1972 963 2018 et
1002 1972 1057 2018 ut
1109 1965 1194 2017 do-

202 2041 365 2094 ctrina
406 2040 654 2093 catholica
680 2040 742 2093 de
770 2056 982 2092 munere
1010 2039 1193 2092 Christi

201 2115 502 2168 sacerdotali
568 2120 707 2167 recte
771 2122 1081 2182 proponatur
1144 2123 1195 2167 et

201 2197 377 2243 contra
409 2190 730 2243 adversarios
756 2189 914 2242 solide
954 2189 1194 2241 defenda-

203 2272 305 2326 tur,
347 2264 605 2332 agendum
645 2271 750 2317 est:
794 2264 849 2316 de
888 2265 987 2332 ipso
1025 2264 1193 2316 Sacer-

199 2339 327 2392 dotio
366 2337 552 2392 Christi
563 2357 579 2403 3
622 2340 679 2391 de
716 2339 956 2408 sacrificio
996 2339 1054 2391 ab
1092 2340 1192 2408 ipso

199 2415 252 2466 in
291 2430 382 2467 ara
418 2415 580 2467 crucis
605 2414 776 2478 oblat0,·
802 2414 857 2465 de
890 2414 1099 2466 eiusdem
1140 2414 1192 2465 in

198 2497 351 2541 morte
388 2488 633 2541 subeunda
673 2488 888 2541 libertate
899 2506 921 2549 ,-
974 2489 1029 2540 de
1065 2487 1193 2540 salu-

200 2563 425 2616 berrimis
464 2563 655 2615 cruenti
691 2563 919 2632 sacrificii
955 2562 1192 2633 effectibus

198 2646 414 2704 respectu
434 2637 704 2696 hominum,
730 2644 780 2689 et
806 2646 1019 2706 respecta
1045 2635 1192 2689 Chri-

198 2713 262 2763 sti
299 2714 471 2781 ipsum,
501 2711 706 2770 demum
737 2711 1053 2780 probandum
1094 2719 1189 2779 est,

207 2786 467 2839 ioctrinam
499 2787 802 2856 propositam
827 2792 981 2838 rectae
1008 2786 1191 2838 rationi

198 2875 292 2911 non
332 2877 627 2930 repuqnare,
669 2861 749 2914 sed
799 2860 877 2913 itti
914 2861 1187 2914 convenien-

203 2935 445 2988 tissimam
483 2951 598 2988 esse.

465 3122 468 3126 .
519 3094 806 3132 ARTIGULUS
833 3093 868 3130 1.

471 3170 523 3206 De
545 3171 752 3208 sacerdotio
776 3170 918 3207 Christi.

590 3281 629 3339 δ
658 3280 802 3327 263.

275 3376 525 3432 Sacerdos
563 3394 652 3431 seu
694 3379 926 3433 Pontifex
965 3378 1150 3432 dicitur
1173 3419 1187 3441 ,

203 3453 288 3523 qui
336 3452 568 3521 legitima·
618 3454 922 3506 auctoritate
979 3453 1043 3506 ad
1095 3453 1191 3505 hoc

207 3553 428 3599 -mmor
465 3551 490 3576 ⁶
523 3551 547 3582 α
860 3552 1045 3596 (mem.
1074 3553 1179 3596 nsa-

2266 115 2274 134 '
2326 114 2332 148 l

605 171 668 208 DE
705 169 799 209 DEO
835 170 968 208 urst
1006 169 1190 219 numm
1227 169 1431 212 GENERIS
1468 172 1804 214 REDEMPTORE.

1256 253 1563 308 constitutus
1601 261 1679 309 est
1701 297 1716 316 ,
1776 261 1835 311 ut
1871 255 2057 328 populo
2093 265 2241 312 mani-

1257 326 1375 380 data
1413 327 1505 381 Dei
1531 331 1820 393 annuntiet,
1857 338 1909 384 et
1947 338 2005 397 ut
2043 344 2132 401 pro
2159 349 2243 403 po-

1259 400 1377 470 pulo
1416 417 1590 470 preces
1638 404 1703 458 ad
1755 405 1918 460 Deum
1973 405 2154 460 fundat
2191 412 2244 460 et
2279 400 2332 478 ,ἰέ

1257 475 1504 528 sacrificia
1543 476 1740 532 offerat.
1773 477 1918 533 Unde
1946 477 2243 548 Apostolus}

1259 548 1432 602 Omnis
1468 547 1717 619 Pontifex,
1760 569 1822 606 erc
1861 553 2130 607 hominibus
2167 570 2246 607 as·

1257 632 1495 693 sumptus,
1521 641 1613 694 pro
1632 625 1906 681 hominibus
1933 629 2246 682 constituitur

1258 697 1312 750 in
1351 700 1431 762 iis,
1463 715 1584 768 quae
1621 709 1734 753 sunt
1771 702 1834 755 ad
1871 702 2047 765 Deum,
2088 710 2142 756 ut
2178 701 2244 771 of-

1257 773 1383 840 ferat
1422 774 1547 826 dona
1584 782 1628 827 et
1663 776 1903 846 sacrificia
1927 792 2017 845 pro
2041 777 2246 844 peccatis

1260 845 1355 918 (5).
1419 847 1497 900 Ex
1535 849 1642 916 ipsa
1699 857 1870 903 autem
1912 850 2246 904 Revelatione
2295 886 2297 890 ι

1259 922 1540 975 certissime
1579 931 1807 986 constat,
1866 923 2124 978 Christum
2178 942 2247 978 ve-

1258 1011 1371 1048 rum
1396 1005 1439 1048 et
1470 997 1918 1051 excellentissimum
1946 997 2248 1054 Sacerdotem
2302 1023 2332 1030 ι’

1259 1070 1431 1123 fuisse.

1331 1145 1391 1197 In
1428 1144 1479 1198 S.
1523 1144 1783 1215 Scriptura
1830 1146 1883 1201 V.
1933 1146 2054 1200 Test.
2110 1147 2250 1201 clare

1261 1221 1675 1288 praenuntiatum
1715 1222 1846 1282 suit,
1899 1222 2133 1276 Messiam
2174 1222 2250 1274 fu·

1261 1300 1431 1346 turum
1458 1311 1569 1346 esse
1589 1294 1936 1349 Sacerdotem.
1968 1295 2022 1348 ln
2049 1294 2248 1350 Psalmo

1259 1369 1393 1420 enim
1437 1369 1540 1421 109
1580 1385 1732 1439 quem
1759 1386 1937 1423 omnes
1975 1370 2037 1423 de
2065 1370 2251 1424 Messia

1259 1450 1637 1511 exposuerunt,
1700 1443 1836 1497 Deus
1876 1445 2024 1497 Pater
2063 1444 2250 1498 Filium

1257 1534 1407 1573 suum
1447 1518 1770 1571 incarnatum
1797 1535 1888 1572 seu
1915 1519 2150 1573 Messiam
2176 1519 2250 1572 al-

1261 1593 1499 1662 loquitur,
1544 1600 1595 1645 et
1623 1609 1736 1644 cum
1769 1609 1818 1647 v,
1863 1594 1895 1645 3
1925 1594 2156 1648 dixisset:
2188 1611 2248 1647 ex

1259 1675 1393 1719 utero
1420 1675 1527 1720 ante
1566 1667 1823 1736 luciferum
1861 1669 2009 1735 qenai
2047 1675 2108 1732 te3
2148 1675 2248 1721 sta-

1259 1744 1348 1794 tim
1388 1742 1593 1795 additur
1632 1758 1683 1795 ν.
1729 1744 1789 1794 lt:
1849 1743 2042 1795 Iuravit
2085 1742 2247 1795 Domi·
2312 1760 2326 1784 -·

1257 1833 1369 1877 iius,
1412 1826 1456 1869 et
1495 1833 1594 1869 non
1629 1816 1888 1885 poenitebit
1926 1833 2069 1869 eum.-
2112 1825 2165 1870 tu
2201 1833 2247 1869 es
2319 1823 2332 1886 ’Δ

1257 1892 1489 1945 Sacerdos
1525 1893 1577 1942 in
1605 1900 1854 1944 aeternam
1886 1892 2146 1943 secundum
2173 1907 2250 1944 or·

1256 1967 1416 2018 dinem
1480 1965 1841 2019 Melchisedech.
1908 1965 2067 2018 Sicuti
2126 1981 2246 2035 ergo

1257 2049 1456 2093 certum
1496 2048 1573 2093 est
1599 2082 1611 2102 ,
1675 2036 1933 2092 Christum
1973 2056 2084 2093 esse
2123 2039 2250 2094 Mes·

1256 2117 1404 2177 siam,
1436 2117 1505 2167 ita
1533 2115 1687 2167 etiam
1715 2121 1915 2167 certum
1947 2121 2043 2175 est,
2077 2116 2244 2184 ipsum
2300 2109 2332 2189 ξ

1255 2206 1367 2242 esse
1408 2205 1588 2242 verum
1627 2189 1972 2242 Sacerdotem.
2018 2219 2089 2228 —
2130 2189 2247 2243 ldeo
2306 2188 2330 2253 ’ξ

1255 2266 1408 2317 etiam
1448 2267 1498 2316 in
1539 2263 1593 2316 S.
1656 2263 1919 2332 Scriptura
1975 2262 2037 2317 N.
2099 2262 2238 2317 Test.

1254 2338 1486 2392 Christus
1524 2337 1789 2400 sacerdos,
1819 2353 1910 2391 seu
1938 2337 2071 2407 quod
2110 2338 2246 2392 idem
2323 2370 2327 2413 Q

1254 2421 1420 2475 sonat,
1466 2413 1697 2465 Pontifex
1726 2412 1927 2465 dicitur.
1963 2411 2149 2464 Paulus
2180 2411 2246 2464 ad
2308 2424 2314 2444 ³

1255 2487 1409 2540 Hebr.
1455 2488 1508 2549 5,
1555 2488 1579 2539 t
1620 2486 1771 2538 dicit:
1820 2484 2140 2539 Considerate
2178 2484 2245 2538 Α»
2323 2495 2325 2498 ⁴

1248 2562 1483 2631 postolum
1522 2568 1565 2613 et
1602 2559 1889 2628 Pontificem
1934 2561 2259 2627 confessionis
2312 2614 2313 2618 ,

1252 2644 1443 2688 nostrae
1479 2635 1663 2696 Iesum;
1692 2635 1875 2703 quibus
1902 2635 2073 2686 verbis
2099 2633 2244 2687 Chri-⁴
2301 2671 2307 2689 ,-

1251 2719 1389 2763 stum
1431 2725 1528 2760 non
1569 2709 1734 2761 solum
1761 2707 2080 2776 Apostolum,
2124 2709 2157 2769 i.
2196 2725 2242 2762 e.
2300 2738 2314 2758 .-

1251 2786 1510 2842 doctorem
1533 2799 1622 2835 seu
1656 2782 2053 2850 praedicatorem
2081 2798 2111 2834 a
2141 2781 2242 2836 Dee
2326 2799 2329 2816 *

1253 2860 1483 2916 missum,
1516 2857 1603 2910 sed
1644 2857 1799 2910 etiam
1828 2856 2121 2909 Pontificem
2149 2871 2241 2910 seu

1250 2933 1550 2987 Sacedotem
1591 2947 1754 2984 novae
1793 2931 1935 3000 legiS,
1974 2946 2066 2983 seu
2092 2945 2243 2984 evan·
2309 2943 2313 2984 μ

1250 3009 1445 3076 gelicae
1467 3007 1604 3068 fidei,
1628 3021 1779 3074 quam
1810 3004 2124 3073 profitemur,
2154 3017 2245 3065 aii-1
2297 3035 2299 3037 ·

1254 3082 1425 3150 pellat.
1470 3080 1592 3148 Cap.
1638 3081 1671 3131 lt
1698 3119 1710 3140 ,
1756 3095 1804 3133 v,
1846 3079 1952 3137 ili,
2005 3078 2097 3131 ait:
2138 3073 2250 3129 Haf-
2295 3130 2307 3146 „

1253 3157 1407 3209 bentes
1444 3170 1560 3220 erqo
1572 3153 1848 3224 pontificem
1877 3165 2124 3216 maantam,
2150 3153 2253 3221 qui
2296 3160 2307 3180 ²

1248 3229 1511 3299 penetravit
1535 3228 1702 3290 coelos,
1733 3227 1898 3280 Iesum
1921 3224 2106 3277 Filium
2133 3224 2299 3276 08ίωῖ

1253 3312 1494 3356 teneamus
1521 3301 1878 3370 consessione-m.
1893 3328 1964 3338 -
1981 3297 2251 3350 Christum.

1251 3380 1351 3431 iam
1392 3378 1441 3428 in
1485 3377 1711 3428 terrestri
1752 3374 1987 3426 suavita
2029 3375 2293 3424 munere

1250 3450 1554 3505 sacerdotali
1592 3450 1824 3502 functum
1875 3462 2019 3510 esse,
2083 3443 2287 3533 etiamssy,

1294 3550 1346 3596 (3)
1369 3551 1476 3586 near.
1491 3549 1524 3592 5,
1546 3549 1579 3587 ι.
