<?xml version="1.0" encoding="UTF-8"?>
<!DOCTYPE html PUBLIC "-//W3C//DTD XHTML 1.0 Transitional//EN"
    "http://www.w3.org/TR/xhtml1/DTD/xhtml1-transitional.dtd">
<html xmlns="http://www.w3.org/1999/xhtml" xml:lang="en" lang="en">
 <head>
  <title>
</title>
<meta http-equiv="Content-Type" content="text/html;charset=utf-8" />
  <meta name='ocr-system' content='tesseract 3.04.00' />
  <meta name='ocr-capabilities' content='ocr_page ocr_carea ocr_par ocr_line ocrx_word'/>
</head>
<body>
  <div class='ocr_page' id='page_1' title='image "./theologiae00knoluoft_0577.png"; bbox 0 0 2332 3860; ppageno 0'>
   <div class='ocr_carea' id='block_1_1' title="bbox 770 169 1608 210">
    <p class='ocr_par' dir='ltr' id='par_1_1' title="bbox 770 169 1608 210">
     <span class='ocr_line' id='line_1_1' title="bbox 770 169 1608 210; baseline 0.006 -6"><span class='ocrx_word' id='word_1_1' title='bbox 770 169 901 209; x_wconf 56' lang='lat' dir='ltr'>tans</span> <span class='ocrx_word' id='word_1_2' title='bbox 938 170 1008 208; x_wconf 85' lang='grc' dir='ltr'><strong>ΙΙΙ.</strong></span> <span class='ocrx_word' id='word_1_3' title='bbox 1049 169 1212 209; x_wconf 73' lang='lat' dir='ltr'>smrlo</span> <span class='ocrx_word' id='word_1_4' title='bbox 1249 170 1307 209; x_wconf 83' lang='lat'>11.</span> <span class='ocrx_word' id='word_1_5' title='bbox 1332 169 1608 210; x_wconf 66' lang='lat' dir='ltr'>,CAPUT-111.</span> 
     </span>
    </p>
   </div>
   <div class='ocr_carea' id='block_1_2' title="bbox 1992 122 2160 210">
    <p class='ocr_par' dir='ltr' id='par_1_2' title="bbox 1992 122 2160 210">
     <span class='ocr_line' id='line_1_2' title="bbox 1992 122 2160 210; baseline 0 -1"><span class='ocrx_word' id='word_1_6' title='bbox 1992 122 1996 135; x_wconf 77' lang='lat'><em>&#39;</em></span> <span class='ocrx_word' id='word_1_7' title='bbox 2053 153 2160 210; x_wconf 72' lang='lat'>569</span> 
     </span>
    </p>
   </div>
   <div class='ocr_carea' id='block_1_3' title="bbox 193 249 2228 322">
    <p class='ocr_par' dir='ltr' id='par_1_3' title="bbox 193 249 2228 322">
     <span class='ocr_line' id='line_1_3' title="bbox 193 249 2228 322; baseline -0.001 -14"><span class='ocrx_word' id='word_1_8' title='bbox 193 251 314 308; x_wconf 86' lang='lat' dir='ltr'>dem</span> <span class='ocrx_word' id='word_1_9' title='bbox 361 268 465 307; x_wconf 88' lang='lat' dir='ltr'>una</span> <span class='ocrx_word' id='word_1_10' title='bbox 521 266 734 322; x_wconf 88' lang='lat' dir='ltr'>persona</span> <span class='ocrx_word' id='word_1_11' title='bbox 794 251 1176 319; x_wconf 75' lang='lat' dir='ltr'>praedicantur.</span> <span class='ocrx_word' id='word_1_12' title='bbox 1239 250 1384 306; x_wconf 86' lang='lat' dir='ltr'>Hanc</span> <span class='ocrx_word' id='word_1_13' title='bbox 1422 249 1790 307; x_wconf 88' lang='lat' dir='ltr'>Rationalistae</span> <span class='ocrx_word' id='word_1_14' title='bbox 1829 251 2072 320; x_wconf 83' lang='lat' dir='ltr'>revereri,</span> <span class='ocrx_word' id='word_1_15' title='bbox 2111 251 2228 321; x_wconf 85' lang='lat' dir='ltr'>ipsi·</span> 
     </span>
    </p>
   </div>
   <div class='ocr_carea' id='block_1_4' title="bbox 189 324 1188 3369">
    <p class='ocr_par' dir='ltr' id='par_1_4' title="bbox 189 324 1179 764">
     <span class='ocr_line' id='line_1_4' title="bbox 190 324 1178 382; baseline -0.003 0"><span class='ocrx_word' id='word_1_16' title='bbox 190 326 352 382; x_wconf 88' lang='lat' dir='ltr'>Sicuti</span> <span class='ocrx_word' id='word_1_17' title='bbox 408 327 546 380; x_wconf 87' lang='lat' dir='ltr'>enim</span> <span class='ocrx_word' id='word_1_18' title='bbox 601 326 735 380; x_wconf 90' lang='lat' dir='ltr'>idem</span> <span class='ocrx_word' id='word_1_19' title='bbox 791 324 1024 379; x_wconf 88' lang='lat' dir='ltr'>Christus</span> <span class='ocrx_word' id='word_1_20' title='bbox 1068 327 1178 379; x_wconf 90' lang='lat' dir='ltr'>sine</span> 
     </span>
     <span class='ocr_line' id='line_1_5' title="bbox 190 399 1179 455; baseline -0.003 0"><span class='ocrx_word' id='word_1_21' title='bbox 190 401 592 455; x_wconf 76' lang='lat' dir='ltr'>contradictione</span> <span class='ocrx_word' id='word_1_22' title='bbox 661 399 846 452; x_wconf 89' lang='lat' dir='ltr'>dicitur</span> <span class='ocrx_word' id='word_1_23' title='bbox 918 399 1056 453; x_wconf 91' lang='lat' dir='ltr'>Deus</span> <span class='ocrx_word' id='word_1_24' title='bbox 1127 406 1179 452; x_wconf 88' lang='lat' dir='ltr'>et</span> 
     </span>
     <span class='ocr_line' id='line_1_6' title="bbox 189 473 1179 541; baseline -0.002 -13"><span class='ocrx_word' id='word_1_25' title='bbox 189 474 362 538; x_wconf 87' lang='lat' dir='ltr'>hom0,</span> <span class='ocrx_word' id='word_1_26' title='bbox 391 484 632 529; x_wconf 89' lang='lat' dir='ltr'>aeternus</span> <span class='ocrx_word' id='word_1_27' title='bbox 670 481 721 526; x_wconf 91' lang='lat' dir='ltr'>et</span> <span class='ocrx_word' id='word_1_28' title='bbox 759 475 810 526; x_wconf 91' lang='lat' dir='ltr'>in</span> <span class='ocrx_word' id='word_1_29' title='bbox 852 480 1080 541; x_wconf 87' lang='lat' dir='ltr'>tempore</span> <span class='ocrx_word' id='word_1_30' title='bbox 1106 473 1179 526; x_wconf 86' lang='lat' dir='ltr'>fa-</span> 
     </span>
     <span class='ocr_line' id='line_1_7' title="bbox 191 547 1177 614; baseline -0.002 -12"><span class='ocrx_word' id='word_1_31' title='bbox 191 556 306 602; x_wconf 89' lang='lat' dir='ltr'>ctus</span> <span class='ocrx_word' id='word_1_32' title='bbox 345 557 471 614; x_wconf 83' lang='lat' dir='ltr'>etc.;</span> <span class='ocrx_word' id='word_1_33' title='bbox 501 548 569 600; x_wconf 89' lang='lat' dir='ltr'>ita</span> <span class='ocrx_word' id='word_1_34' title='bbox 598 548 754 600; x_wconf 90' lang='lat' dir='ltr'>etiam</span> <span class='ocrx_word' id='word_1_35' title='bbox 781 547 1013 600; x_wconf 88' lang='lat' dir='ltr'>Christus</span> <span class='ocrx_word' id='word_1_36' title='bbox 1042 554 1177 600; x_wconf 90' lang='lat' dir='ltr'>recte</span> 
     </span>
     <span class='ocr_line' id='line_1_8' title="bbox 193 622 1177 690; baseline -0.002 -14"><span class='ocrx_word' id='word_1_37' title='bbox 193 623 379 676; x_wconf 92' lang='lat' dir='ltr'>dicitur</span> <span class='ocrx_word' id='word_1_38' title='bbox 409 622 803 676; x_wconf 82' lang='lat' dir='ltr'>satisfactionem</span> <span class='ocrx_word' id='word_1_39' title='bbox 834 629 1101 690; x_wconf 87' lang='lat' dir='ltr'>praestans</span> <span class='ocrx_word' id='word_1_40' title='bbox 1127 628 1177 674; x_wconf 87' lang='lat' dir='ltr'>et</span> 
     </span>
     <span class='ocr_line' id='line_1_9' title="bbox 194 697 903 764; baseline -0.003 -14"><span class='ocrx_word' id='word_1_41' title='bbox 194 697 591 750; x_wconf 76' lang='lat' dir='ltr'>satisfactionem</span> <span class='ocrx_word' id='word_1_42' title='bbox 630 698 903 764; x_wconf 86' lang='lat' dir='ltr'>accipiens.</span> 
     </span>
    </p>

    <p class='ocr_par' dir='ltr' id='par_1_5' title="bbox 190 769 1181 1938">
     <span class='ocr_line' id='line_1_10' title="bbox 264 769 1177 825; baseline -0.004 0"><span class='ocrx_word' id='word_1_43' title='bbox 264 770 373 825; x_wconf 78' lang='lat' dir='ltr'>obi.</span> <span class='ocrx_word' id='word_1_44' title='bbox 416 770 500 823; x_wconf 72' lang='lat'>7.²</span> <span class='ocrx_word' id='word_1_45' title='bbox 540 771 691 824; x_wconf 85' lang='lat' dir='ltr'>quta</span> <span class='ocrx_word' id='word_1_46' title='bbox 717 770 1003 823; x_wconf 89' lang='lat' dir='ltr'>Catholicos</span> <span class='ocrx_word' id='word_1_47' title='bbox 1035 769 1177 823; x_wconf 88' lang='lat' dir='ltr'>Chri-</span> 
     </span>
     <span class='ocr_line' id='line_1_11' title="bbox 191 844 1174 913; baseline -0.003 -15"><span class='ocrx_word' id='word_1_48' title='bbox 191 853 302 898; x_wconf 87' lang='lat' dir='ltr'>stus</span> <span class='ocrx_word' id='word_1_49' title='bbox 352 846 684 913; x_wconf 89' lang='lat' dir='ltr'>semetipsum</span> <span class='ocrx_word' id='word_1_50' title='bbox 743 844 927 898; x_wconf 91' lang='lat' dir='ltr'>obtulit</span> <span class='ocrx_word' id='word_1_51' title='bbox 978 846 1030 896; x_wconf 90' lang='lat' dir='ltr'>in</span> <span class='ocrx_word' id='word_1_52' title='bbox 1088 860 1174 896; x_wconf 87' lang='lat' dir='ltr'>ara</span> 
     </span>
     <span class='ocr_line' id='line_1_12' title="bbox 190 918 1178 983; baseline -0.002 -11"><span class='ocrx_word' id='word_1_53' title='bbox 190 918 385 983; x_wconf 79' lang='lat' dir='ltr'>Crucis;</span> <span class='ocrx_word' id='word_1_54' title='bbox 410 921 497 972; x_wconf 89' lang='lat' dir='ltr'>sed</span> <span class='ocrx_word' id='word_1_55' title='bbox 526 926 703 972; x_wconf 84' lang='lat' dir='ltr'>contra</span> <span class='ocrx_word' id='word_1_56' title='bbox 730 919 959 971; x_wconf 89' lang='lat' dir='ltr'>omnium</span> <span class='ocrx_word' id='word_1_57' title='bbox 986 918 1178 970; x_wconf 76' lang='lat' dir='ltr'>sacrifi-</span> 
     </span>
     <span class='ocr_line' id='line_1_13' title="bbox 191 993 1179 1053; baseline -0.003 -7"><span class='ocrx_word' id='word_1_58' title='bbox 191 995 383 1046; x_wconf 81' lang='lat' dir='ltr'>ciorum</span> <span class='ocrx_word' id='word_1_59' title='bbox 427 1001 663 1046; x_wconf 89' lang='lat' dir='ltr'>naturam</span> <span class='ocrx_word' id='word_1_60' title='bbox 704 1000 799 1053; x_wconf 85' lang='lat' dir='ltr'>est,</span> <span class='ocrx_word' id='word_1_61' title='bbox 832 1009 990 1044; x_wconf 90' lang='lat' dir='ltr'>unum</span> <span class='ocrx_word' id='word_1_62' title='bbox 1020 993 1179 1044; x_wconf 92' lang='lat' dir='ltr'>idem-</span> 
     </span>
     <span class='ocr_line' id='line_1_14' title="bbox 195 1067 1176 1137; baseline 0.001 -18"><span class='ocrx_word' id='word_1_63' title='bbox 195 1084 293 1137; x_wconf 85' lang='lat' dir='ltr'>que</span> <span class='ocrx_word' id='word_1_64' title='bbox 316 1069 603 1121; x_wconf 89' lang='lat' dir='ltr'>subiectum</span> <span class='ocrx_word' id='word_1_65' title='bbox 623 1067 772 1120; x_wconf 90' lang='lat' dir='ltr'>simul</span> <span class='ocrx_word' id='word_1_66' title='bbox 791 1083 902 1119; x_wconf 90' lang='lat' dir='ltr'>esse</span> <span class='ocrx_word' id='word_1_67' title='bbox 921 1067 1176 1120; x_wconf 83' lang='lat' dir='ltr'>victimam</span> 
     </span>
     <span class='ocr_line' id='line_1_15' title="bbox 190 1139 1173 1204; baseline -0.002 -10"><span class='ocrx_word' id='word_1_68' title='bbox 190 1149 241 1194; x_wconf 91' lang='lat' dir='ltr'>et</span> <span class='ocrx_word' id='word_1_69' title='bbox 285 1143 620 1195; x_wconf 90' lang='lat' dir='ltr'>sacerdotem.</span> <span class='ocrx_word' id='word_1_70' title='bbox 679 1141 864 1204; x_wconf 85' lang='lat' dir='ltr'>Quodsi</span> <span class='ocrx_word' id='word_1_71' title='bbox 914 1139 1173 1202; x_wconf 81' lang='lat' dir='ltr'>ChristuS‚</span> 
     </span>
     <span class='ocr_line' id='line_1_16' title="bbox 191 1214 1173 1284; baseline -0.001 -16"><span class='ocrx_word' id='word_1_72' title='bbox 191 1216 278 1284; x_wconf 89' lang='lat' dir='ltr'>qui</span> <span class='ocrx_word' id='word_1_73' title='bbox 319 1216 541 1269; x_wconf 87' lang='lat' dir='ltr'>violenta</span> <span class='ocrx_word' id='word_1_74' title='bbox 572 1222 732 1268; x_wconf 89' lang='lat' dir='ltr'>morte</span> <span class='ocrx_word' id='word_1_75' title='bbox 761 1217 811 1267; x_wconf 92' lang='lat' dir='ltr'>in</span> <span class='ocrx_word' id='word_1_76' title='bbox 840 1214 1002 1267; x_wconf 89' lang='lat' dir='ltr'>Cruce</span> <span class='ocrx_word' id='word_1_77' title='bbox 1032 1216 1173 1276; x_wconf 84' lang='lat' dir='ltr'>obiit,</span> 
     </span>
     <span class='ocr_line' id='line_1_17' title="bbox 198 1290 1178 1350; baseline 0 -8"><span class='ocrx_word' id='word_1_78' title='bbox 198 1305 374 1342; x_wconf 89' lang='lat' dir='ltr'>verum</span> <span class='ocrx_word' id='word_1_79' title='bbox 441 1290 748 1343; x_wconf 86' lang='lat' dir='ltr'>sacrificium</span> <span class='ocrx_word' id='word_1_80' title='bbox 806 1290 1026 1350; x_wconf 90' lang='lat' dir='ltr'>obtulit,</span> <span class='ocrx_word' id='word_1_81' title='bbox 1083 1290 1178 1342; x_wconf 89' lang='lat' dir='ltr'>hoc</span> 
     </span>
     <span class='ocr_line' id='line_1_18' title="bbox 194 1364 1178 1433; baseline -0.001 -17"><span class='ocrx_word' id='word_1_82' title='bbox 194 1364 326 1417; x_wconf 88' lang='lat' dir='ltr'>idem</span> <span class='ocrx_word' id='word_1_83' title='bbox 368 1364 638 1417; x_wconf 89' lang='lat' dir='ltr'>dicendum</span> <span class='ocrx_word' id='word_1_84' title='bbox 679 1371 789 1416; x_wconf 89' lang='lat' dir='ltr'>erat</span> <span class='ocrx_word' id='word_1_85' title='bbox 827 1364 890 1416; x_wconf 92' lang='lat' dir='ltr'>de</span> <span class='ocrx_word' id='word_1_86' title='bbox 943 1366 1178 1433; x_wconf 88' lang='lat' dir='ltr'>martyri-</span> 
     </span>
     <span class='ocr_line' id='line_1_19' title="bbox 192 1437 1178 1507; baseline 0 -17"><span class='ocrx_word' id='word_1_87' title='bbox 192 1439 321 1501; x_wconf 83' lang='lat' dir='ltr'>buS,</span> <span class='ocrx_word' id='word_1_88' title='bbox 365 1441 449 1507; x_wconf 89' lang='lat' dir='ltr'>qui</span> <span class='ocrx_word' id='word_1_89' title='bbox 509 1439 796 1491; x_wconf 80' lang='lat' dir='ltr'>voluntarie</span> <span class='ocrx_word' id='word_1_90' title='bbox 852 1455 939 1506; x_wconf 85' lang='lat' dir='ltr'>pro</span> <span class='ocrx_word' id='word_1_91' title='bbox 979 1437 1178 1495; x_wconf 69' lang='lat' dir='ltr'>Christo</span> 
     </span>
     <span class='ocr_line' id='line_1_20' title="bbox 193 1512 1176 1566; baseline 0.001 -3"><span class='ocrx_word' id='word_1_92' title='bbox 193 1520 406 1565; x_wconf 86' lang='lat' dir='ltr'>mortem</span> <span class='ocrx_word' id='word_1_93' title='bbox 448 1514 715 1566; x_wconf 79' lang='lat' dir='ltr'>fortissime</span> <span class='ocrx_word' id='word_1_94' title='bbox 745 1512 1045 1566; x_wconf 87' lang='lat' dir='ltr'>tolerarunt.</span> <span class='ocrx_word' id='word_1_95' title='bbox 1079 1512 1176 1564; x_wconf 86' lang='lat' dir='ltr'>Sed</span> 
     </span>
     <span class='ocr_line' id='line_1_21' title="bbox 195 1587 1178 1655; baseline -0.001 -16"><span class='ocrx_word' id='word_1_96' title='bbox 195 1588 244 1638; x_wconf 88' lang='lat' dir='ltr'>in</span> <span class='ocrx_word' id='word_1_97' title='bbox 285 1587 465 1640; x_wconf 86' lang='lat' dir='ltr'>horum</span> <span class='ocrx_word' id='word_1_98' title='bbox 506 1596 667 1641; x_wconf 87' lang='lat' dir='ltr'>morte</span> <span class='ocrx_word' id='word_1_99' title='bbox 709 1588 815 1640; x_wconf 89' lang='lat' dir='ltr'>veri</span> <span class='ocrx_word' id='word_1_100' title='bbox 873 1595 924 1639; x_wconf 90' lang='lat' dir='ltr'>et</span> <span class='ocrx_word' id='word_1_101' title='bbox 979 1588 1178 1655; x_wconf 87' lang='lat' dir='ltr'>proprie</span> 
     </span>
     <span class='ocr_line' id='line_1_22' title="bbox 192 1661 1180 1715; baseline 0.003 -3"><span class='ocrx_word' id='word_1_102' title='bbox 192 1661 312 1713; x_wconf 89' lang='lat' dir='ltr'>dicti</span> <span class='ocrx_word' id='word_1_103' title='bbox 353 1663 586 1715; x_wconf 86' lang='lat' dir='ltr'>sacrificii</span> <span class='ocrx_word' id='word_1_104' title='bbox 638 1663 887 1715; x_wconf 82' lang='lat' dir='ltr'>rationem</span> <span class='ocrx_word' id='word_1_105' title='bbox 937 1678 1035 1714; x_wconf 91' lang='lat' dir='ltr'>non</span> <span class='ocrx_word' id='word_1_106' title='bbox 1091 1662 1180 1715; x_wconf 88' lang='lat' dir='ltr'>ha-</span> 
     </span>
     <span class='ocr_line' id='line_1_23' title="bbox 191 1736 1181 1805; baseline -0.001 -17"><span class='ocrx_word' id='word_1_107' title='bbox 191 1736 321 1797; x_wconf 89' lang='lat' dir='ltr'>beri,</span> <span class='ocrx_word' id='word_1_108' title='bbox 366 1738 455 1805; x_wconf 88' lang='lat' dir='ltr'>ipsi</span> <span class='ocrx_word' id='word_1_109' title='bbox 486 1736 728 1789; x_wconf 81' lang='lat' dir='ltr'>Catholici</span> <span class='ocrx_word' id='word_1_110' title='bbox 770 1737 1013 1797; x_wconf 83' lang='lat' dir='ltr'>fatentur,</span> <span class='ocrx_word' id='word_1_111' title='bbox 1058 1753 1181 1804; x_wconf 88' lang='lat' dir='ltr'>quo-</span> 
     </span>
     <span class='ocr_line' id='line_1_24' title="bbox 193 1810 1181 1878; baseline 0 -16"><span class='ocrx_word' id='word_1_112' title='bbox 193 1826 305 1862; x_wconf 89' lang='lat' dir='ltr'>rum</span> <span class='ocrx_word' id='word_1_113' title='bbox 339 1812 547 1878; x_wconf 85' lang='lat' dir='ltr'>proinde</span> <span class='ocrx_word' id='word_1_114' title='bbox 576 1811 806 1864; x_wconf 88' lang='lat' dir='ltr'>doctrina</span> <span class='ocrx_word' id='word_1_115' title='bbox 826 1810 1181 1864; x_wconf 86' lang='lat' dir='ltr'>contradictio-</span> 
     </span>
     <span class='ocr_line' id='line_1_25' title="bbox 194 1885 565 1938; baseline 0.005 -2"><span class='ocrx_word' id='word_1_116' title='bbox 194 1885 344 1936; x_wconf 87' lang='lat' dir='ltr'>nibus</span> <span class='ocrx_word' id='word_1_117' title='bbox 384 1893 565 1938; x_wconf 88' lang='lat' dir='ltr'>scatet.</span> 
     </span>
    </p>

    <p class='ocr_par' dir='ltr' id='par_1_6' title="bbox 193 1957 1188 3369">
     <span class='ocr_line' id='line_1_26' title="bbox 267 1957 1180 2028; baseline 0.002 -19"><span class='ocrx_word' id='word_1_118' title='bbox 267 1957 407 2027; x_wconf 75' lang='lat' dir='ltr'>Resp.</span> <span class='ocrx_word' id='word_1_119' title='bbox 454 1959 562 2012; x_wconf 91' lang='lat' dir='ltr'>Non</span> <span class='ocrx_word' id='word_1_120' title='bbox 604 1976 874 2027; x_wconf 82' lang='lat' dir='ltr'>negamuS,</span> <span class='ocrx_word' id='word_1_121' title='bbox 917 1959 1050 2011; x_wconf 87' lang='lat' dir='ltr'>inter</span> <span class='ocrx_word' id='word_1_122' title='bbox 1090 1976 1180 2028; x_wconf 91' lang='lat' dir='ltr'>pu·</span> 
     </span>
     <span class='ocr_line' id='line_1_27' title="bbox 193 2033 1179 2102; baseline 0 -17"><span class='ocrx_word' id='word_1_123' title='bbox 193 2049 276 2086; x_wconf 87' lang='lat' dir='ltr'>ros</span> <span class='ocrx_word' id='word_1_124' title='bbox 315 2033 544 2086; x_wconf 87' lang='lat' dir='ltr'>homines</span> <span class='ocrx_word' id='word_1_125' title='bbox 577 2035 685 2086; x_wconf 86' lang='lat' dir='ltr'>fieri</span> <span class='ocrx_word' id='word_1_126' title='bbox 727 2035 862 2086; x_wconf 86' lang='lat' dir='ltr'>haud</span> <span class='ocrx_word' id='word_1_127' title='bbox 904 2050 1079 2102; x_wconf 89' lang='lat' dir='ltr'>posse,</span> <span class='ocrx_word' id='word_1_128' title='bbox 1126 2042 1179 2086; x_wconf 91' lang='lat' dir='ltr'>ut</span> 
     </span>
     <span class='ocr_line' id='line_1_28' title="bbox 195 2107 1175 2168; baseline 0.001 -10"><span class='ocrx_word' id='word_1_129' title='bbox 195 2107 326 2159; x_wconf 90' lang='lat' dir='ltr'>idem</span> <span class='ocrx_word' id='word_1_130' title='bbox 357 2108 507 2160; x_wconf 90' lang='lat' dir='ltr'>simul</span> <span class='ocrx_word' id='word_1_131' title='bbox 532 2108 768 2161; x_wconf 84' lang='lat' dir='ltr'>sacerdos</span> <span class='ocrx_word' id='word_1_132' title='bbox 790 2111 855 2160; x_wconf 87' lang='lat' dir='ltr'>sit</span> <span class='ocrx_word' id='word_1_133' title='bbox 882 2110 1175 2168; x_wconf 88' lang='lat' dir='ltr'>etvictima‚</span> 
     </span>
     <span class='ocr_line' id='line_1_29' title="bbox 195 2183 1181 2250; baseline 0.003 -19"><span class='ocrx_word' id='word_1_134' title='bbox 195 2184 310 2250; x_wconf 90' lang='lat' dir='ltr'>quia</span> <span class='ocrx_word' id='word_1_135' title='bbox 343 2183 512 2235; x_wconf 91' lang='lat' dir='ltr'>nullus</span> <span class='ocrx_word' id='word_1_136' title='bbox 539 2183 801 2235; x_wconf 87' lang='lat' dir='ltr'>hominum</span> <span class='ocrx_word' id='word_1_137' title='bbox 842 2191 916 2234; x_wconf 89' lang='lat' dir='ltr'>est</span> <span class='ocrx_word' id='word_1_138' title='bbox 946 2184 1181 2234; x_wconf 88' lang='lat' dir='ltr'>dominus</span> 
     </span>
     <span class='ocr_line' id='line_1_30' title="bbox 198 2259 1178 2325; baseline 0.001 -18"><span class='ocrx_word' id='word_1_139' title='bbox 198 2259 332 2308; x_wconf 89' lang='lat' dir='ltr'>vitae</span> <span class='ocrx_word' id='word_1_140' title='bbox 371 2273 514 2317; x_wconf 87' lang='lat' dir='ltr'>suae,</span> <span class='ocrx_word' id='word_1_141' title='bbox 561 2273 654 2308; x_wconf 88' lang='lat' dir='ltr'>nec</span> <span class='ocrx_word' id='word_1_142' title='bbox 694 2259 962 2325; x_wconf 87' lang='lat' dir='ltr'>quisquam</span> <span class='ocrx_word' id='word_1_143' title='bbox 1004 2274 1178 2309; x_wconf 89' lang='lat' dir='ltr'>eorum</span> 
     </span>
     <span class='ocr_line' id='line_1_31' title="bbox 194 2331 1180 2399; baseline 0 -17"><span class='ocrx_word' id='word_1_144' title='bbox 194 2331 255 2383; x_wconf 90' lang='lat' dir='ltr'>ad</span> <span class='ocrx_word' id='word_1_145' title='bbox 285 2332 506 2399; x_wconf 89' lang='lat' dir='ltr'>seipsum</span> <span class='ocrx_word' id='word_1_146' title='bbox 535 2331 849 2383; x_wconf 81' lang='lat' dir='ltr'>offerendum</span> <span class='ocrx_word' id='word_1_147' title='bbox 877 2332 1180 2383; x_wconf 84' lang='lat' dir='ltr'>sacerdotali</span> 
     </span>
     <span class='ocr_line' id='line_1_32' title="bbox 194 2405 1184 2471; baseline 0 -15"><span class='ocrx_word' id='word_1_148' title='bbox 194 2405 488 2457; x_wconf 84' lang='lat' dir='ltr'>charactere</span> <span class='ocrx_word' id='word_1_149' title='bbox 512 2406 803 2471; x_wconf 83' lang='lat' dir='ltr'>insignitur.</span> <span class='ocrx_word' id='word_1_150' title='bbox 830 2406 903 2457; x_wconf 88' lang='lat' dir='ltr'>Ac</span> <span class='ocrx_word' id='word_1_151' title='bbox 925 2406 1035 2458; x_wconf 87' lang='lat' dir='ltr'>ideo</span> <span class='ocrx_word' id='word_1_152' title='bbox 1056 2406 1184 2458; x_wconf 85' lang='lat' dir='ltr'>Mar-</span> 
     </span>
     <span class='ocr_line' id='line_1_33' title="bbox 197 2479 1183 2548; baseline -0.001 -16"><span class='ocrx_word' id='word_1_153' title='bbox 197 2486 338 2548; x_wconf 89' lang='lat' dir='ltr'>tyres</span> <span class='ocrx_word' id='word_1_154' title='bbox 365 2495 458 2532; x_wconf 89' lang='lat' dir='ltr'>nec</span> <span class='ocrx_word' id='word_1_155' title='bbox 479 2480 768 2531; x_wconf 85' lang='lat' dir='ltr'>sacerdotes</span> <span class='ocrx_word' id='word_1_156' title='bbox 789 2479 1017 2541; x_wconf 84' lang='lat' dir='ltr'>fuerunt,</span> <span class='ocrx_word' id='word_1_157' title='bbox 1049 2496 1183 2532; x_wconf 89' lang='lat' dir='ltr'>mor-</span> 
     </span>
     <span class='ocr_line' id='line_1_34' title="bbox 197 2555 1185 2622; baseline 0.001 -17"><span class='ocrx_word' id='word_1_158' title='bbox 197 2560 300 2605; x_wconf 91' lang='lat' dir='ltr'>tem</span> <span class='ocrx_word' id='word_1_159' title='bbox 338 2555 642 2621; x_wconf 89' lang='lat' dir='ltr'>oppetendo,</span> <span class='ocrx_word' id='word_1_160' title='bbox 670 2570 762 2606; x_wconf 92' lang='lat' dir='ltr'>nec</span> <span class='ocrx_word' id='word_1_161' title='bbox 786 2571 962 2606; x_wconf 89' lang='lat' dir='ltr'>verum</span> <span class='ocrx_word' id='word_1_162' title='bbox 985 2570 1044 2606; x_wconf 89' lang='lat' dir='ltr'>ac</span> <span class='ocrx_word' id='word_1_163' title='bbox 1076 2571 1185 2622; x_wconf 90' lang='lat' dir='ltr'>pro-</span> 
     </span>
     <span class='ocr_line' id='line_1_35' title="bbox 199 2628 1178 2681; baseline 0 -1"><span class='ocrx_word' id='word_1_164' title='bbox 199 2629 304 2680; x_wconf 84' lang='lat' dir='ltr'>urie</span> <span class='ocrx_word' id='word_1_165' title='bbox 322 2629 511 2680; x_wconf 90' lang='lat' dir='ltr'>dictum</span> <span class='ocrx_word' id='word_1_166' title='bbox 537 2628 843 2680; x_wconf 84' lang='lat' dir='ltr'>sacrificium</span> <span class='ocrx_word' id='word_1_167' title='bbox 864 2628 1178 2681; x_wconf 86' lang='lat' dir='ltr'>obtulerunt.</span> 
     </span>
     <span class='ocr_line' id='line_1_36' title="bbox 218 2701 1182 2755; baseline 0.005 -6"><span class='ocrx_word' id='word_1_168' title='bbox 218 2701 426 2754; x_wconf 55' lang='lat' dir='ltr'>{hristus</span> <span class='ocrx_word' id='word_1_169' title='bbox 464 2711 635 2755; x_wconf 88' lang='lat' dir='ltr'>autem</span> <span class='ocrx_word' id='word_1_170' title='bbox 671 2711 722 2755; x_wconf 88' lang='lat' dir='ltr'>et</span> <span class='ocrx_word' id='word_1_171' title='bbox 761 2703 1008 2755; x_wconf 88' lang='lat' dir='ltr'>Dominus</span> <span class='ocrx_word' id='word_1_172' title='bbox 1049 2704 1182 2755; x_wconf 88' lang='lat' dir='ltr'>vitae</span> 
     </span>
     <span class='ocr_line' id='line_1_37' title="bbox 220 2776 1183 2845; baseline 0.001 -17"><span class='ocrx_word' id='word_1_173' title='bbox 220 2787 319 2828; x_wconf 63' lang='lat' dir='ltr'>siae</span> <span class='ocrx_word' id='word_1_174' title='bbox 372 2776 467 2828; x_wconf 87' lang='lat' dir='ltr'>fuit</span> <span class='ocrx_word' id='word_1_175' title='bbox 506 2784 556 2829; x_wconf 89' lang='lat' dir='ltr'>et</span> <span class='ocrx_word' id='word_1_176' title='bbox 593 2777 657 2829; x_wconf 92' lang='lat' dir='ltr'>ad</span> <span class='ocrx_word' id='word_1_177' title='bbox 707 2779 929 2845; x_wconf 88' lang='lat' dir='ltr'>seipsum</span> <span class='ocrx_word' id='word_1_178' title='bbox 970 2777 1183 2830; x_wconf 81' lang='lat' dir='ltr'>offeren-</span> 
     </span>
     <span class='ocr_line' id='line_1_38' title="bbox 221 2845 1182 2913; baseline 0.001 -10"><span class='ocrx_word' id='word_1_179' title='bbox 221 2845 322 2903; x_wconf 70' lang='lat' dir='ltr'>dtm</span> <span class='ocrx_word' id='word_1_180' title='bbox 361 2851 597 2909; x_wconf 85' lang='lat' dir='ltr'>sacerdos</span> <span class='ocrx_word' id='word_1_181' title='bbox 641 2854 950 2904; x_wconf 89' lang='lat' dir='ltr'>constitutus</span> <span class='ocrx_word' id='word_1_182' title='bbox 989 2860 1084 2913; x_wconf 90' lang='lat' dir='ltr'>est,</span> <span class='ocrx_word' id='word_1_183' title='bbox 1131 2862 1182 2904; x_wconf 92' lang='lat' dir='ltr'>ut</span> 
     </span>
     <span class='ocr_line' id='line_1_39' title="bbox 218 2925 1184 2994; baseline 0.006 -23"><span class='ocrx_word' id='word_1_184' title='bbox 218 2925 401 2983; x_wconf 70' lang='lat' dir='ltr'>exiam</span> <span class='ocrx_word' id='word_1_185' title='bbox 444 2926 664 2992; x_wconf 84' lang='lat' dir='ltr'>probatis</span> <span class='ocrx_word' id='word_1_186' title='bbox 705 2933 859 2994; x_wconf 90' lang='lat' dir='ltr'>patet.</span> <span class='ocrx_word' id='word_1_187' title='bbox 906 2926 1037 2993; x_wconf 85' lang='lat' dir='ltr'>Ergo</span> <span class='ocrx_word' id='word_1_188' title='bbox 1074 2927 1184 2978; x_wconf 86' lang='lat' dir='ltr'>nul-</span> 
     </span>
     <span class='ocr_line' id='line_1_40' title="bbox 222 2993 1185 3066; baseline 0.006 -20"><span class='ocrx_word' id='word_1_189' title='bbox 222 2993 404 3059; x_wconf 61' lang='lat' dir='ltr'>lattnus</span> <span class='ocrx_word' id='word_1_190' title='bbox 442 3007 727 3066; x_wconf 86' lang='lat' dir='ltr'>repugnat,</span> <span class='ocrx_word' id='word_1_191' title='bbox 771 3000 992 3051; x_wconf 89' lang='lat' dir='ltr'>eundem</span> <span class='ocrx_word' id='word_1_192' title='bbox 1043 2999 1185 3052; x_wconf 90' lang='lat' dir='ltr'>Chri-</span> 
     </span>
     <span class='ocr_line' id='line_1_41' title="bbox 217 3071 1182 3126; baseline 0.006 -6"><span class='ocrx_word' id='word_1_193' title='bbox 217 3071 336 3126; x_wconf 81' lang='lat' dir='ltr'>stun</span> <span class='ocrx_word' id='word_1_194' title='bbox 378 3079 429 3125; x_wconf 90' lang='lat' dir='ltr'>et</span> <span class='ocrx_word' id='word_1_195' title='bbox 481 3074 796 3126; x_wconf 84' lang='lat' dir='ltr'>sacerdotem</span> <span class='ocrx_word' id='word_1_196' title='bbox 836 3082 885 3126; x_wconf 91' lang='lat' dir='ltr'>et</span> <span class='ocrx_word' id='word_1_197' title='bbox 927 3075 1182 3126; x_wconf 91' lang='lat' dir='ltr'>victimam</span> 
     </span>
     <span class='ocr_line' id='line_1_42' title="bbox 214 3142 1186 3208; baseline 0.006 -13"><span class='ocrx_word' id='word_1_198' title='bbox 214 3142 375 3199; x_wconf 74' lang='lat' dir='ltr'>fuise.</span> <span class='ocrx_word' id='word_1_199' title='bbox 419 3145 682 3208; x_wconf 86' lang='lat' dir='ltr'>Fatemur‚</span> <span class='ocrx_word' id='word_1_200' title='bbox 726 3149 1007 3200; x_wconf 89' lang='lat' dir='ltr'>doctrinam</span> <span class='ocrx_word' id='word_1_201' title='bbox 1055 3149 1186 3201; x_wconf 88' lang='lat' dir='ltr'>hanc</span> 
     </span>
     <span class='ocr_line' id='line_1_43' title="bbox 215 3222 1186 3291; baseline 0.006 -22"><span class='ocrx_word' id='word_1_202' title='bbox 215 3232 282 3269; x_wconf 85' lang='lat' dir='ltr'>ex</span> <span class='ocrx_word' id='word_1_203' title='bbox 320 3223 413 3280; x_wconf 64' lang='lat' dir='ltr'>tola</span> <span class='ocrx_word' id='word_1_204' title='bbox 444 3224 638 3274; x_wconf 91' lang='lat' dir='ltr'>ratione</span> <span class='ocrx_word' id='word_1_205' title='bbox 667 3222 863 3290; x_wconf 89' lang='lat' dir='ltr'>probari</span> <span class='ocrx_word' id='word_1_206' title='bbox 896 3239 992 3276; x_wconf 90' lang='lat' dir='ltr'>non</span> <span class='ocrx_word' id='word_1_207' title='bbox 1026 3240 1186 3291; x_wconf 90' lang='lat' dir='ltr'>posse,</span> 
     </span>
     <span class='ocr_line' id='line_1_44' title="bbox 214 3291 1188 3369; baseline 0.007 -26"><span class='ocrx_word' id='word_1_208' title='bbox 214 3291 302 3343; x_wconf 82' lang='lat' dir='ltr'>sed</span> <span class='ocrx_word' id='word_1_209' title='bbox 332 3293 592 3369; x_wconf 68' lang='lat' dir='ltr'>Revelatio</span> <span class='ocrx_word' id='word_1_210' title='bbox 632 3313 744 3348; x_wconf 88' lang='lat' dir='ltr'>eam</span> <span class='ocrx_word' id='word_1_211' title='bbox 774 3296 1050 3350; x_wconf 88' lang='lat' dir='ltr'>clarissime</span> <span class='ocrx_word' id='word_1_212' title='bbox 1089 3303 1188 3350; x_wconf 88' lang='lat' dir='ltr'>tra-</span> 
     </span>
    </p>
   </div>
   <div class='ocr_carea' id='block_1_5' title="bbox 212 3362 1185 3444">
    <p class='ocr_par' dir='ltr' id='par_1_7' title="bbox 212 3362 1185 3444">
     <span class='ocr_line' id='line_1_45' title="bbox 212 3362 1185 3444; baseline 0.008 -28"><span class='ocrx_word' id='word_1_213' title='bbox 212 3362 287 3418; x_wconf 90' lang='lat' dir='ltr'>dit</span> <span class='ocrx_word' id='word_1_214' title='bbox 324 3367 365 3434; x_wconf 64' lang='lat' dir='ltr'>in</span> <span class='ocrx_word' id='word_1_215' title='bbox 392 3371 553 3439; x_wconf 85' lang='lat' dir='ltr'>Epist.</span> <span class='ocrx_word' id='word_1_216' title='bbox 584 3371 648 3424; x_wconf 89' lang='lat' dir='ltr'>ad</span> <span class='ocrx_word' id='word_1_217' title='bbox 675 3370 830 3424; x_wconf 86' lang='lat' dir='ltr'>Hebr.</span> <span class='ocrx_word' id='word_1_218' title='bbox 862 3371 939 3444; x_wconf 80' lang='lat' dir='ltr'>(l)</span> <span class='ocrx_word' id='word_1_219' title='bbox 967 3380 1018 3426; x_wconf 90' lang='lat' dir='ltr'>et</span> <span class='ocrx_word' id='word_1_220' title='bbox 1048 3372 1185 3426; x_wconf 90' lang='lat' dir='ltr'>alibi.</span> 
     </span>
    </p>
   </div>
   <div class='ocr_carea' id='block_1_6' title="bbox 254 3517 609 3591">
    <p class='ocr_par' dir='ltr' id='par_1_8' title="bbox 254 3517 609 3591">
     <span class='ocr_line' id='line_1_46' title="bbox 254 3517 609 3591; baseline 0.02 -13"><span class='ocrx_word' id='word_1_221' title='bbox 254 3541 304 3587; x_wconf 78' lang='lat' dir='ltr'><strong><em>w</em></strong></span> <span class='ocrx_word' id='word_1_222' title='bbox 331 3517 410 3591; x_wconf 55' lang='lat' dir='ltr'>cap.</span> <span class='ocrx_word' id='word_1_223' title='bbox 436 3545 489 3590; x_wconf 78' lang='lat' dir='ltr'>w,</span> <span class='ocrx_word' id='word_1_224' title='bbox 513 3544 609 3585; x_wconf 64' lang='lat'>⁸42.</span> 
     </span>
    </p>
   </div>
   <div class='ocr_carea' id='block_1_7' title="bbox 1239 324 2228 528">
    <p class='ocr_par' dir='ltr' id='par_1_9' title="bbox 1239 324 2228 528">
     <span class='ocr_line' id='line_1_47' title="bbox 1239 324 2228 404; baseline 0.001 -26"><span class='ocrx_word' id='word_1_225' title='bbox 1239 342 1338 395; x_wconf 90' lang='lat' dir='ltr'>que</span> <span class='ocrx_word' id='word_1_226' title='bbox 1394 324 1714 404; x_wconf 72' lang='lat' dir='ltr'>intellectum</span> <span class='ocrx_word' id='word_1_227' title='bbox 1769 341 1922 380; x_wconf 86' lang='lat' dir='ltr'>suum</span> <span class='ocrx_word' id='word_1_228' title='bbox 1977 325 2228 382; x_wconf 84' lang='lat' dir='ltr'>subiicere</span> 
     </span>
     <span class='ocr_line' id='line_1_48' title="bbox 1239 399 2228 460; baseline 0.002 -8"><span class='ocrx_word' id='word_1_229' title='bbox 1239 400 1506 460; x_wconf 84' lang='lat' dir='ltr'>deberent,</span> <span class='ocrx_word' id='word_1_230' title='bbox 1547 407 1605 453; x_wconf 79' lang='lat' dir='ltr'>et</span> <span class='ocrx_word' id='word_1_231' title='bbox 1637 399 1833 459; x_wconf 88' lang='lat' dir='ltr'>nullam</span> <span class='ocrx_word' id='word_1_232' title='bbox 1858 401 1912 454; x_wconf 80' lang='lat' dir='ltr'>in</span> <span class='ocrx_word' id='word_1_233' title='bbox 1940 415 2001 455; x_wconf 86' lang='lat' dir='ltr'>eo</span> <span class='ocrx_word' id='word_1_234' title='bbox 2026 406 2228 454; x_wconf 86' lang='lat' dir='ltr'>contra·</span> 
     </span>
     <span class='ocr_line' id='line_1_49' title="bbox 1239 473 1851 528; baseline 0.003 -2"><span class='ocrx_word' id='word_1_235' title='bbox 1239 474 1518 528; x_wconf 88' lang='lat' dir='ltr'>dictionem</span> <span class='ocrx_word' id='word_1_236' title='bbox 1539 473 1851 528; x_wconf 87' lang='lat' dir='ltr'>invenirent.</span> 
     </span>
    </p>
   </div>
   <div class='ocr_carea' id='block_1_8' title="bbox 1439 653 2014 788">
    <p class='ocr_par' dir='ltr' id='par_1_10' title="bbox 1439 653 2014 788">
     <span class='ocr_line' id='line_1_50' title="bbox 1542 653 1923 701; baseline 0 -2"><span class='ocrx_word' id='word_1_237' title='bbox 1542 653 1776 701; x_wconf 71' lang='lat' dir='ltr'>CAPUT</span> <span class='ocrx_word' id='word_1_238' title='bbox 1813 655 1923 699; x_wconf 78' lang='grc' dir='ltr'><strong>ΙΙΙ.</strong></span> 
     </span>
     <span class='ocr_line' id='line_1_51' title="bbox 1439 752 2014 788; baseline -0.003 0"><span class='ocrx_word' id='word_1_239' title='bbox 1439 753 1495 788; x_wconf 75' lang='lat' dir='ltr'>Dt</span> <span class='ocrx_word' id='word_1_240' title='bbox 1518 758 1679 788; x_wconf 72' lang='lat' dir='ltr'>nunnus</span> <span class='ocrx_word' id='word_1_241' title='bbox 1699 752 1862 788; x_wconf 69' lang='lat' dir='ltr'>camsi-1</span> <span class='ocrx_word' id='word_1_242' title='bbox 1886 758 2014 788; x_wconf 74' lang='lat' dir='ltr'>nmio.</span> 
     </span>
    </p>
   </div>
   <div class='ocr_carea' id='block_1_9' title="bbox 1636 893 1855 952">
    <p class='ocr_par' dir='ltr' id='par_1_11' title="bbox 1636 893 1855 952">
     <span class='ocr_line' id='line_1_52' title="bbox 1636 893 1855 952; baseline 0 -13"><span class='ocrx_word' id='word_1_243' title='bbox 1636 893 1675 952; x_wconf 65' lang='grc' dir='ltr'><strong>ς</strong></span> <span class='ocrx_word' id='word_1_244' title='bbox 1715 893 1855 939; x_wconf 64' lang='lat' dir='ltr'>zan.</span> 
     </span>
    </p>
   </div>
   <div class='ocr_carea' id='block_1_10' title="bbox 1240 989 2232 3427">
    <p class='ocr_par' dir='ltr' id='par_1_12' title="bbox 1240 989 2232 3427">
     <span class='ocr_line' id='line_1_53' title="bbox 1311 989 2227 1061; baseline 0 -18"><span class='ocrx_word' id='word_1_245' title='bbox 1311 989 1542 1045; x_wconf 89' lang='lat' dir='ltr'>Christus</span> <span class='ocrx_word' id='word_1_246' title='bbox 1583 998 1845 1061; x_wconf 88' lang='lat' dir='ltr'>tamquam</span> <span class='ocrx_word' id='word_1_247' title='bbox 1903 990 2045 1045; x_wconf 81' lang='lat' dir='ltr'>Deus</span> <span class='ocrx_word' id='word_1_248' title='bbox 2097 991 2227 1044; x_wconf 74' lang='lat' dir='ltr'>sicut</span> 
     </span>
     <span class='ocr_line' id='line_1_54' title="bbox 1240 1067 2228 1120; baseline 0 -3"><span class='ocrx_word' id='word_1_249' title='bbox 1240 1068 1471 1118; x_wconf 90' lang='lat' dir='ltr'>omnium</span> <span class='ocrx_word' id='word_1_250' title='bbox 1511 1073 1711 1119; x_wconf 86' lang='lat' dir='ltr'>creator</span> <span class='ocrx_word' id='word_1_251' title='bbox 1751 1067 1820 1119; x_wconf 88' lang='lat' dir='ltr'>ita</span> <span class='ocrx_word' id='word_1_252' title='bbox 1886 1074 1938 1120; x_wconf 90' lang='lat' dir='ltr'>et</span> <span class='ocrx_word' id='word_1_253' title='bbox 2001 1067 2228 1118; x_wconf 89' lang='lat' dir='ltr'>omnium</span> 
     </span>
     <span class='ocr_line' id='line_1_55' title="bbox 1240 1138 2229 1194; baseline 0.001 -2"><span class='ocrx_word' id='word_1_254' title='bbox 1240 1140 1350 1192; x_wconf 82' lang='lat' dir='ltr'>Rex</span> <span class='ocrx_word' id='word_1_255' title='bbox 1396 1157 1457 1193; x_wconf 90' lang='lat' dir='ltr'>ac</span> <span class='ocrx_word' id='word_1_256' title='bbox 1500 1140 1748 1193; x_wconf 90' lang='lat' dir='ltr'>Dominus</span> <span class='ocrx_word' id='word_1_257' title='bbox 1804 1148 1900 1194; x_wconf 89' lang='lat' dir='ltr'>est.</span> <span class='ocrx_word' id='word_1_258' title='bbox 1944 1139 2107 1193; x_wconf 88' lang='lat' dir='ltr'>Nam:</span> <span class='ocrx_word' id='word_1_259' title='bbox 2170 1138 2229 1193; x_wconf 83' lang='lat'>0·</span> 
     </span>
     <span class='ocr_line' id='line_1_56' title="bbox 1241 1215 2228 1283; baseline 0.001 -17"><span class='ocrx_word' id='word_1_260' title='bbox 1241 1215 1373 1267; x_wconf 45' lang='lat' dir='ltr'>‘amia</span> <span class='ocrx_word' id='word_1_261' title='bbox 1400 1232 1490 1282; x_wconf 82' lang='lat' dir='ltr'>per</span> <span class='ocrx_word' id='word_1_262' title='bbox 1516 1215 1677 1283; x_wconf 80' lang='lat' dir='ltr'>ipsam</span> <span class='ocrx_word' id='word_1_263' title='bbox 1713 1216 1843 1283; x_wconf 83' lang='lat' dir='ltr'>facta</span> <span class='ocrx_word' id='word_1_264' title='bbox 1881 1223 2014 1276; x_wconf 79' lang='lat' dir='ltr'>sunt,</span> <span class='ocrx_word' id='word_1_265' title='bbox 2056 1222 2100 1267; x_wconf 82' lang='lat' dir='ltr'>et</span> <span class='ocrx_word' id='word_1_266' title='bbox 2125 1216 2228 1267; x_wconf 75' lang='lat' dir='ltr'>sinc</span> 
     </span>
     <span class='ocr_line' id='line_1_57' title="bbox 1241 1288 2229 1358; baseline -0.002 -17"><span class='ocrx_word' id='word_1_267' title='bbox 1241 1290 1342 1358; x_wconf 77' lang='lat' dir='ltr'>ipso</span> <span class='ocrx_word' id='word_1_268' title='bbox 1378 1290 1562 1356; x_wconf 78' lang='lat' dir='ltr'>sactum</span> <span class='ocrx_word' id='word_1_269' title='bbox 1600 1298 1668 1341; x_wconf 78' lang='lat' dir='ltr'>est</span> <span class='ocrx_word' id='word_1_270' title='bbox 1707 1288 1853 1352; x_wconf 75' lang='lat' dir='ltr'>nihil,</span> <span class='ocrx_word' id='word_1_271' title='bbox 1895 1289 2022 1358; x_wconf 77' lang='lat' dir='ltr'>quod</span> <span class='ocrx_word' id='word_1_272' title='bbox 2046 1291 2229 1358; x_wconf 77' lang='lat' dir='ltr'>fuctum</span> 
     </span>
     <span class='ocr_line' id='line_1_58' title="bbox 1240 1362 2228 1433; baseline 0 -18"><span class='ocrx_word' id='word_1_273' title='bbox 1240 1372 1306 1416; x_wconf 79' lang='lat' dir='ltr'>est</span> <span class='ocrx_word' id='word_1_274' title='bbox 1359 1362 1455 1433; x_wconf 60' lang='lat' dir='ltr'>(Q).</span> <span class='ocrx_word' id='word_1_275' title='bbox 1514 1362 1832 1432; x_wconf 84' lang='lat' dir='ltr'>Quapropter</span> <span class='ocrx_word' id='word_1_276' title='bbox 1896 1371 2034 1416; x_wconf 89' lang='lat' dir='ltr'>recte</span> <span class='ocrx_word' id='word_1_277' title='bbox 2073 1363 2228 1416; x_wconf 88' lang='lat' dir='ltr'>etiam</span> 
     </span>
     <span class='ocr_line' id='line_1_59' title="bbox 1240 1436 2229 1506; baseline -0.001 -16"><span class='ocrx_word' id='word_1_278' title='bbox 1240 1439 1303 1490; x_wconf 87' lang='lat' dir='ltr'>ad</span> <span class='ocrx_word' id='word_1_279' title='bbox 1345 1436 1604 1491; x_wconf 83' lang='lat' dir='ltr'>Christum</span> <span class='ocrx_word' id='word_1_280' title='bbox 1633 1438 1729 1490; x_wconf 90' lang='lat' dir='ltr'>dici</span> <span class='ocrx_word' id='word_1_281' title='bbox 1761 1445 1956 1506; x_wconf 84' lang='lat' dir='ltr'>potest:</span> <span class='ocrx_word' id='word_1_282' title='bbox 1990 1437 2229 1490; x_wconf 76' lang='lat' dir='ltr'>Dominus</span> 
     </span>
     <span class='ocr_line' id='line_1_60' title="bbox 1243 1511 2230 1566; baseline 0 -3"><span class='ocrx_word' id='word_1_283' title='bbox 1243 1513 1440 1565; x_wconf 71' lang='lat' dir='ltr'>Deua...</span> <span class='ocrx_word' id='word_1_284' title='bbox 1486 1521 1539 1565; x_wconf 79' lang='lat' dir='ltr'>tu</span> <span class='ocrx_word' id='word_1_285' title='bbox 1576 1529 1623 1565; x_wconf 86' lang='lat' dir='ltr'>es</span> <span class='ocrx_word' id='word_1_286' title='bbox 1662 1511 1792 1564; x_wconf 79' lang='lat' dir='ltr'>Deus</span> <span class='ocrx_word' id='word_1_287' title='bbox 1833 1513 1885 1564; x_wconf 81' lang='lat' dir='ltr'>in</span> <span class='ocrx_word' id='word_1_288' title='bbox 1922 1512 2046 1566; x_wconf 83' lang='lat' dir='ltr'>coelo</span> <span class='ocrx_word' id='word_1_289' title='bbox 2084 1511 2230 1564; x_wconf 75' lang='lat' dir='ltr'>ecdu-</span> 
     </span>
     <span class='ocr_line' id='line_1_61' title="bbox 1242 1587 2227 1654; baseline -0.003 -15"><span class='ocrx_word' id='word_1_290' title='bbox 1242 1588 1454 1639; x_wconf 80' lang='lat' dir='ltr'>minaris</span> <span class='ocrx_word' id='word_1_291' title='bbox 1510 1587 1694 1640; x_wconf 74' lang='lat' dir='ltr'>cunctis</span> <span class='ocrx_word' id='word_1_292' title='bbox 1747 1588 1908 1654; x_wconf 72' lang='lat' dir='ltr'>reynis</span> <span class='ocrx_word' id='word_1_293' title='bbox 1964 1587 2227 1654; x_wconf 65' lang='lat' dir='ltr'>pennum.-</span> 
     </span>
     <span class='ocr_line' id='line_1_62' title="bbox 1244 1661 2229 1730; baseline 0 -18"><span class='ocrx_word' id='word_1_294' title='bbox 1244 1663 1295 1714; x_wconf 80' lang='lat' dir='ltr'>in</span> <span class='ocrx_word' id='word_1_295' title='bbox 1333 1678 1484 1714; x_wconf 67' lang='grc' dir='ltr'><em>ἰηαηῑι</em></span> <span class='ocrx_word' id='word_1_296' title='bbox 1524 1670 1607 1713; x_wconf 80' lang='lat' dir='ltr'>tua</span> <span class='ocrx_word' id='word_1_297' title='bbox 1645 1670 1713 1712; x_wconf 72' lang='lat' dir='ltr'>est</span> <span class='ocrx_word' id='word_1_298' title='bbox 1758 1661 1992 1730; x_wconf 78' lang='lat' dir='ltr'>sort-itudo</span> <span class='ocrx_word' id='word_1_299' title='bbox 2055 1668 2098 1712; x_wconf 78' lang='lat' dir='ltr'>et</span> <span class='ocrx_word' id='word_1_300' title='bbox 2146 1677 2229 1728; x_wconf 81' lang='lat' dir='ltr'>po-</span> 
     </span>
     <span class='ocr_line' id='line_1_63' title="bbox 1244 1733 2230 1806; baseline -0.001 -19"><span class='ocrx_word' id='word_1_301' title='bbox 1244 1739 1388 1787; x_wconf 76' lang='lat' dir='ltr'>tentia</span> <span class='ocrx_word' id='word_1_302' title='bbox 1429 1734 1526 1806; x_wconf 80' lang='lat'>(3).</span> <span class='ocrx_word' id='word_1_303' title='bbox 1570 1735 1768 1787; x_wconf 87' lang='lat' dir='ltr'>Christo</span> <span class='ocrx_word' id='word_1_304' title='bbox 1821 1751 1941 1802; x_wconf 85' lang='lat' dir='ltr'>ergo</span> <span class='ocrx_word' id='word_1_305' title='bbox 2007 1741 2062 1786; x_wconf 88' lang='lat' dir='ltr'>ut</span> <span class='ocrx_word' id='word_1_306' title='bbox 2124 1733 2230 1787; x_wconf 87' lang='lat' dir='ltr'>Deo</span> 
     </span>
     <span class='ocr_line' id='line_1_64' title="bbox 1246 1809 2231 1862; baseline -0.002 0"><span class='ocrx_word' id='word_1_307' title='bbox 1246 1819 1347 1862; x_wconf 86' lang='lat' dir='ltr'>tota</span> <span class='ocrx_word' id='word_1_308' title='bbox 1387 1826 1559 1862; x_wconf 87' lang='lat' dir='ltr'>rerum</span> <span class='ocrx_word' id='word_1_309' title='bbox 1599 1817 1888 1862; x_wconf 84' lang='lat' dir='ltr'>creatarum</span> <span class='ocrx_word' id='word_1_310' title='bbox 1926 1809 2231 1860; x_wconf 83' lang='lat' dir='ltr'>universitas</span> 
     </span>
     <span class='ocr_line' id='line_1_65' title="bbox 1242 1886 2226 1953; baseline -0.002 -17"><span class='ocrx_word' id='word_1_311' title='bbox 1242 1886 1470 1937; x_wconf 86' lang='lat' dir='ltr'>subiecta</span> <span class='ocrx_word' id='word_1_312' title='bbox 1493 1892 1589 1945; x_wconf 88' lang='lat' dir='ltr'>est,</span> <span class='ocrx_word' id='word_1_313' title='bbox 1621 1900 1751 1953; x_wconf 88' lang='lat' dir='ltr'>quae</span> <span class='ocrx_word' id='word_1_314' title='bbox 1771 1899 1974 1952; x_wconf 72' lang='lat' dir='ltr'>requam</span> <span class='ocrx_word' id='word_1_315' title='bbox 1995 1894 2226 1944; x_wconf 77' lang='lat' dir='ltr'>naturae,</span> 
     </span>
     <span class='ocr_line' id='line_1_66' title="bbox 1242 1956 2225 2026; baseline -0.002 -16"><span class='ocrx_word' id='word_1_316' title='bbox 1242 1975 1331 2010; x_wconf 89' lang='lat' dir='ltr'>seu</span> <span class='ocrx_word' id='word_1_317' title='bbox 1371 1975 1579 2026; x_wconf 77' lang='lat' dir='ltr'>reynum</span> <span class='ocrx_word' id='word_1_318' title='bbox 1620 1960 1852 2011; x_wconf 73' lang='lat' dir='ltr'>creatoris</span> <span class='ocrx_word' id='word_1_319' title='bbox 1881 1958 2050 2010; x_wconf 89' lang='lat' dir='ltr'>vocari</span> <span class='ocrx_word' id='word_1_320' title='bbox 2078 1956 2225 2008; x_wconf 90' lang='lat' dir='ltr'>solet.</span> 
     </span>
     <span class='ocr_line' id='line_1_67' title="bbox 1242 2031 2232 2100; baseline -0.003 -14"><span class='ocrx_word' id='word_1_321' title='bbox 1242 2033 1350 2086; x_wconf 91' lang='lat' dir='ltr'>Non</span> <span class='ocrx_word' id='word_1_322' title='bbox 1392 2040 1563 2086; x_wconf 85' lang='lat' dir='ltr'>autem</span> <span class='ocrx_word' id='word_1_323' title='bbox 1606 2034 1667 2085; x_wconf 91' lang='lat' dir='ltr'>de</span> <span class='ocrx_word' id='word_1_324' title='bbox 1708 2034 1804 2085; x_wconf 89' lang='lat' dir='ltr'>isto</span> <span class='ocrx_word' id='word_1_325' title='bbox 1843 2048 2002 2100; x_wconf 83' lang='lat' dir='ltr'>regno</span> <span class='ocrx_word' id='word_1_326' title='bbox 2023 2031 2104 2084; x_wconf 92' lang='lat' dir='ltr'>hic</span> <span class='ocrx_word' id='word_1_327' title='bbox 2130 2047 2232 2083; x_wconf 92' lang='lat' dir='ltr'>ser-</span> 
     </span>
     <span class='ocr_line' id='line_1_68' title="bbox 1243 2106 2231 2175; baseline -0.003 -15"><span class='ocrx_word' id='word_1_328' title='bbox 1243 2124 1326 2160; x_wconf 92' lang='lat' dir='ltr'>mo</span> <span class='ocrx_word' id='word_1_329' title='bbox 1364 2116 1460 2170; x_wconf 88' lang='lat' dir='ltr'>est,</span> <span class='ocrx_word' id='word_1_330' title='bbox 1505 2108 1593 2160; x_wconf 92' lang='lat' dir='ltr'>sed</span> <span class='ocrx_word' id='word_1_331' title='bbox 1634 2108 1697 2160; x_wconf 95' lang='lat' dir='ltr'>de</span> <span class='ocrx_word' id='word_1_332' title='bbox 1736 2107 1836 2159; x_wconf 91' lang='lat' dir='ltr'>alio</span> <span class='ocrx_word' id='word_1_333' title='bbox 1876 2123 2055 2174; x_wconf 83' lang='lat' dir='ltr'>regn0,</span> <span class='ocrx_word' id='word_1_334' title='bbox 2099 2106 2231 2175; x_wconf 85' lang='lat' dir='ltr'>quod</span> 
     </span>
     <span class='ocr_line' id='line_1_69' title="bbox 1244 2182 2228 2251; baseline 0.001 -18"><span class='ocrx_word' id='word_1_335' title='bbox 1244 2184 1473 2235; x_wconf 84' lang='lat' dir='ltr'>Christus</span> <span class='ocrx_word' id='word_1_336' title='bbox 1512 2183 1782 2251; x_wconf 88' lang='lat' dir='ltr'>acquisivit</span> <span class='ocrx_word' id='word_1_337' title='bbox 1827 2182 2077 2247; x_wconf 82' lang='lat' dir='ltr'>sanguine</span> <span class='ocrx_word' id='word_1_338' title='bbox 2115 2197 2228 2242; x_wconf 86' lang='lat' dir='ltr'>suc,</span> 
     </span>
     <span class='ocr_line' id='line_1_70' title="bbox 1244 2256 2231 2325; baseline 0 -18"><span class='ocrx_word' id='word_1_339' title='bbox 1244 2264 1295 2310; x_wconf 84' lang='lat' dir='ltr'>et</span> <span class='ocrx_word' id='word_1_340' title='bbox 1334 2257 1467 2325; x_wconf 86' lang='lat' dir='ltr'>quod</span> <span class='ocrx_word' id='word_1_341' title='bbox 1510 2259 1623 2309; x_wconf 84' lang='lat' dir='ltr'>ideo</span> <span class='ocrx_word' id='word_1_342' title='bbox 1662 2272 1866 2324; x_wconf 73' lang='lat' dir='ltr'>reqnum</span> <span class='ocrx_word' id='word_1_343' title='bbox 1903 2256 2109 2323; x_wconf 62' lang='lat' dir='ltr'>cratiae,</span> <span class='ocrx_word' id='word_1_344' title='bbox 2140 2271 2231 2308; x_wconf 89' lang='lat' dir='ltr'>seu</span> 
     </span>
     <span class='ocr_line' id='line_1_71' title="bbox 1246 2329 2232 2403; baseline -0.001 -21"><span class='ocrx_word' id='word_1_345' title='bbox 1246 2347 1449 2399; x_wconf 74' lang='lat' dir='ltr'>requam</span> <span class='ocrx_word' id='word_1_346' title='bbox 1490 2332 1801 2403; x_wconf 72' lang='lat' dir='ltr'>redemptoris</span> <span class='ocrx_word' id='word_1_347' title='bbox 1842 2330 2022 2382; x_wconf 88' lang='lat' dir='ltr'>merito</span> <span class='ocrx_word' id='word_1_348' title='bbox 2060 2329 2232 2397; x_wconf 88' lang='lat' dir='ltr'>appel-</span> 
     </span>
     <span class='ocr_line' id='line_1_72' title="bbox 1247 2404 2227 2466; baseline 0 -10"><span class='ocrx_word' id='word_1_349' title='bbox 1247 2406 1398 2457; x_wconf 85' lang='lat' dir='ltr'>latur.</span> <span class='ocrx_word' id='word_1_350' title='bbox 1444 2404 1675 2457; x_wconf 84' lang='lat' dir='ltr'>Christus</span> <span class='ocrx_word' id='word_1_351' title='bbox 1728 2406 1918 2457; x_wconf 86' lang='lat' dir='ltr'>etenim</span> <span class='ocrx_word' id='word_1_352' title='bbox 1975 2404 2227 2466; x_wconf 78' lang='lat' dir='ltr'>homineS,</span> 
     </span>
     <span class='ocr_line' id='line_1_73' title="bbox 1245 2479 2226 2548; baseline -0.001 -18"><span class='ocrx_word' id='word_1_353' title='bbox 1245 2496 1369 2548; x_wconf 90' lang='lat' dir='ltr'>quos</span> <span class='ocrx_word' id='word_1_354' title='bbox 1409 2482 1623 2542; x_wconf 86' lang='lat' dir='ltr'>creavit,</span> <span class='ocrx_word' id='word_1_355' title='bbox 1685 2481 1839 2532; x_wconf 89' lang='lat' dir='ltr'>etiam</span> <span class='ocrx_word' id='word_1_356' title='bbox 1899 2479 2095 2530; x_wconf 84' lang='lat' dir='ltr'>infinito</span> <span class='ocrx_word' id='word_1_357' title='bbox 2151 2479 2226 2530; x_wconf 69' lang='lat' dir='ltr'>su?</span> 
     </span>
     <span class='ocr_line' id='line_1_74' title="bbox 1245 2554 2219 2622; baseline -0.001 -17"><span class='ocrx_word' id='word_1_358' title='bbox 1245 2554 1509 2621; x_wconf 84' lang='lat' dir='ltr'>sanguinis</span> <span class='ocrx_word' id='word_1_359' title='bbox 1551 2555 1710 2622; x_wconf 87' lang='lat' dir='ltr'>pretio</span> <span class='ocrx_word' id='word_1_360' title='bbox 1750 2554 1984 2613; x_wconf 90' lang='lat' dir='ltr'>redemit,</span> <span class='ocrx_word' id='word_1_361' title='bbox 2028 2568 2088 2605; x_wconf 90' lang='lat' dir='ltr'>ac</span> <span class='ocrx_word' id='word_1_362' title='bbox 2122 2568 2219 2621; x_wconf 91' lang='lat' dir='ltr'>pro·</span> 
     </span>
     <span class='ocr_line' id='line_1_75' title="bbox 1249 2627 2217 2696; baseline -0.003 -16"><span class='ocrx_word' id='word_1_363' title='bbox 1249 2637 1418 2696; x_wconf 86' lang='lat' dir='ltr'>pterea</span> <span class='ocrx_word' id='word_1_364' title='bbox 1459 2631 1614 2681; x_wconf 88' lang='lat' dir='ltr'>etiam</span> <span class='ocrx_word' id='word_1_365' title='bbox 1642 2628 1789 2680; x_wconf 89' lang='lat' dir='ltr'>titulo</span> <span class='ocrx_word' id='word_1_366' title='bbox 1815 2627 2086 2696; x_wconf 88' lang='lat' dir='ltr'>emptionis</span> <span class='ocrx_word' id='word_1_367' title='bbox 2114 2642 2217 2679; x_wconf 69' lang='lat' dir='ltr'>suos</span> 
     </span>
     <span class='ocr_line' id='line_1_76' title="bbox 1248 2702 2213 2770; baseline -0.001 -16"><span class='ocrx_word' id='word_1_368' title='bbox 1248 2705 1383 2764; x_wconf 85' lang='lat' dir='ltr'>fecit,</span> <span class='ocrx_word' id='word_1_369' title='bbox 1427 2703 1605 2755; x_wconf 90' lang='lat' dir='ltr'>iisdem</span> <span class='ocrx_word' id='word_1_370' title='bbox 1647 2703 1871 2770; x_wconf 84' lang='lat' dir='ltr'>legitime</span> <span class='ocrx_word' id='word_1_371' title='bbox 1917 2702 2213 2761; x_wconf 60' lang='lat' dir='ltr'>dominatus</span> 
     </span>
     <span class='ocr_line' id='line_1_77' title="bbox 1245 2778 2216 2846; baseline -0.004 -16"><span class='ocrx_word' id='word_1_372' title='bbox 1245 2785 1397 2846; x_wconf 86' lang='lat' dir='ltr'>atque</span> <span class='ocrx_word' id='word_1_373' title='bbox 1437 2779 1570 2844; x_wconf 87' lang='lat' dir='ltr'>ipsos</span> <span class='ocrx_word' id='word_1_374' title='bbox 1609 2778 1659 2830; x_wconf 90' lang='lat' dir='ltr'>in</span> <span class='ocrx_word' id='word_1_375' title='bbox 1699 2779 1993 2829; x_wconf 85' lang='lat' dir='ltr'>societatem</span> <span class='ocrx_word' id='word_1_376' title='bbox 2034 2790 2216 2829; x_wconf 88' lang='lat' dir='ltr'>saeran</span> 
     </span>
     <span class='ocr_line' id='line_1_78' title="bbox 1249 2851 2218 2919; baseline -0.002 -15"><span class='ocrx_word' id='word_1_377' title='bbox 1249 2868 1338 2904; x_wconf 90' lang='lat' dir='ltr'>seu</span> <span class='ocrx_word' id='word_1_378' title='bbox 1379 2851 1659 2904; x_wconf 82' lang='lat' dir='ltr'>Ecclesiam</span> <span class='ocrx_word' id='word_1_379' title='bbox 1700 2859 2036 2918; x_wconf 81' lang='lat' dir='ltr'>congregatos</span> <span class='ocrx_word' id='word_1_380' title='bbox 2063 2867 2218 2919; x_wconf 80' lang='lat' dir='ltr'>perp:-</span> 
     </span>
     <span class='ocr_line' id='line_1_79' title="bbox 1250 2925 2216 2994; baseline -0.003 -17"><span class='ocrx_word' id='word_1_381' title='bbox 1250 2935 1333 2978; x_wconf 87' lang='lat' dir='ltr'>tuo</span> <span class='ocrx_word' id='word_1_382' title='bbox 1371 2927 1666 2991; x_wconf 85' lang='lat' dir='ltr'>gubernans</span> <span class='ocrx_word' id='word_1_383' title='bbox 1694 2942 1814 2978; x_wconf 90' lang='lat' dir='ltr'>vere</span> <span class='ocrx_word' id='word_1_384' title='bbox 1847 2925 2216 2994; x_wconf 69' lang='lat' dir='ltr'>maetvausreqiaem</span> 
     </span>
     <span class='ocr_line' id='line_1_80' title="bbox 1247 2998 2217 3069; baseline -0.003 -17"><span class='ocrx_word' id='word_1_385' title='bbox 1247 3008 1472 3052; x_wconf 83' lang='lat' dir='ltr'>exercet.</span> <span class='ocrx_word' id='word_1_386' title='bbox 1519 3000 1614 3052; x_wconf 85' lang='lat' dir='ltr'>Per</span> <span class='ocrx_word' id='word_1_387' title='bbox 1654 3002 1785 3052; x_wconf 90' lang='lat' dir='ltr'>istud</span> <span class='ocrx_word' id='word_1_388' title='bbox 1828 3002 1999 3069; x_wconf 86' lang='lat' dir='ltr'>itaque</span> <span class='ocrx_word' id='word_1_389' title='bbox 2047 2998 2217 3052; x_wconf 87' lang='lat' dir='ltr'>inteli-</span> 
     </span>
     <span class='ocr_line' id='line_1_81' title="bbox 1247 3075 2216 3143; baseline -0.003 -17"><span class='ocrx_word' id='word_1_390' title='bbox 1247 3076 1383 3142; x_wconf 81' lang='lat' dir='ltr'>gitur</span> <span class='ocrx_word' id='word_1_391' title='bbox 1430 3091 1489 3126; x_wconf 87' lang='lat' dir='ltr'>ea</span> <span class='ocrx_word' id='word_1_392' title='bbox 1530 3075 1881 3142; x_wconf 87' lang='lat' dir='ltr'>Redemptoris</span> <span class='ocrx_word' id='word_1_393' title='bbox 1923 3081 2145 3143; x_wconf 89' lang='lat' dir='ltr'>potestas</span> <span class='ocrx_word' id='word_1_394' title='bbox 2168 3078 2216 3123; x_wconf 88' lang='lat' dir='ltr'>et</span> 
     </span>
     <span class='ocr_line' id='line_1_82' title="bbox 1248 3150 2214 3218; baseline -0.003 -17"><span class='ocrx_word' id='word_1_395' title='bbox 1248 3150 1544 3211; x_wconf 86' lang='lat' dir='ltr'>auctoritas,</span> <span class='ocrx_word' id='word_1_396' title='bbox 1589 3165 1741 3218; x_wconf 87' lang='lat' dir='ltr'>quam</span> <span class='ocrx_word' id='word_1_397' title='bbox 1781 3151 1832 3201; x_wconf 90' lang='lat' dir='ltr'>in</span> <span class='ocrx_word' id='word_1_398' title='bbox 1892 3150 2040 3202; x_wconf 88' lang='lat' dir='ltr'>terris</span> <span class='ocrx_word' id='word_1_399' title='bbox 2088 3162 2214 3201; x_wconf 69' lang='lat' dir='ltr'>exet·-</span> 
     </span>
     <span class='ocr_line' id='line_1_83' title="bbox 1248 3223 2211 3286; baseline 0 -12"><span class='ocrx_word' id='word_1_400' title='bbox 1248 3225 1373 3286; x_wconf 87' lang='lat' dir='ltr'>cuit,</span> <span class='ocrx_word' id='word_1_401' title='bbox 1435 3224 1554 3276; x_wconf 92' lang='lat' dir='ltr'>dum</span> <span class='ocrx_word' id='word_1_402' title='bbox 1622 3223 1902 3276; x_wconf 86' lang='lat' dir='ltr'>Ecclesiam</span> <span class='ocrx_word' id='word_1_403' title='bbox 1967 3223 2211 3283; x_wconf 77' lang='lat' dir='ltr'>institui,</span> 
     </span>
     <span class='ocr_line' id='line_1_84' title="bbox 1249 3296 2215 3366; baseline -0.003 -16"><span class='ocrx_word' id='word_1_404' title='bbox 1249 3314 1361 3350; x_wconf 88' lang='lat' dir='ltr'>eam</span> <span class='ocrx_word' id='word_1_405' title='bbox 1403 3299 1519 3350; x_wconf 89' lang='lat' dir='ltr'>latis</span> <span class='ocrx_word' id='word_1_406' title='bbox 1560 3297 1756 3366; x_wconf 84' lang='lat' dir='ltr'>legibus</span> <span class='ocrx_word' id='word_1_407' title='bbox 1795 3298 2028 3351; x_wconf 85' lang='lat' dir='ltr'>fundavit</span> <span class='ocrx_word' id='word_1_408' title='bbox 2068 3296 2215 3350; x_wconf 81' lang='lat' dir='ltr'>acii·-</span> 
     </span>
     <span class='ocr_line' id='line_1_85' title="bbox 1251 3370 2214 3427; baseline -0.002 -4"><span class='ocrx_word' id='word_1_409' title='bbox 1251 3375 1428 3427; x_wconf 80' lang='lat' dir='ltr'>mavit,</span> <span class='ocrx_word' id='word_1_410' title='bbox 1471 3371 1639 3422; x_wconf 80' lang='lat' dir='ltr'>eidem</span> <span class='ocrx_word' id='word_1_411' title='bbox 1670 3380 1904 3426; x_wconf 78' lang='lat' dir='ltr'>nastores</span> <span class='ocrx_word' id='word_1_412' title='bbox 1941 3387 2002 3425; x_wconf 85' lang='lat' dir='ltr'>ac</span> <span class='ocrx_word' id='word_1_413' title='bbox 2067 3370 2214 3423; x_wconf 76' lang='lat' dir='ltr'>dodo·</span> 
     </span>
    </p>
   </div>
   <div class='ocr_carea' id='block_1_11' title="bbox 1291 3545 2203 3593">
    <p class='ocr_par' dir='ltr' id='par_1_13' title="bbox 1291 3545 2203 3593">
     <span class='ocr_line' id='line_1_86' title="bbox 1291 3545 2203 3593; baseline -0.003 -8"><span class='ocrx_word' id='word_1_414' title='bbox 1291 3547 1338 3590; x_wconf 69' lang='lat'>(2)</span> <span class='ocrx_word' id='word_1_415' title='bbox 1362 3548 1483 3584; x_wconf 82' lang='lat' dir='ltr'>loaun.</span> <span class='ocrx_word' id='word_1_416' title='bbox 1510 3547 1544 3591; x_wconf 75' lang='lat'>1,</span> <span class='ocrx_word' id='word_1_417' title='bbox 1568 3548 1598 3585; x_wconf 79' lang='grc'>3.</span> <span class='ocrx_word' id='word_1_418' title='bbox 1823 3547 1872 3593; x_wconf 80' lang='grc'>(3)</span> <span class='ocrx_word' id='word_1_419' title='bbox 1894 3548 1926 3583; x_wconf 84' lang='lat' dir='ltr'>u</span> <span class='ocrx_word' id='word_1_420' title='bbox 1950 3546 2097 3591; x_wconf 75' lang='lat' dir='ltr'>Paralip-</span> <span class='ocrx_word' id='word_1_421' title='bbox 2112 3545 2148 3588; x_wconf 70' lang='lat'>2,</span> <span class='ocrx_word' id='word_1_422' title='bbox 2171 3545 2203 3582; x_wconf 66' lang='lat' dir='ltr'>G·</span> 
     </span>
    </p>
   </div>
  </div>
 </body>
</html>
