2332 3860
287 160 395 214 350

616 180 678 216 nb:
717 181 809 218 DEO
847 181 896 217 tat
936 180 1025 215 nm
1030 176 1205 215 utone·
1243 164 1307 213 AD
1343 164 1546 212 MuNnnM
1578 164 1843 212 Samum-o.

209 257 426 324 peccati,
459 263 512 311 et
551 264 733 311 natura
771 259 988 312 eandem
1031 253 1202 310 nobis-
1246 255 1327 309 de
1367 256 1501 322 facto
1539 254 1850 316 maculatur,
1882 252 1954 306 ita
1981 252 2038 306 u't
2055 250 2249 307 anima
2328 318 2332 327 ζ

206 344 343 387 cum
356 350 383 380 ι»
423 329 478 384 S.
521 331 826 400 Auqustinus
866 332 942 403 (l)
965 334 1028 389 de
1057 331 1199 383 Chri·
1261 330 1481 399 qnando
1496 330 1704 397 corpori
1734 329 1888 396 unita
1922 323 2027 393 est,
2069 316 2250 383 saltem

205 410 282 456 sto
323 403 503 468 docet,
549 423 649 458 non
702 407 888 469 solum
920 408 969 459 in
1013 413 1198 477 natura
1262 420 1353 471 per
1393 403 1630 487 aliquod
1626 404 1850 456 instans
1864 398 2061 470 peccati
2100 401 2250 477 origi·
2299 421 2323 432 ¹⁷

204 476 375 531 divina
419 478 616 531 ιιιιΙΙιιιιι
672 480 824 532 fuisse
885 486 1192 549 peccatum,

204 569 232 599 «
273 551 365 604 sed
406 568 474 604 ne
518 554 568 604 in
619 554 726 621 ipsa
771 555 975 623 quidem
1023 555 1192 608 anima

199 632 399 687 sancta,
441 633 492 678 et
550 634 722 679 mente
768 627 1008 689 homin-i&
1042 644 1191 697 quem

196 697 291 751 sibi
318 701 380 751 ad
410 700 660 752 unitatem
690 715 935 769 personae
963 702 1191 756 Verbum

195 769 287 824 Dei
328 781 677 842 cooptaverat.
721 775 807 827 sed
851 791 946 829 nec
986 777 1035 828 in
1084 777 1192 844 ipso

194 846 405 913 corpore
445 853 713 911 peccatum
744 843 906 903 ullum*
937 857 1068 914 erat3
1101 851 1188 902 sed

193 920 471 973 similitudo
522 923 692 974 carnis
733 925 927 990 peccati
985 931 1096 976 erat
1138 926 1186 977 in

195 993 433 1055 Domin0,
466 997 583 1066 quia
626 1011 762 1048 mors
804 1012 903 1048 non
947 1006 1044 1059 est,
1094 999 1186 1050 nisi

197 1066 254 1118 de
294 1064 523 1136 peccate,
555 1076 606 1122 et
636 1071 808 1138 utique
847 1087 1034 1139 corpus
1060 1071 1186 1123 illud

193 1142 407 1194 mortale
447 1150 576 1195 erat.
609 1163 634 1191 »
679 1143 729 1195 S.
763 1143 856 1195 Leo
885 1145 957 1196 Μ.
1002 1143 1081 1215 (2)
1124 1145 1187 1198 de

192 1215 543 1268 incarnatione
584 1215 771 1270 Christi
813 1219 1073 1271 disserens
1114 1221 1186 1270 in-

190 1289 319 1356 quit:
367 1309 393 1338 «
424 1287 664 1342 Assumta
693 1297 771 1343 est
798 1291 860 1343 de
900 1291 1061 1345 Matre
1089 1290 1183 1345 Do·

192 1363 313 1415 mini
356 1370 540 1416 natura
580 1380 679 1419 non
709 1364 880 1433 culpa.
911 1383 933 1413 ι)

262 1436 315 1488 5.
361 1436 594 1490 Christus
634 1439 763 1491 duas
790 1439 996 1508 quidem
1024 1439 1181 1493 >habet

190 1517 401 1562 naturas
428 1553 439 1573 ‚
484 1511 712 1564 divinam
766 1520 817 1565 et
859 1514 1136 1566 humanam
1164 1556 1175 1576 ‚

188 1583 274 1635 sed
317 1600 415 1636 una
459 1593 535 1638 est
564 1587 722 1654 ipsius
750 1602 987 1655 persona,
1019 1603 1180 1656 eaque

188 1657 387 1710 divina:
430 1665 510 1711 ast
549 1659 596 1711 in
641 1676 911 1728 personam
953 1663 1179 1714 divinam

189 1740 453 1797 peccatum
483 1733 667 1786 cadere
695 1751 793 1787 non
838 1742 1023 1803 potest3
1056 1753 1178 1803 ergo

185 1804 419 1858 Christus
461 1815 728 1875 peccatum
780 1809 1028 1877 originale
1077 1827 1174 1861 non

184 1881 460 1932 contraxit.
519 1880 571 1932 S.
615 1882 844 1933 Hilarius
908 1882 943 1934 l.
1007 1884 1075 1934 10
1116 1883 1177 1935 de

183 1951 322 2004 Trin.
368 1969 484 2006 cum
514 1955 614 2007 iam
644 1955 965 2008 divinitatem
991 1955 1174 2009 Christi

185 2035 575 2094 propugnasset,
622 2029 804 2098 inquit:
853 2049 878 2077 «
911 2030 984 2082 lta
1025 2030 1176 2083 homo

183 2100 416 2154 Christus
458 2101 618 2162 lesus,
662 2110 713 2154 et
739 2105 790 2155 in
827 2106 1045 2156 veritate
1089 2121 1177 2156 na-

184 2175 396 2228 tivitatis
435 2182 551 2238 est,
612 2176 732 2229 dum
775 2177 923 2231 homo
965 2184 1082 2243 est3
1127 2186 1177 2231 et

183 2263 283 2300 non
323 2256 439 2301 est
457 2251 508 2301 in
572 2252 881 2319 proprietate
938 2254 1170 2320 peccati.

183 2322 302 2375 dum
344 2322 579 2376 Christus
614 2331 734 2376 est.
750 2325 959 2378 ,habet
1000 2333 1050 2379 et
1092 2343 1176 2379 na-

181 2397 434 2451 tivitatem
475 2397 714 2460 hominiS,
747 2400 864 2468 quia
894 2399 1043 2453 horno
1074 2409 1170 2464 est3

184 2486 277 2522 nec
330 2477 407 2523 est
460 2472 510 2523 in
551 2473 734 2524 vitiosa
776 2473 996 2527 hominis
1036 2475 1173 2528 infir-

183 2544 379 2604 mitate,
423 2546 543 2614 quia
583 2545 815 2599 Christus
855 2555 950 2600 est.

572 2719 609 2778 §f
649 2721 771 2766 fisa.

178 2813 221 2846 ll.
249 2813 286 2847 B.
313 2813 352 2848 V.
378 2814 487 2849 Maria
503 2815 583 2850 sine
605 2816 686 2851 labe
700 2814 871 2858 originali
891 2822 1065 2859 concepta
1081 2817 1162 2852 fuit·

253 2910 318 2963 Ut
369 2911 496 2964 haee
539 2914 812 2981 propositio
838 2948 865 2975 ,<
916 2922 967 2966 et
1005 2921 1171 2967 status

178 2985 492 3052 quaestionis
519 2987 614 3039 rite
637 2987 972 3054 intelligatur,
995 2995 1172 3040 notan-

180 3057 302 3109 dum
343 3065 441 3119 est,
487 3060 535 3110 in
577 3061 765 3113 scholis
804 3061 1058 3129 duplicem
1098 3062 1170 3114 di-

88 3132 93 3138 “
179 3131 369 3197 stingui
398 3132 626 3193 modum,
658 3151 756 3202 quo
778 3141 1046 3202 peccatum
1073 3137 1170 3188 ori·

179 3200 370 3271 ginale
387 3205 745 3266 contrahitur,
791 3224 975 3276 nempe
1011 3210 1171 3277 quoad

179 3285 342 3331 actum
373 3284 431 3330 et
457 3279 618 3346 quoad
643 3280 852 3333 debitum
892 3283 1164 3335 duntaxat.

180 3350 386 3413 Quoad·
394 3357 568 3404 actum
607 3351 735 3403 illud
775 3353 1085 3418 contrahit,
1081 3357 1166 3425 qui

181 3427 278 3476 isto
316 3425 367 3476 in
405 3440 499 3478 sua
548 3427 880 3493 conceptione
919 3434 1037 3480 actu
1076 3445 1166 3482 seu

226 3522 279 3568 (1)
303 3523 352 3559 En
391 3526 428 3560 tn
454 3525 510 3560 Ps.
535 3524 590 3567 34,
614 3525 725 3560 Scrin.
741 3523 775 3568 Ω,
799 3533 834 3560 ιι.
859 3523 892 3560 2.

1262 477 1391 530 nalis
1432 492 1519 530 rea
1557 474 1645 536 sit,
1710 476 1929 542 uomodo
1969 474 2108 527 istud
2128 490 2249 543 con·
2293 495 2295 498 ·

1258 552 1417 604 traxit
1456 553 1566 620 ipse
1603 550 1658 602 S.
1726 554 1919 602 oannes
1959 547 2130 617 Bapt„
2165 550 2249 618 qui

1259 626 1459 678 nonnisi
1519 631 1632 693 post
1686 623 2072 692 conceptionem
2129 627 2247 676 ante

1257 701 1583 752 nativitatem
1622 700 1672 750 in
1715 704 1862 750 utero
1908 696 2087 751 matris
2126 712 2246 749 san·
2301 760 2307 762 .

1254 773 1509 826 ctificatus
1548 778 1645 825 est.
1690 771 1740 841 Is
1765 777 1938 824 autem
1978 775 2245 839 peccatum

1253 845 2245 915 originalecontraherecenseturquoad

1252 922 1477 975 debitum
1521 921 1809 980 duntaxat,
1843 916 1959 988 'qui,
1999 920 2245 988 quoniam
2324 943 2329 945 ·

1253 996 1301 1046 ιιι
1344 996 1601 1049 communi
1630 994 1847 1047 aliorum
1878 994 1991 1060 lege
2018 1008 2245 1062 compre-

1252 1069 1523 1132 henditur,
1568 1070 1617 1120 vi
1659 1069 1817 1136 ipsius
1858 1067 1985 1134 legis
2024 1067 2075 1119 in
2115 1067 2242 1121 alios

1252 1142 1401 1205 latae,
1447 1142 1694 1195 eiusmodi
1734 1147 2002 1209 peccatum
2031 1148 2243 1194 ›contra-

1250 1216 1371 1269 hcre
1410 1217 1657 1275 deberet,
1701 1222 1926 1282 attamen
1979 1229 2078 1267 non
2119 1230 2241 1267 con-

1249 1290 1423 1352 trahit,
1466 1291 1585 1359 quia
1614 1289 1821 1358 speciali
1861 1289 2034 1340 favore
2059 1290 2239 1345 eximi-

1246 1370 1348 1416 tur.
1375 1395 1447 1403 -—
1477 1365 1792 1423 Extiterunt,
1825 1364 2127 1430 praesertim
2160 1362 2240 1414 in-

1246 1444 1323 1489 ter
1342 1437 1605 1498 ScotistaS,
1631 1438 1715 1505 qui
1744 1436 1992 1496 dicerent,
2023 1436 2237 1490 Mariam

1246 1527 1410 1580 neque
1450 1511 1616 1581 quoad
1645 1516 1839 1570 actum,
1877 1525 2043 1578 neque
2070 1511 2235 1579 quoad

1243 1585 1470 1638 debitum
1512 1592 1780 1654 peccatum
1831 1584 2077 1650 originale
2116 1600 2236 1637 con-

1243 1661 1481 1725 traxisse3
1510 1667 1689 1713 verum
1714 1658 1864 1722 longe
1886 1658 2058 1726 plures
2099 1656 2236 1712 theo-

1244 1733 1341 1800 logi
1397 1734 1613 1792 docent,
1676 1732 1734 1784 B.
1799 1731 2066 1799 Virginem
2133 1748 2232 1786 non

1240 1807 1445 1875 quidem
1487 1807 1650 1877 quoad
1692 1812 1887 1868 actum,
1930 1806 2019 1858 sed
2060 1813 2230 1860 tamen

1240 1882 1404 1948 quoad
1447 1882 1676 1934 debitum
1716 1880 1840 1931 illud
1883 1881 2228 1943 contraxisse,

1240 1970 1338 2022 quo
1378 1955 1563 2007 infecta
1605 1955 1814 2016 fuisset,
1857 1955 1898 2006 si
1939 1969 2054 2006 eam
2093 1954 2231 2007 Deus

1239 2029 1445 2096 speciali
1476 2029 1744 2097 privilegio
1774 2043 1873 2079 non
1914 2043 2233 2096 praeservas·

1239 2109 1333 2154 set.
1379 2101 1539 2157 Maria
1578 2103 1714 2154 enim
1755 2102 1977 2155 naturali
2016 2117 2231 2170 genera-

1240 2177 1376 2228 tione
1417 2183 1722 2244 proc‘rcata,
1785 2182 1836 2227 et
1883 2176 1989 2244 ipsa
2028 2192 2231 2245 quoque

1237 2266 1267 2301 a
1305 2249 1504 2303 Christo
1534 2250 1761 2302 redemta
1778 2255 1874 2302 est:
1901 2265 2021 2302 vere
2048 2257 2226 2302 autem

1238 2324 1418 2376 redimi
1460 2341 1557 2376 non
1616 2325 1862 2393 potuisset
1881 2331 1901 2384 ’,’
1962 2325 2002 2375 si
2065 2338 2228 2392 neque

1240 2405 1506 2465 peccatum
1547 2398 1916 2458 contraxisset,
1961 2411 2126 2466 neque
2164 2397 2227 2449 il-

1239 2471 1324 2523 lud
1365 2472 1700 2525 contrahendi
1741 2471 1970 2523 debitum
2020 2470 2227 2523 habuis-

1237 2552 1332 2597 set:
1377 2546 1486 2614 ipsa
1520 2545 1634 2598 ideo
1661 2544 1890 2597 Ecclesia
1915 2543 1967 2595 in
1995 2545 2227 2598 oratione

1239 2635 1326 2685 pro
1366 2619 1495 2672 festo
1535 2618 1893 2686 Conceptionis
1932 2616 2223 2684 profitetur,

1235 2692 1399 2745 Deum
1438 2708 1498 2744 ex
1537 2698 1691 2744 morte
1715 2692 1809 2761 filii
1839 2691 2083 2760 praevisa,
2115 2692 2226 2746 Ma·
2310 2749 2319 2767 Ι

1234 2768 1364 2818 riam
1423 2766 1480 2818 ab
1533 2767 1667 2818 omni
1712 2765 1814 2817 labe
1862 2779 2222 2835 praeservasse,
2275 2773 2317 2786 ““

1234 2855 1386 2908 quam
1437 2839 1566 2892 alias
1623 2841 1885 2892 incurrere
1931 2839 2219 2893 debuisset.

1234 2915 1444 2967 Mariam
1485 2920 1659 2966 autem
1693 2911 2020 2966 immaculate
2048 2929 2228 2966 conce·
2302 2903 2329 2984 ᾗ

1236 2996 1373 3056 ptam
1414 2987 1568 3040 fuisse
1607 2987 1941 3057 sequentibus
1979 2987 2224 3082 probatur
2301 3015 2322 3053 χ

1232 3062 1569 3128 argumentis.

1304 3133 1360 3187 S.
1397 3133 1676 3203 Scriptura
1701 3135 1968 3204 insignem
2011 3131 2223 3188 exhibet

1234 3207 1441 3268 locum,
1485 3224 1550 3260 ex
1591 3224 1690 3277 quo
1742 3207 2069 3261 immaculata
2116 3207 2222 3260 Ma·

1233 3283 1335 3334 riae
1358 3283 1623 3349 conceptio
1653 3282 1852 3364 probari
1881 3288 2064 3349 potest.
2090 3280 2220 3336 Nam

1231 3353 1359 3406 Gen.
1406 3353 1493 3412 lll,
1539 3355 1605 3406 111
1632 3394 1646 3419 ‚
1689 3356 1758 3407 ait
1796 3354 2043 3411 Dominus
2082 3354 2219 3414 Deus
2298 3364 2303 3389 ‘

1229 3427 1292 3480 ad
1338 3434 1692 3495 serpentemt.
1706 3467 1743 3480 ..
1803 3426 2122 3500 Inimicitias
2127 3442 2220 3538 po·

1275 3525 1592 3572 (2)501111.2,‹te
1613 3527 1724 3563 Nanv
1740 3527 1844 3564 Dum.
1868 3535 1905 3564 ιι
1932 3526 1978 3563 3:
2067 3521 2070 3523 Α
