2332 3860
899 196 902 200 ’
947 181 1106 221 CAPUT
1141 183 1193 219 11.

51 263 224 318 dubia
235 263 505 322 ¹veritates
520 219 872 323 eontinentur,
915 277 1043 330 qua·

54 354 171 399 rum
188 342 496 404 argumenta
524 352 626 389 non
654 342 925 404 apparent,
950 335 1045 388 sci·

51 411 474 480 lieetfmysterim
516 425 578 463 ac
603 409 720 462 ideo
747 411 902 466 talem
925 408 1043 461 fidei

51 486 296 542 virtutem
316 484 496 552 exigit,
527 499 627 552 qua
651 483 803 536 homo
834 489 1041 551 paratus

51 560 117 611 sit
140 559 313 613 omnia
339 557 572 620 credere,
614 557 770 610 etiam
799 572 931 625 quae
960 574 1041 608 ra-

50 632 205 691 tionis
267 639 477 701 captum
541 631 823 684 excedunt.
875 630 1042 683 Etiam

50 705 142 758 SS.
185 705 385 767 Patres,
417 706 540 757 dum
567 705 747 757 dicunt
785 704 1042 756 credenda

52 795 183 842 esse,
225 795 357 848 quae
395 797 425 832 a
464 779 663 832 ratione
703 795 804 831 non
846 779 1041 846 perspi-

51 850 290 915 ciuntur,
333 857 418 906 vel
459 853 522 906 de
563 852 661 905 fide
701 854 751 904 in
797 853 1042 921 mysteria

53 928 358 996 loquuntur,
401 927 483 979 vel
524 927 806 986 visionem,
838 942 928 977 seu
959 942 1042 979 co-

51 1002 335 1069 gnitionem
373 1002 668 1054 intuitivam
717 1000 1038 1061 excludunt,

51 1092 184 1145 quae
222 1077 273 1127 in
314 1076 413 1128 hac
452 1076 559 1127 vita
610 1075 787 1127 haberi
840 1074 1036 1142 nequit.

51 1151 127 1203 ita
167 1151 323 1203 etiam
360 1149 412 1202 S.
471 1148 680 1200 Thomas
729 1156 807 1201 est
856 1147 1042 1200 intelli-

51 1225 272 1291 genduS,
314 1224 469 1276 dum
461 1239 510 1276 in
536 1222 682 1275 Sum.
718 1222 791 1306 (l)
833 1223 1038 1284 asserit,

51 1263 308 1352 obiectum
347 1297 465 1349 fidei
506 1313 672 1366 neque
711 1299 906 1357 visum,
954 1312 1043 1347 ne-

50 1388 150 1441 que
169 1373 356 1425 scitum
383 1387 494 1423 esse
525 1388 689 1439 posse3
724 1371 934 1423 namib.
965 1370 1017 1438 (02
1027 1367 1044 1439 )

52 1447 202 1500 dicit:
238 1465 261 1496 σι
294 1445 692 1514 Contemplatio,
736 1461 867 1514 quac
911 1443 1044 1496 tollit

50 1522 304 1574 rationem
349 1520 495 1582 fidei,
555 1527 634 1572 est
679 1519 1044 1585 contemplatio

53 1595 268 1660 patriae,
297 1610 397 1663 qua
423 1593 833 1661 supernaturalis
855 1593 1045 1644 veritas

55 1684 144 1735 per
165 1670 444 1720 essentiam
470 1668 677 1719 videtur
696 1666 830 1737 (5)».

127 1742 180 1794 5.
214 1741 464 1804 Quoniam
494 1740 722 1792 doctrina
766 1740 1045 1791 christiana

54 1817 239 1883 aquilio
277 1823 348 1868 est
374 1815 596 1866 veritatis
641 1815 906 1865 sectandam
947 1813 1047 1880 pic-

55 1898 198 1942 tatem
223 1886 298 1959 (lt)
326 1895 554 1957 praestat
595 1888 897 1954 dogmatum
945 1893 1047 1937 tra-

54 1964 262 2016 ctationi
314 1969 549 2015 attexere
613 1979 731 2014 usas
783 1961 1040 2029 practicus

55 2037 285 2106 Cognitio
324 2037 462 2090 enim
503 2037 886 2105 mysteriorum,
934 2040 1049 2084 utut

56 2119 260 2174 exacta,
291 2111 484 2163 nullius
523 2111 656 2177 apud
699 2110 862 2161 Deum
902 2107 1049 2176 pretii

57 2193 153 2247 cst,
180 2186 423 2238 destituta
452 2186 491 2235 si
515 2185 667 2236 fuerit
694 2184 861 2235 studio
891 2184 1048 2249 picta-

12 2294 15 2295 ν
60 2260 142 2311 tis,
184 2259 342 2312 Nam:
386 2256 503 2327 fides
528 2260 632 2310 sinc
671 2259 891 2325 operibus
919 2271 1048 2306 mor-

60 2341 146 2385 tua
171 2342 240 2385 est
269 2331 343 2402 (5)
367 2339 437 2383 et:
465 2332 644 2384 Scienti
673 2332 846 2383 bonam
867 2333 1044 2398 facere,

59 2419 102 2457 et
154 2424 254 2458 non
298 2407 499 2473 facienti
558 2414 806 2474 peccatam
857 2412 924 2455 est
978 2403 1049 2454 illi

57 2478 153 2550 (6).
178 2481 310 2533 Hinc
338 2481 713 2532 institutionum
738 2478 1049 2546 dogmatica-

58 2570 174 2605 rum
222 2554 311 2606 fini
366 2556 589 2606 maxime
644 2561 1050 2605 consentancum

61 2634 157 2688 est,
186 2635 242 2680 ut
283 2628 404 2680 dum
433 2629 673 2694 dogmata
715 2627 971 2695 explicata
1001 2632 1051 2677 ct

15 2732 18 2734 v
59 2702 270 2768 probata
298 2702 509 2761 fuerint,
539 2702 766 2754 breviter
793 2701 948 2752 etiam
977 2699 1052 2750 in-

59 2775 346 2843 digitetur,
396 2791 496 2844 qua
549 2777 749 2827 ratione
804 2775 1051 2826 veritates

58 2848 367 2902 theoreticae
407 2864 526 2900 cum
565 2849 803 2916 practicis
830 2864 1050 2900 connec-

57 2928 255 2984 tantur,
298 2938 553 2991 quaenam
602 2938 666 2973 ex
714 2922 1052 2974 relationibus

0 3003 14 3055 ,’
57 2997 274 3065 cognitis
295 2995 460 3049 officia
472 3003 777 3064 sequantur,
796 2995 1050 3063 quomodo

0 3106 4 3111 ·
58 3069 183 3123 fides
210 3086 363 3140 opere
383 3071 676 3137 exercenda
701 3070 787 3131 sit,
812 3085 902 3120 seu
927 3084 1051 3137 qua,-

0 3158 3 3160 ·
59 3143 135 3196 les
160 3144 421 3198 doctrinas
442 3144 696 3212 practicas
714 3159 778 3196 ex
800 3142 1052 3209 dogmati-

10 3235 21 3240 ·
59 3219 165 3271 bus
195 3231 380 3283 eruere
419 3223 674 3286 oporteat.
718 3247 781 3256 -
829 3216 1052 3268 Demum

0 3486 42 3640 ᾗ

60 3291 180 3360 quia
195 3290 513 3360 Theologiae
535 3291 857 3359 dogmaticae
883 3291 1052 3343 studio

143 3447 226 3537 {C't'
236 3449 498 3529 athri-0¹12&mute
516 3449 620 3530 11'0&¹
634 3450 1050 3536 ti1eni.1>.3,sent.1,

58 3541 138 3581 cap
164 3534 198 3578 2,
222 3538 292 3572 art
318 3536 354 3580 Ι,
378 3546 434 3582 pr.
458 3537 493 3573 4.

101 3401 662 3536 {122q1art455

0 3646 86 3860 5:5³
143 3688 147 3689 ff

1110 277 1390 331 praecipue
1411 261 1485 315 illi
1513 263 1853 326 incumbunt,
1901 269 1989 334 qui
2032 270 2099 322 ad

1112 350 1300 392 munus
1347 337 1602 404 pastorale
1646 344 1918 401 vocantur,
1962 340 2095 401 haud

1109 405 1578 477 supervacaneum,
1623 410 1712 463 sed
1758 410 1909 463 valde
1944 415 2097 479 profi-

1109 498 1264 535 cuum
1277 485 1395 546 erit,
1418 491 1472 536 ut
1506 483 1748 536 hincinde
1768 483 1953 549 saltem
1972 486 2100 538 indi-

1109 559 1320 623 gitetur,
1349 574 1602 627 quaenam
1651 559 1955 626 praesertim
1980 559 2100 626 dog-

1111 638 1247 683 mata
1298 633 1347 682 in
1390 632 1607 698 publicis
1695 632 2100 684 institutionibus

1108 705 1418 772 diligenter,
1477 713 1530 758 et
1580 705 1876 773 frequenter
1924 722 2100 772 propo-

1108 779 1295 838 nenda,
1322 779 1492 846 qualia
1510 786 1816 847 argumenta
1838 780 2102 831 rudiorum

1107 853 1795 920 capacitatiaccommodata,
1828 852 2100 921 qualeser-

1108 927 1249 978 ronei
1290 927 1427 978 circa
1455 929 1700 979 veritates
1729 926 1847 979 fidei
1880 943 2102 995 concep-

1107 1007 1191 1052 tus
1219 1002 1267 1051 in
1298 999 1482 1068 populo
1510 1008 1601 1053 aut
1628 1001 1991 1068 praecavendi,
2012 1008 2105 1053 aut

1108 1075 1399 1140 corrigendi
1430 1075 1565 1142 sint;
1609 1082 1661 1126 et
1687 1090 1962 1143 quasnam,
2017 1076 2102 1143 qui

1111 1148 1314 1215 publice
1379 1149 1605 1210 docent,
1673 1148 1906 1201 cautelas
1967 1148 2105 1200 circa

1112 1222 1387 1274 nonnullas
1443 1223 1728 1275 sententias
1781 1238 1874 1275 seu
1912 1223 2106 1289 opinio-

1113 1312 1201 1348 nes
1227 1296 1537 1364 theologicas
1557 1297 1831 1349 observare
1860 1296 2101 1348 debeant.

1110 1370 1183 1421 lta
1212 1369 1485 1437 Tlteologia
1514 1370 1802 1437 dogmatica
1825 1370 1981 1422 etiam
2002 1377 2108 1422 stu-

1110 1444 1190 1494 dio
1220 1444 1460 1512 pastorali
1491 1445 1742 1506 inservit,
1800 1445 1948 1497 cuius
1986 1459 2108 1513 quo-

1110 1531 1208 1586 que
1238 1519 1573 1570 fundamenta
1597 1519 1756 1586 ponit.

1186 1591 1338 1644 Nota.
1382 1592 1654 1645 Metliodus
1692 1591 1975 1644 scientifica
2018 1606 2106 1644 ve-

1113 1666 1291 1717 ritates
1318 1666 1610 1733 explicandi
1650 1674 1701 1718 et
1729 1666 1975 1733 probandi
2014 1664 2109 1718 ,du-

1115 1739 1230 1805 plex
1257 1746 1352 1801 est3
1386 1756 1570 1807 nempe
1598 1739 1863 1807 analytica,
1908 1755 2038 1807 quae
2078 1755 2107 1790 a

1115 1813 1511 1879 particularibus
1568 1813 1631 1864 ad
1692 1813 2036 1873 universalia,
2079 1828 2108 1862 a

1114 1886 1528 1938 conclusionibus
1578 1887 1642 1937 ad
1698 1887 1943 1954 principia
1997 1901 2110 1953 pro-

1114 1960 1346 2026 greditur
1374 2001 1385 2020 ,
1432 1967 1483 2012 et
1522 1960 1831 2026 synelectica,
1875 1975 2006 2028 quae
2046 1960 2110 2012 ab

1116 2033 1496 2085 universalibus
1550 2035 1612 2085 ad
1669 2034 2036 2101 particularia,
2080 2049 2109 2085 a

1116 2109 1376 2175 principiis
1404 2109 1467 2159 ad
1498 2107 1860 2160 conclusiones
1898 2107 2110 2159 descen·

1115 2183 1206 2233 dit.
1253 2181 1346 2233 llla
1388 2198 1484 2234 non
1510 2183 1812 2249 incongrue
1853 2183 1903 2233 in
1943 2182 2110 2232 scien-

1118 2257 1198 2307 tiis
1227 2256 1535 2322 applicatur,
1581 2257 1631 2307 in
1674 2257 1858 2324 quibus
1898 2254 2109 2307 rationis

1115 2345 1209 2397 ope
1238 2330 1484 2381 veritates
1516 2329 1838 2396 detegendae
1865 2336 1916 2380 et
1943 2330 2110 2396 deter-

1119 2404 1390 2454 minandae
1431 2410 1587 2467 sunt3
1651 2404 1780 2455 haee
1836 2408 2011 2454 autem
2057 2402 2108 2452 in

1115 2478 1391 2543 'l'beologia
1460 2478 1750 2544 dogmatica
1819 2475 2111 2528 adhibenda

1117 2559 1215 2611 est,
1248 2553 1295 2602 in
1320 2567 1420 2619 qua
1443 2553 1707 2610 veritateS‚
1734 2553 1833 2602 iam
1857 2566 1886 2601 a
1906 2551 2007 2601 Deo
2025 2565 2110 2616 pa-

1119 2626 1356 2682 tefactae,
1384 2625 1722 2692 explicandae
1743 2631 1794 2676 et
1818 2623 2110 2691 probandae

1116 2706 1258 2762 sunt3
1292 2715 1458 2766 neque
1486 2700 1621 2750 enim
1654 2699 1900 2750 veritates
1929 2711 2112 2765 supra-

1119 2772 1418 2834 rationales,
1461 2789 1553 2824 seu
1592 2771 1839 2840 mysteria
1868 2785 1958 2839 per
1986 2785 2111 2822 ana-

1119 2849 1251 2915 lysin
1293 2847 1485 2913 detegi,
1530 2853 1581 2898 et
1620 2844 1956 2898 determinari
1997 2859 2111 2912 pos-

1116 2928 1238 2973 sunt
1293 2950 1357 2958 —-
1388 2919 1705 2972 Gravissime
1744 2919 1859 2971 ideo
1898 2919 2110 2970 aberra-

1118 2998 1192 3047 vit
1235 2992 1478 3062 Georgius
1515 2993 1738 3054 HermeS,
1783 2993 1870 3061 qui
1912 2992 2106 3049 docuit,

1117 3071 1273 3120 etiam
1317 3069 1560 3118 veritates
1611 3066 1730 3118 fidei
1790 3064 2111 3118 solummodo

1118 3157 1207 3209 per
1246 3141 1545 3193 methodum
1597 3139 1912 3208 analyticam
1970 3144 2112 3190 certo

1116 3216 1384 3283 cognosci,
1430 3221 1480 3266 et
1520 3214 1726 3282 probari
1768 3229 1934 3281 posse.
1981 3211 2111 3263 Hinc

1118 3289 1463 3358 praescripsit,
1495 3294 1551 3342 ut
1574 3287 1738 3356 primo
1757 3289 1892 3350 sicut
1918 3285 1980 3337 dc
2001 3300 2112 3337 cae·

1177 3446 1210 3524 343)
1237 3445 1301 3523 Ψ
1327 3444 1362 3523 12'
1384 3444 1440 3524 ¹40

1178 3490 1214 3578 63
1241 3498 1318 3569 filii.
1342 3514 1377 3575 θ’,
1401 3514 1513 3574 isra.
