2332 3860
305 153 414 207 520

235 256 471 321 praeerat
508 250 723 320 imperio
749 293 761 315 ,
829 250 953 304 nibil
1013 250 1077 303 ab
1117 249 1230 302 aliis

235 324 546 386 hominibUS‚
589 340 715 394 quos
755 341 970 379 concors
1009 326 1229 378 benevo-

233 396 391 453 lentia
431 400 795 465 consociasset3
827 407 879 453 et
914 416 977 452 ne
1005 414 1230 468 quocun-

233 488 332 541 que
370 488 492 526 casu
533 474 723 525 sinistri
777 474 1054 543 quidquam
1096 474 1227 524 acci-

233 545 417 608 deret,
478 547 715 614 specialis
774 548 862 600 Dei
908 547 1227 613 providentia

232 621 465 674 curabat.
510 620 564 671 ld
605 621 754 674 docet
785 621 836 674 S.
886 621 1115 673 Thomas.-
1157 620 1227 672 lo·

232 708 395 762 quens
434 695 570 746 enim
631 695 693 747 de
753 697 984 764 passione
1027 696 1226 763 proprie

235 767 392 831 dicta,
434 784 567 837 quae
606 768 656 819 in
696 785 756 821 eo
795 770 1044 829 consistit,
1090 776 1145 819 ut
1172 785 1228 819 a-

230 843 388 912 liquid
429 859 458 894 a
502 842 722 894 naturali
763 859 856 895 sua
897 843 1225 907 dispositione

231 923 592 976 removeatur,
637 917 708 968 ait
749 915 855 987 (i):
905 937 927 965 «
974 917 1134 968 Homo
1175 918 1223 967 in

231 997 367 1043 statu
407 990 800 1042 innocentiae...
847 997 957 1042 erat
996 991 1225 1057 impassi-

232 1063 346 1118 bilis
383 1071 436 1117 et
474 1064 757 1116 secundum
799 1065 1024 1119 animam
1059 1071 1108 1115 et
1148 1080 1225 1115 se-

229 1138 455 1191 cundum
496 1153 713 1205 corpuS‚
751 1138 885 1190 sicut
920 1144 973 1190 et
1020 1139 1224 1189 immor·

232 1212 367 1264 talis.
403 1210 608 1264 Poterat
634 1211 771 1264 enim
798 1212 1085 1279 passionem
1118 1228 1226 1278 pro-

231 1285 407 1338 hibere
446 1285 581 1337 sicut
607 1293 658 1337 et
693 1292 930 1349 mortem,
961 1286 1001 1337 si
1032 1286 1224 1355 absque

234 1366 444 1428 peccato
484 1360 810 1427 perstitisset.
861 1379 883 1407 »

303 1432 453 1485 Nola.
501 1430 794 1500 Propositae
830 1433 1093 1484 doctrinae
1133 1433 1224 1484 ali-

231 1522 330 1576 qua
371 1513 636 1575 opponunt
674 1523 793 1558 cum
832 1506 1117 1559 Socinianis
1147 1523 1223 1559 re-

229 1586 404 1633 centes
445 1580 829 1642 Rationalistae,
873 1589 1047 1649 atque:

302 1653 407 1707 Obi.
449 1655 531 1706 i!
572 1661 750 1706 contra
810 1654 1027 1722 primam
1076 1670 1218 1722 prop.

231 1727 422 1780 Paulus
473 1729 535 1779 de
577 1728 724 1796 primi
779 1728 998 1781 bominis
1039 1729 1223 1796 produ-

231 1802 398 1854 ctione
438 1801 653 1870 loquens
691 1801 820 1854 liacc
860 1803 1032 1854 habet:
1070 1822 1094 1848 «
1130 1802 1224 1853 Fa-

231 1882 336 1928 ctus
394 1882 461 1926 est
511 1876 709 1944 primus
767 1876 910 1928 homo
967 1874 1126 1927 Adam
1166 1877 1222 1927 in

232 1948 453 2001 animam
504 1950 743 2001 viventem
756 1968 780 2012 ,·
820 1949 1117 2002 novissimus
1156 1947 1222 2000 Α-

231 2023 344 2075 dam
383 2019 657 2093 (Christus)
699 2024 752 2074 in
791 2024 1023 2091 spiritum
1062 2024 1221 2092 vivifi-

232 2104 491 2149 cantem...
538 2097 749 2149 Primus
800 2101 941 2149 homo
992 2098 1047 2150 de
1087 2104 1221 2149 terra

234 2178 501 2232 terrena-5,-
541 2171 777 2223 secundus
816 2172 968 2242 {homo
1007 2172 1063 2223 de
1100 2171 1222 2223 coelo

232 2243 440 2297 coelestis
481 2243 579 2315 (ᾖ).
629 2264 651 2293 »
695 2245 831 2312 Ergo
884 2244 1047 2298 Adam
1112 2247 1221 2297 sine

231 2319 418 2384 gratia,
460 2318 695 2371 Christus
736 2320 785 2371 in
813 2319 1005 2372 iustitia
1033 2326 1083 2372 et
1110 2336 1224 2373 san-

232 2392 411 2444 ctitate
451 2400 656 2445 creatus
695 2400 791 2445 (st.

306 2465 447 2534 Resp.
492 2465 683 2519 Paulus
710 2467 759 2518 in
790 2467 876 2519 cit.
921 2466 957 2519 l.
999 2467 1223 2521 antithe-

232 2539 310 2590 sin
350 2555 452 2592 non
494 2540 714 2592 instituit
754 2541 887 2593 inter
913 2542 1132 2607 gratiam
1157 2541 1225 2594 A·

234 2612 389 2674 darni,
433 2620 485 2667 et
504 2613 712 2677 Christi,
743 2614 831 2666 sed
873 2614 1006 2667 inter
1032 2623 1222 2671 statum

233 2688 460 2754 corporis
510 2687 694 2740 Adami
751 2703 931 2740 recens
990 2690 1130 2750 nati,
1174 2697 1225 2742 et

234 2761 458 2828 corporis
497 2760 684 2822 Christi
733 2770 846 2830 post
896 2763 1225 2815 resurrectio·

234 2849 372 2895 nem,
416 2835 490 2885 uti
530 2842 707 2903 aperte
734 2835 992 2902 colligitur
1019 2853 1081 2889 ex
1107 2853 1225 2889 con-

233 2912 401 2959 textu.
445 2907 576 2960 Hinc
615 2925 776 2961 unum
805 2925 923 2962 cum
963 2909 1062 2963 alio
1088 2926 1225 2963 com-

236 2995 449 3048 param,
492 2997 567 3034 coi
583 2999 676 3051 pus
715 2983 857 3036 Adae
895 2984 1117 3041 animale
1166 3000 1226 3037 ac

237 3059 497 3107 terrenum
536 3064 688 3110 vocat
715 3099 727 3120 ‚
773 3064 949 3126 utpote
988 3059 1101 3111 cibo
1142 3074 1228 3126 po-

235 3132 392 3196 tuque
408 3127 662 3194 indifgeus;
694 3147 879 3200 corpus
899 3147 1020 3185 vero
1040 3130 1226 3185 Christi

235 3207 348 3270 post
375 3204 821 3267 resurrectionem,
846 3221 965 3258 cum
994 3206 1123 3258 nulli
1163 3207 1228 3259 sit

237 3290 510 3344 corporeae
558 3278 848 3331 necessitati
903 3280 1182 3333 obnoxium
1209 3320 1223 3343 ‚

237 3347 466 3418 spiritale
517 3365 607 3402 seu
647 3350 871 3404 coeleste
908 3354 1132 3406 vocavit.

309 3421 417 3476 obi.
459 3422 546 3474 *2ss
605 3421 867 3476 Absonum
926 3432 1004 3479 est
1058 3427 1228 3480 dicere

287 3521 338 3566 u)
361 3521 398 3559 1.
419 3522 456 3567 9,.
477 3520 534 3566 w,
559 3527 627 3557 art.
652 3521 685 3558 8.

657 171 719 208 nr:
759 171 853 209 nizo
891 171 942 208 m
983 168 1254 206 RELATIONE
1292 167 1359 206 AD
1395 138 1605 207 Monunio
1639 165 1900 206 SPECTATO.

1291 249 1494 318 primos*
1519 247 1754 303 homines
1781 249 1832 302 in
1853 247 2052 302 iustitia
2088 254 2143 303 et
2166 262 2300 308 ευ,

1291 325 1468 376 ctitate
1499 323 1657 376 fuisse
1685 340 1713 376 a
1740 322 1847 376 Deo
1874 323 2127 377 conditos:
2157 322 2308 388 hm‘lj'*

1289 398 1428 450 enim
1486 396 1537 448 in
1597 396 1804 450 homine
1860 413 1927 451 ex
1975 397 2132 451 libera
2173 397 2317 467 ei

1287 471 1550 525 activitate
1604 471 1804 539 prodire
1861 471 2093 534 debent;
2147 485 2303 540 quo

1289 545 1525 598 catholici
1591 560 1782 612 negare
1842 552 2142 615 nequeunt,
2195 537 2332 615 qu'i

1291 636 1379 687 pro
1420 618 1648 689 quolibet
1686 626 1806 670 actu
1835 620 2098 672 moraliter
2126 619 2284 683 bono.‘
2320 614 2332 675 ἲ

1288 711 1349 746 ac
1371 693 1629 745 meritorio
1654 691 1942 746 libertatem
1970 672 2300 766 exposcuntsss

1361 767 1500 836 Resp.
1547 767 1679 819 Dum
1734 767 1882 835 primi
1941 766 2174 819 homines
2225 767 2303 834 ing

1289 842 1479 894 iustitia
1507 857 1569 893 ac
1595 842 1866 893 sanctitate
1895 840 2135 893 dicuntur
2162 852 2309 894 con-‘1

1288 916 1416 977 diti,
1461 931 1628 967 sermo
1686 931 1784 967 non
1844 920 1928 967 est·
1977 915 2041 967 de
2079 915 2332 969 actibus-.-

1288 990 1512 1041 iustitiae
1570 996 1622 1041 et
1660 988 1980 1048 sanctitatiS,
2022 989 2086 1041 ad
2151 1005 2306 1057 quos*

1290 1063 1503 1116 liberum
1544 1063 1814 1118 arbitrium
1866 1070 2005 1115 certe
2063 1076 2294 1115 concur··

1289 1153 1400 1189 rere
1440 1137 1611 1202 debe13
1643 1138 1730 1189 sed
1761 1138 1822 1189 de
1851 1143 1987 1189 statu
2029 1153 2277 1204 superna-

1287 1211 1461 1273 turali,
1505 1226 1656 1280 quem
1700 1212 1895 1263 viribus
1936 1218 2149 1263 naturae
2188 1226 2275 1262 ac-

1286 1287 1488 1353 quirere
1511 1301 1610 1337 non
1638 1286 1940 1353 potuissent3
1960 1292 2012 1337 et
2037 1285 2098 1337 ad
2121 1299 2276 1353 quem

1286 1366 1491 1412 evectos
1555 1358 1709 1411 fuisse
1761 1376 1790 1411 a
1842 1359 1946 1411 Deo
1975 1400 1987 1420 ,
2029 1359 2115 1427 qui
2155 1359 2277 1425 ipsis

1284 1435 1502 1500 gratiam
1542 1432 1950 1485 sanctificantem
1988 1433 2271 1494 concessit,

1286 1508 1553 1575 effecitque
1593 1507 1688 1559 sibi
1729 1522 1874 1559 caros
1913 1513 1964 1559 et
2002 1513 2275 1574 acceptOS,

1286 1581 1392 1648 ipsa
1432 1579 1696 1633 Revelatio
1737 1581 1903 1641 docet,
1948 1580 2093 1632 cuius
2134 1580 2277 1632 testi-

1287 1656 1456 1707 monia
1498 1671 1587 1723 per
1627 1671 1760 1707 vana
1815 1655 2079 1708 ratiocinia
2129 1669 2278 1706 ener-

1287 1731 1395 1781 vari
1438 1745 1537 1782 non
1580 1735 1810 1796 possunt.

1359 1801 1465 1855 obi.
1499 1804 1582 1854 5ss
1625 1810 1802 1855 contra
1861 1801 2075 1856 secund.
2129 1817 2271 1870 prop.

1287 1876 1439 1927 Primi
1482 1876 1713 1929 homines
1741 1877 1864 1929 nudi
1892 1883 2059 1938 erant,
2091 1882 2143 1928 et
2176 1891 2277 1928 non

1285 1950 1677 2013 erubescebant,
1710 1953 1827 2020 quia
1868 1951 1918 2003 in
1946 1956 2084 2002 statu
2111 1950 2281 2002 infan-

1285 2024 1384 2075 tiae
1425 2025 1635 2087 conditi‚
1681 2025 1906 2078 nondum
1928 2025 2153 2094 perfecto
2193 2040 2275 2076 ra-

1286 2098 1437 2150 tionis
1478 2115 1573 2150 usu
1620 2098 1923 2167 pollebant,
1980 2097 2276 2167 malumque

1284 2188 1382 2224 non
1425 2173 1794 2243 agnoscebant.
1826 2172 1962 2240 Ergo
1990 2172 2177 2225 exinde
2198 2187 2278 2224 eo·

1285 2262 1399 2299 rum
1439 2242 1739 2300 immunitas
1782 2264 1812 2300 a
1862 2245 2277 2315 concupiscentia

1283 2320 1456 2372 inferri
1499 2321 1693 2390 nequit.

1359 2394 1496 2463 Resp.
1523 2394 1684 2448 Nimis
1706 2394 1837 2447 sutili
1866 2393 2130 2447 ratiocinio
2146 2392 2275 2445 haec

1286 2468 1551 2536 proferunt
1591 2468 1892 2522 adversarii.
1930 2467 2184 2520 Adamum
2225 2466 2278 2518 in

1285 2543 1361 2593 sui
1391 2542 1651 2596 creatione
1680 2542 1962 2610 perfectum
1997 2540 2277 2594 obtinuisse

1287 2617 1498 2668 rationis
1551 2631 1701 2668 usum
1753 2631 1854 2668 una
1893 2630 2012 2677 cum
2064 2628 2278 2683 corpore

1286 2688 1461 2741 adulto
1501 2706 1568 2742 ex
1595 2691 1890 2742 narratione
1931 2689 2156 2742 mosaica
2196 2687 2278 2739 lu-

1285 2762 1522 2817 culenter
1579 2763 1820 2817 infertur.
1874 2763 2079 2816 Etenim
2143 2760 2278 2815 illico

1287 2843 1400 2903 post
1458 2838 1772 2890 creationem
1823 2837 1962 2890 Deus
2001 2836 2148 2893 illum
2187 2850 2277 2903 po·

1287 2911 1390 2962 suit
1440 2912 1491 2963 in
1547 2911 1781 2980 paradiso
1821 2917 1878 2964 ut
1927 2916 2275 2980 operaretur,
2326 2970 2330 2975 ·

1287 2991 1339 3036 et
1377 2985 1659 3039 custodiret
1697 2985 1880 3037 illum:
1924 2986 1970 3037 ei
2016 2979 2278 3037 benedixit

1287 3065 1440 3126 atque
1492 3058 1751 3127 praecepit
1807 3064 1864 3111 ut
1913 3061 2167 3111 cresceret
2216 3069 2278 3108 ac

1289 3131 1654 3199 multiplicaret
1693 3132 1916 3200 speciem
1953 3145 2120 3184 suam.
2163 3127 2277 3196 Ipse

1288 3206 1488 3258 cunctis
1545 3205 1894 3259 animantibus
1943 3219 2130 3258 nomen
2178 3203 2276 3256 im-

1289 3280 1474 3347 posuit.
1501 3277 1632 3346 Ergo
1660 3279 1724 3332 de
1762 3278 1994 3335 nuditate
2033 3293 2135 3337 non
2162 3291 2278 3329 eru·
2317 3285 2332 3335 i.

1289 3352 1564 3405 bescebant
1591 3392 1605 3414 ,
1661 3352 1779 3421 quia
1810 3351 1888 3413 rob
1951 3350 2278 3420 privilegium

1288 3425 1510 3479 iustitiae
1549 3423 1812 3493 originalis
1850 3422 2048 3478 nullam
2087 3421 2275 3480 malam
2328 3439 2332 3472 ε

1333 3527 1385 3572 (2)
1409 3527 1438 3570 1,
1461 3526 1543 3564 Gor.
1569 3525 1625 3566 15.
1648 3523 1693 3562 4⁶
1713 3529 1784 3562 etc.

2319 3407 2332 3444 i

2307 3519 2332 3570 ¹3
