2332 3860
295 177 404 231 aaa

227 273 278 326 in
325 279 475 342 partu
513 288 583 329 ex
619 275 848 344 symbolis
883 283 936 331 et
998 277 1217 331 conciliis

224 347 503 417 colligitur.
547 347 603 401 In
643 350 887 419 Symbolo
937 350 1215 419 apostolico

221 420 457 474 Christus
497 438 597 475 non
638 423 806 475 solum
844 423 1030 476 dicitur
1049 439 1214 476 conce·

220 503 334 564 ptus
370 493 662 564 ‹le-Spiritu
698 495 892 558 Sancto,
936 497 1024 548 sed
1059 497 1214 549 etiam

225 576 372 622 natus
421 585 486 621 em
536 570 711 623 Maria
763 570 975 638 Virqine,
1031 571 1216 638 quibus

225 642 397 696 verbis
435 642 662 695 Ecclesia
693 643 974 710 profitetur,
1002 642 1213 695 Mariam

224 722 284 769 ut
321 714 587 783 Virginem
625 714 888 769 Christum
937 719 1211 785 peperisse,

224 796 278 843 et
315 790 365 842 in
387 796 535 858 partu
557 788 820 856 Virginem
851 791 1212 858 permansisse3

226 879 347 916 nam
386 865 458 915 ait
495 861 548 916 S.
592 860 918 930 Auquslinas:
979 884 1006 914 «
1048 863 1098 916 Si
1130 881 1218 931 per

226 943 525 990 nascentem
565 943 983 1006 corrumperetur
1010 939 1121 990 eius
1149 939 1220 989 in·

226 1011 460 1079 tegritas,
488 1025 589 1062 non
617 1010 702 1062 ille
723 1010 786 1063 de
810 1010 1022 1078 Virgine
1047 1028 1221 1064 nasce·

228 1092 392 1147 retur,
435 1099 658 1152 eumque
699 1083 846 1145 sals0‚
888 1085 1023 1154 quod
1062 1086 1215 1147 absit,

229 1165 411 1211 natum
451 1158 513 1210 de
542 1158 753 1224 Virgine
805 1165 909 1210 tota
958 1158 1223 1212 confitere·

231 1235 316 1285 tur
356 1231 584 1284 Ecclesia
632 1229 730 1302 (1).
767 1251 793 1281 »
823 1229 1039 1285 Siricius
1086 1233 1220 1300 Papa

229 1322 366 1358 anno
405 1306 533 1367 590,
578 1305 769 1358 Romae
808 1305 939 1357 Cleri
1006 1307 1085 1358 sui
1143 1323 1223 1374 sy-

230 1380 423 1433 nodum
489 1378 730 1446 collegit,
794 1385 846 1431 et
907 1379 1220 1433 Iovinianum

231 1455 443 1523 eiusque
482 1459 763 1506 sectatores
801 1453 991 1510 Mariae
1056 1454 1222 1521 Virgi-

231 1530 447 1581 nitatem
487 1528 538 1579 in
563 1535 711 1596 partu
742 1535 989 1594 negantes
1012 1528 1224 1581 damna—

232 1604 328 1664 vit,
372 1608 424 1654 et
463 1601 561 1654 hac
599 1603 662 1654 de
704 1617 759 1654 re
799 1602 1081 1654 Ecclesiam
1124 1618 1227 1654 me-

232 1676 585 1729 diolanensem
647 1676 918 1729 certiorem
983 1677 1220 1728 reddidit.

234 1750 458 1816 Accepta
498 1749 713 1818 epistola
751 1750 914 1803 Siricii
955 1750 1225 1804 Mediolani

235 1826 331 1877 sul)
358 1823 410 1876 S.
443 1822 696 1876 Ambrosio
732 1824 1002 1877 concilium
1037 1826 1101 1877 ab
1131 1825 1229 1877 Ita-

236 1898 333 1951 liae
373 1905 424 1950 et
462 1897 658 1951 Galliae
698 1898 957 1966 Episcopis
998 1899 1227 1950 habitum

237 1979 330 2035 estv
378 1973 429 2023 in
471 1987 570 2040 quo
610 1988 788 2025 omnes
827 1973 1142 2025 damnationi
1200 1990 1228 2023 a

238 2046 415 2099 Siricio
454 2046 505 2098 in
545 2046 866 2099 Iovinianum
922 2047 1054 2098 latae
1111 2047 1229 2099 sub-

239 2122 510 2189 scripsere,
576 2127 627 2173 et
678 2121 863 2187 dogma
921 2120 1229 2173 catholicum

240 2195 303 2247 de
361 2195 652 2263 virginitate
715 2194 907 2247 Mariae
964 2195 1014 2246 in
1082 2203 1227 2263 partu

244 2269 453 2338 professi
494 2275 636 2330 sunt,
680 2275 738 2321 ut
766 2276 904 2336 patet
926 2285 991 2321 ex
1019 2268 1229 2337 epistola

242 2343 508 2412 synodica,
551 2358 682 2412 quae
720 2349 798 2395 est
835 2343 970 2395 inter
1022 2342 1234 2394 Ambro-

244 2420 414 2470 sianas
436 2418 525 2469 Ιι2.
561 2446 627 2456 -
657 2416 712 2468 ln
753 2417 967 2469 concilio
989 2417 1232 2485 Ephesino

244 2491 540 2544 Theodorus
578 2491 885 2560 Ancyranus
925 2492 975 2542 in
1005 2494 1234 2543 oratione

246 2565 420 2618 habita
471 2572 523 2617 et
579 2565 643 2617 ab
683 2565 918 2616 omnibus
956 2565 1232 2632 approbata

247 2640 406 2692 dixit:
443 2659 466 2688 «
497 2638 672 2707 Neque
696 2638 831 2691 enim
862 2645 1091 2690 nostrum
1122 2654 1235 2690 ver·

249 2714 367 2766 bum
395 2729 512 2765 cum
543 2713 759 2781 paritur,
789 2713 1071 2779 corrumpit
1099 2728 1237 2763 men·

249 2793 380 2851 tem3
447 2802 613 2856 neque
674 2786 809 2838 Deus
848 2785 1074 2839 Verbum
1117 2786 1236 2837 sub-

249 2860 487 2913 stantiale
529 2867 730 2929 partum
771 2859 966 2927 eligens
1023 2860 1236 2926 peremit

250 2934 616 3000 virginitatem.
648 2955 673 2984 n
706 2934 760 2986 ln
803 2933 1018 2986 concilio
1046 2932 1238 2984 Chalce-

252 3008 454 3060 donensi
492 3009 771 3077 approbata
811 3014 887 3059 est
927 3007 1140 3074 epistola
1179 3005 1230 3058 S.

257 3081 427 3134 Leonis
453 3082 544 3143 2ίι,
588 3084 637 3134 in
667 3098 767 3150 qua
796 3097 908 3149 cap.
943 3081 997 3142 2,
1029 3081 1233 3132 dicitur:

257 3174 284 3205 α
340 3154 497 3207 Maria
538 3154 795 3207 Christum
837 3156 981 3207 salva
1030 3155 1239 3222 virgini-

257 3235 359 3281 tate
395 3227 570 3290 edidit,
613 3228 1044 3297 quemadmodum
1095 3227 1238 3281 salva

257 3301 550 3368 virginitate
589 3304 839 3370 concepit.
870 3321 897 3352 »
1028 3348 1031 3350 ,

326 3375 460 3429 Nota
521 3374 573 3427 1.
641 3375 930 3444 Propositae
978 3375 1240 3428 doctrinae

313 3509 350 3555 1)
372 3509 415 3544 ln
436 3507 582 3544 Enchlr.
615 3516 682 3550 cap
687 3503 776 3548 .,34
788 3505 904 3542 n.10.

316 3554 355 3599 2)
376 3554 582 3590 comment.
605 3551 645 3586 in
658 3516 754 3586 ιἰΛιιτ.
766 3531 814 3590 ’2
835 3549 891 3585 22.

2243 0 2332 103 ἒξ

637 195 705 234 m:
742 196 837 236 DEO
873 194 1009 236 Lusi
1043 193 1236 235 numm
1271 188 1478 235 emulus
1511 186 1849 237 REDEMPTORE

1275 275 1563 347 sequentes
1586 268 1896 366 obiiciuntur
1915 267 2293 332 difficultates}
2319 347 2329 350 ‚

1350 349 1461 404 obi.-
1505 352 1587 404 l.⁸
1591 351 1750 404 Luc
1793 352 1850 414 2,
1908 351 2013 413 22,
2076 349 2306 424 iegitur

1277 423 1339 475 de
1369 423 1612 480 ,Christoz
1657 424 1892 477 Tulerunt
1912 423 2076 478 illum
2086 425 2140 475 in
2176 415 2329 492 1057?

1276 496 1519 557 rasulam,
1550 504 1604 549 ut
1630 498 1852 550 sisterent
1883 513 1995 550 eum
2028 487 2261 567 Domino.
2296 499 2314 569 s-

1276 569 1400 622 sicut
1444 571 1680 639 scriplum
1725 573 1872 623 estin
1899 571 2020 639 Leqe
2040 569 2265 640 Domini?

1277 644 1398 711 quia
1425 660 1566 697 omne
1614 643 1938 708 masculinam
1984 644 2267 712 adaperiens

1277 716 1467 769 vulvam
1497 725 1717 770 sanctum
1757 718 1965 770 Domino
2002 714 2263 771 vocabitur.

1279 790 1411 858 Ergo
1449 791 1683 844 Christus
1721 792 1773 843 in
1815 791 2004 859 templo
2034 791 2269 859 praesenss

1281 870 1419 917 tatus
1478 872 1528 916 et
1590 865 1807 917 Domino
1867 866 2070 917 oblatus
2132 864 2227 916 fuit
2253 906 2266 926 ‚

1279 938 1397 1005 quia
1438 939 1616 990 matris
1655 955 1779 991 suae
1807 938 2016 990 vulvam
2047 938 2268 1005 aperuit..¹

1281 1010 1448 1063 Etiam
1487 1011 1566 1064 Ss.
1613 1011 1791 1064 Patres
1832 1013 2017 1080 passim
2064 1011 2268 1074 docent,
2327 1027 2332 1029 ·

1282 1085 1332 1135 in
1364 1086 1632 1138 nativitate
1658 1086 1842 1138 Christi
1865 1092 2096 1153 apertam
2119 1085 2272 1137 fuisse

1282 1157 1487 1211 vulvam
1562 1159 1772 1213 Mariae.
1843 1159 1899 1212 S.
1973 1156 2273 1211 Athanasius

1283 1233 1431 1300 epist.
1475 1233 1537 1285 ad
1580 1234 1867 1300 Epictetum
1909 1234 2102 1301 probat·
2132 1231 2274 1284 Chri·
2319 1272 2324 1275 -

1284 1307 1347 1357 sti
1388 1321 1599 1359 carnem.
1635 1307 1856 1360 similem
1897 1313 2100 1358 nostrae
2122 1306 2273 1358 fuisse

1285 1395 1350 1430 ex
1390 1396 1470 1439 eo,
1514 1381 1646 1449 quod
1679 1381 1963 1433 «oblatum
2005 1381 2071 1431 sit
2116 1380 2274 1432 sacri·
2322 1429 2329 1433 .

1286 1453 1458 1506 ficium
1500 1462 1706 1522 propter
1746 1461 1980 1522 apertum
2011 1453 2075 1505 ab
2103 1469 2162 1505 eo
2189 1453 2276 1521 qui

1287 1534 1439 1580 natus
1480 1535 1576 1590 est,
1601 1536 1823 1580 uterum.
1857 1547 1882 1576 »
1910 1526 1962 1580 S.
1988 1527 2277 1579 Ambrosius
2309 1565 2314 1568 -

1289 1599 1363 1671 (2)
1394 1601 1547 1654 dicit:
1592 1601 1824 1654 Christus
1863 1602 2063 1670 aperuit
2102 1601 2278 1654 Matris

1288 1690 1412 1727 suae
1453 1676 1686 1738 vulvam,
1731 1683 1787 1728 ut
1827 1674 2187 1728 immaculatus
2227 1690 2278 1727 c·

1289 1750 1441 1802 xiret.
1503 1750 1644 1802 Idem
1702 1750 1881 1802 dicunt
1925 1749 1979 1802 S.
2047 1748 2280 1801 Irenaeus

1292 1822 1385 1893 (5),
1418 1823 1470 1877 S.
1503 1824 1811 1893 Epiphanius
1833 1822 1932 1895 (lt),
1960 1822 2012 1875 S.
2041 1822 2282 1890 Hierony-

1289 1913 1398 1948 mus
1450 1896 1525 1969 (5)
1574 1906 1626 1950 et
1688 1899 1794 1962 alii.
1854 1897 1987 1965 Ergo
2027 1897 2186 1951 Maria
2226 1897 2278 1948 in
2324 1944 2327 1949 ,

1294 1978 1440 2039 partu
1484 1972 1640 2039 Virgo
1681 1974 1780 2024 non
1813 1972 2110 2040 permansit.

1365 2044 1504 2114 Resp.
1549 2044 1782 2099 Christus
1826 2047 1989 2113 legem
2012 2045 2074 2097 de
2098 2044 2280 2113 primo·

1292 2120 1478 2185 genitis
1529 2119 1632 2172 Deo
1693 2119 1965 2172 offerendis
2015 2118 2284 2188 adimpleri

1293 2194 1475 2255 voluit,
1519 2201 1576 2245 ut
1615 2195 1759 2246 iuxta
1801 2192 2041 2246 vaticinia
2063 2192 2284 2261 Prophe·
2319 2254 2329 2257 ..

1296 2274 1464 2319 tarum
1504 2268 1567 2319 ad
1610 2267 1856 2335 templum
1897 2283 2045 2319 suum
2072 2267 2284 2319 veniens

1296 2342 1497 2393 Patrem
1557 2342 1832 2394 honoraret
1889 2347 1941 2393 et
1997 2357 2052 2394 se
2105 2339 2332 2392 mundi

1294 2414 1611 2467 Salvatorem
1642 2415 1950 2474 ostenderet.
1975 2414 2286 2466 Exinde'au-
2319 2411 2332 2443 ἵ

1296 2497 1398 2541 tem
1417 2505 1514 2541 non
1536 2490 1785 2557 sequitur,
1810 2488 2067 2541 Christum
2093 2488 2143 2539 in
2172 2488 2286 2539 sen·

1295 2579 1354 2615 su
1395 2563 1804 2615 adversariorum
1846 2563 2021 2613 Matris
2071 2561 2282 2613 vulvam
2320 2560 2332 2593 ἕ

1295 2638 1574 2704 aperuisse.
1595 2636 1768 2704 Neque
1802 2635 1849 2687 id
1871 2635 1922 2687 S.
1952 2634 2113 2687 Lucas
2140 2634 2279 2694 dicit,

1296 2711 1385 2762 sed
1423 2710 1587 2761 solum
1616 2709 1907 2775 generalem
1932 2709 2100 2776 legem
2130 2708 2285 2760 lsrae-

1300 2784 1400 2835 litis
1440 2784 1611 2835 datam
1637 2784 1781 2835 citat.
1814 2783 1869 2834 ln
1893 2783 2114 2835 ferendis
2137 2795 2285 2850 porro
2309 2791 2319 2843 ἴ

1299 2856 1495 2923 legibus
1536 2857 1584 2908 id
1626 2863 1824 2924 spectat
1846 2856 2125 2924 legislator,
2151 2850 2326 2924 quod*¹

1297 2930 1602 2982 naturaliter
1641 2931 1826 2983 accidit
1864 2937 1915 2982 et
1970 2930 2330 2996 ordinarium·v

1299 3011 1395 3063 est,
1440 3021 1539 3056 non
1582 3006 1715 3073 quod
1755 3012 1903 3056 extra
1941 3005 2169 3063 ordinem
2234 3007 2284 3054 et
2313 3014 2319 3046 ἱ

1302 3094 1391 3145 per
1430 3078 1736 3130 mira-culum
1777 3077 1969 3130 evenit.
2000 3107 2072 3116 —
2097 3075 2330 3146 Quodsi*

1300 3151 1380 3203 Ss.
1407 3151 1584 3203 Patres
1605 3151 1800 3212 dicunt,
1824 3151 2084 3203 Christum
2114 3144 2305 3202 Matris.

1301 3241 1424 3277 suae
1454 3225 1664 3278 vulvam
1689 3226 1984 3295 aperuisse,
1986 3215 2288 3275 'nullatenus

1301 3299 1414 3351 ideo
1433 3298 1635 3360 docent,
1660 3298 1923 3366 virginale
1934 3278 2126 3350 Mariae
2153 3291 2267 3348 clau
2288 3301 2317 3366 „3

1301 3379 1464 3425 strum
1505 3388 1595 3440 per
1615 3379 1817 3441 partum
1838 3371 2024 3424 Christi
2043 3370 2309 3447 violatum

1346 3500 1628 3592 Pnstffl'

1366 3546 1400 3593 4)
1422 3547 1531 3583 Haer
1556 3545 1611 3582 ’Π
1831 3548 1881 3596 ω)
1904 3548 1982 3586 m».
2009 3546 2045 3593 ς,
2067 3548 2148 3585 nav.
2173 3544 2231 3594 ιο,
