2332 3860
6 219 24 294 ἷ
34 233 618 306 natamus-Gwffnm
630 236 763 291 Naz.
773 235 941 291 Carm.
951 236 1015 291 de

16 307 179 387 qvirg.
190 313 270 388 ,(1)
290 315 369 367 ita
385 314 448 366 de
464 311 662 365 Christo
679 313 836 370 canit:
869 330 895 361 «
921 311 1016 364 Ve-

34 395 114 458 nit
138 391 350 444 Deus-et
377 385 606 440 mortalis
639 385 767 437 duas
803 392 1016 438 naturas

17 467 85 521 ,in
122 477 280 523 unum
321 459 584 528 colligenS,
654 458 869 512 alteram
925 459 1015 511 ab·

23 528 332 596 sconditam,
368 532 686 586 manifestam
714 531 1013 585 mortalibus

21 612 265 673 .alteram‚
308 623 523 678 quarum
564 606 651 659 illa
689 606 826 659 Deus
878 613 1008 667 erat,

29 686 156 741 haec
193 689 365 736 autem
408 688 662 749 postremo
711 681 854 733 nobis
917 679 1013 732 for-

15 764 165 813 mata
204 764 301 810 est.
338 776 364 806 »
394 754 446 810 S.
487 754 788 823 Auqustinus
822 751 898 824 (2)
942 755 1010 805 ita

34 833 253 902 loquitur
278 848 291 882 ι
327 851 352 880 «
382 830 734 895 Agnoscamus
754 829 1010 896 geminam

30 906 367 962 substantiam
407 903 592 956 Christi
618 921 630 954 τ
663 904 888 956 divinam
915 902 1014 953 sci-

29 981 148 1035 licet
184 995 282 1048 qua
322 978 549 1047 aequalis
586 984 662 1030 est
702 976 857 1037 Patri,
918 975 1011 1027 hu-

29 1069 252 1114 manam,
283 1069 380 1121 qua
411 1054 568 1103 maior
595 1058 671 1102 est
693 1051 859 1103 Pater.
890 1069 916 1099 »
938 1078 1014 1088 -—

29 1128 310 1184 Concilium
350 1125 723 1179 Chalcedonense
751 1125 1011 1176 doctrinae

29 1203 83 1256 S.
125 1202 418 1269 Scripturae
459 1207 509 1251 et
550 1199 833 1251 traditionis
890 1197 1013 1249 fide-

31 1276 144 1330 liter
182 1276 422 1328 insistens
461 1273 679 1341 Eutychi
737 1271 1010 1324 anathema

31 1351 177 1411 dixit,
221 1350 330 1401 eius
384 1348 666 1400 doctrinam
724 1346 1006 1406 damnavit,

27 1432 78 1478 et
108 1424 291 1491 dogma
345 1422 649 1474 catholicum
710 1421 787 1472 his
844 1421 1011 1472 verbis

27 1499 314 1568 proposuit:
364 1495 527 1548 Unum
557 1495 863 1562 eumdemque
903 1510 1011 1546 con-

27 1574 152 1644 fiteri
190 1571 382 1623 Filium
420 1579 461 1621 et
499 1569 563 1622 D.
596 1570 666 1623 N.
692 1570 733 1621 J.
763 1568 1012 1621 Christum

28 1653 346 1700 consonanter
384 1660 543 1695 omnes
600 1644 836 1703 docemus,
896 1659 1014 1694 eun-

31 1721 133 1773 dem
168 1720 434 1788 perfectum
474 1719 525 1769 in
564 1717 771 1779 Deitate,
802 1725 843 1769 et
895 1733 1014 1768 eun-

31 1795 136 1848 dem
147 1795 412 1862 perfectum
430 1793 482 1843 in
503 1792 823 1852 humanitate,
856 1790 1013 1856 Deum

29 1884 192 1923 verum
229 1875 271 1919 et
310 1866 548 1918 hominem
588 1881 770 1925 ceram,
813 1866 1013 1916 eundem

29 1958 91 1996 ex
120 1943 288 1993 anima
317 1940 553 1993 rationali
590 1947 631 1990 et
661 1954 874 2007 corpore,
907 1954 1014 1990 con-

29 2015 384 2069 substantialem
422 2013 571 2066 Patri
609 2014 869 2065 secundum
906 2013 1015 2065 Dei·

35 2099 196 2151 tatem,
241 2087 694 2142 consubstantialem
718 2087 851 2139 nobis
897 2104 1014 2139 eun-

33 2165 139 2218 dem
176 2164 434 2216 secundum
487 2162 851 2228 humanitatem,
902 2178 1016 2213 eun-

33 2239 230 2305 demque
258 2235 509 2288 Christum
537 2237 588 2287 in
615 2236 801 2289 duabus
821 2238 1015 2288 naturis

36 2312 302 2379 inconfuse,
346 2310 823 2371 incommutabiliter,
887 2310 1014 2362 indi-

34 2387 126 2439 oise
151 2427 164 2447 ,
207 2384 593 2454 inseparabiliter
631 2384 975 2452 aqnoscendum
998 2425 1010 2444 ,

32 2475 273 2528 nusquam
311 2458 502 2511 sublata
540 2458 812 2526 differentia
874 2465 1015 2510 natu-

36 2549 209 2586 rarum
251 2542 451 2601 propter
513 2532 799 2594 unitionem,
861 2540 904 2583 et
964 2532 1016 2583 in

34 2623 183 2660 unam
238 2622 493 2673 personam
556 2614 697 2675 atque
761 2605 1019 2659 subsisten-

33 2682 151 2734 tiam
184 2689 489 2732 concurrente
518 2678 612 2750 (3).

108 2755 160 2807 5.
179 2754 260 2806 Ea>
285 2755 470 2806 ratione
489 2754 762 2822 theologica.
782 2753 1018 2807 Haeresis

35 2822 353 2897 Eutychiana
381 2829 534 2880 etiam
554 2844 707 2882 sanae
729 2830 910 2880 rationi
935 2845 1017 2896 pe-

38 2905 172 2955 nitus
211 2901 530 2954 adversatur.
575 2902 703 2954 Nam
743 2903 783 2954 si
833 2919 898 2954 ex
963 2919 1018 2954 u·

37 2978 186 3030 nione
229 2975 375 3028 Verbi
418 2991 534 3026 cum
573 2975 889 3028 humanitate
919 2992 1018 3029 una

38 3052 90 3104 in
131 3049 329 3103 Christo
369 3056 552 3101 natura
613 3050 876 3118 prodiisset
893 3068 908 3113 3
969 3050 1017 3102 id

39 3123 228 3183 factum
269 3130 422 3184 esset,
469 3123 548 3175 vel
613 3139 702 3192 per
758 3125 1022 3176 conversio-

39 3213 148 3250 nem
187 3200 334 3250 unius
377 3203 588 3249 naturae
627 3199 676 3250 in
717 3197 904 3262 aliam3
939 3199 1017 3250 vel

41 3286 132 3339 per
168 3273 548 3324 commutationem
591 3272 852 3341 utriusque
874 3279 1019 3325 natu·

43 3359 163 3404 rae;
207 3345 288 3398 vel
327 3361 416 3414 per
453 3346 838 3414 compositionem
867 3347 1019 3400 talem

86 3515 138 3562 (1)
163 3517 278 3554 Carni.
305 3517 324 3554 l
347 3519 390 3554 de
416 3519 551 3564 virgin.
580 3529 613 3557 v.
639 3518 716 3563 ns,
739 3526 775 3556 et
797 3526 962 3566 sequent.

643 155 761 196 PARS
795 156 868 194 111.
910 154 1074 194 sueno
1110 155 1149 195 l·
1190 154 1340 194 CAPUT
1375 156 1431 194 11.

1877 139 1980 194 1167

1075 242 1132 290 ut
1153 252 1238 299 ,ex
1262 234 1462 289 duabus
1494 236 1692 290 naturis
1716 235 1930 304 integris
1956 244 2057 291 ter-

1075 311 1144 363 tia
1181 309 1432 381 quaedam
1474 317 1658 363 natura
1722 311 2054 366 coalesceret.

1073 384 1172 438 Sed
1211 382 1337 437 nihil
1374 382 1571 436 horum·
1596 383 1696 436 dici
1737 391 1922 452 potest.
1947 384 2056 439 Non

1076 474 1164 526 per
1217 458 1566 512 conversionem
1629 458 1780 510 unius
1844 464 2056 511 naturae

1074 532 1123 584 in
1164 531 1338 591 aliam,
1381 530 1548 594 (sicut
1595 547 1727 599 aqua
1768 533 1819 583 in
1881 534 2058 586 vinum

1074 622 1319 659 conversa
1358 612 1436 657 est
1499 605 1552 656 in
1617 605 1809 672 nuptiis
1858 605 2050 671 Canae3

1074 680 1150 732 vel
1190 687 1247 732 ut
1303 678 1609 748 Eutychiani
1667 679 1862 740 dicunt,
1924 681 2057 734 sicut

1072 759 1215 821 gutta
1257 754 1422 805 mellis
1460 754 1511 804 in
1551 768 1803 806 oceanum
1837 754 2056 821 proiecta

1073 828 1136 880 ab
1164 843 1296 896 aqua
1335 827 1655 888 absorbetur,
1699 834 1749 880 et
1792 829 1840 878 in
1869 843 2055 897 aquam

1073 900 1434 971 convertitur):
1467 918 1584 954 nam
1625 901 1674 953 id
1709 902 1819 954 fieri
1848 918 1946 954 non
1978 919 2058 970 po·

1075 976 1251 1027 tuisset
1275 977 1370 1027 nisi
1402 983 1585 1028 natura
1615 977 1787 1028 divina
1809 992 2059 1029 conversa

1073 1057 1207 1102 esset
1246 1050 1295 1101 in
1335 1049 1647 1108 humanam,
1698 1051 1782 1102 vel
1835 1051 2060 1104 humana

1073 1124 1121 1175 in
1163 1124 1411 1185 divinam,
1466 1124 1546 1176 vel
1602 1124 1665 1177 ab
1723 1123 1819 1176 hac
1877 1126 2060 1178 saltem

1075 1198 1250 1249 suisset
1290 1199 1544 1266 absorpta.
1593 1197 1820 1251 Primum
1860 1207 1938 1252 est
1975 1200 2061 1252 ab·

1072 1271 1234 1323 solute
1291 1270 1623 1340 impossibile,
1691 1273 1810 1340 quia
1874 1280 2058 1326 natura

1072 1345 1245 1398 divina
1286 1348 1575 1398 necessario
1612 1353 1820 1399 aeterna
1862 1355 1912 1400 et
1963 1348 2057 1400 im-

1072 1420 1347 1482 mutabilis,
1391 1422 1441 1472 in
1483 1420 1634 1473 aliam
1685 1422 1914 1474 converti
1971 1423 2060 1475 ab·

1072 1494 1236 1546 solute
1291 1497 1481 1563 nequit.
1551 1493 1845 1547 Secundum
1909 1512 2061 1564 repu-

1072 1576 1195 1636 gnat
1224 1576 1435 1621 naturae
1467 1569 1720 1621 humanae
1760 1570 2056 1636 conditioni3

1073 1659 1201 1710 quae
1241 1643 1282 1694 si
1322 1644 1372 1694 in
1397 1643 1624 1695 divinam
1646 1652 2054 1707 converteretur,

1077 1724 1287 1768 naturae
1328 1717 1530 1769 divinae
1586 1719 1832 1770 attributa
1886 1721 2054 1787 acqui-

1076 1807 1185 1842 rere
1226 1791 1452 1852 deberet,
1496 1808 1556 1843 ac
1581 1792 1791 1858 proinde
1819 1809 1883 1845 ex
1916 1793 2060 1845 finita

1075 1864 1291 1924 infinita,
1335 1882 1399 1917 ex
1430 1867 1659 1918 mutabili
1700 1867 2055 1929 immutabilis,

1074 1946 1174 1991 etc.
1213 1938 1342 1992 fieri:
1388 1939 1514 1991 haec
1552 1947 1727 1991 autem
1753 1942 1922 1993 omnia
1951 1957 2058 1994 ma·

1077 2014 1310 2065 nifestam
1343 2018 1346 2021 '
1374 2014 1827 2066 contradictionem
1900 2015 2063 2068 invol-

1076 2094 1222 2139 vunt.
1288 2086 1462 2156 Neque
1525 2095 1708 2139 natura
1760 2088 1983 2140 humana
2034 2105 2063 2141 a

1076 2162 1245 2214 divina
1274 2163 1511 2230 absorpta
1538 2178 1598 2214 ac
1626 2169 1927 2230 consumpta
1964 2163 2060 2214 dici

1079 2243 1258 2303 potest.
1304 2237 1431 2288 Nam
1471 2236 1551 2287 vel
1594 2252 1693 2287 non
1736 2237 1830 2289 suit
1861 2237 2062 2304 penitus

1078 2311 1315 2378 absorpta
1354 2327 1414 2361 ac
1460 2318 1783 2377 consumpta,
1826 2318 1878 2362 et
1937 2318 2058 2362 tunc

1078 2401 1278 2452 semper
1310 2384 1508 2436 finitum
1548 2385 1611 2436 ab
1675 2384 1890 2446 infinito,
1956 2400 2064 2436 mu-

1079 2459 1234 2510 tabile
1273 2459 1335 2510 ab
1371 2458 1694 2518 immutabili,
1740 2458 1972 2510 divinum
1999 2459 2064 2511 ab

1078 2532 1302 2584 humano
1330 2532 1380 2583 in
1409 2531 1607 2584 Christo
1635 2532 2057 2599 distingueretur:

1080 2606 1160 2658 vel
1203 2607 1295 2658 suit
1334 2608 1536 2675 penitus
1575 2607 1811 2674 absorpta
1848 2622 1910 2659 ac
1945 2622 2065 2659 con-

1079 2687 1319 2749 sumpta3
1363 2692 1412 2733 et
1453 2680 1549 2732 hoc
1570 2681 1620 2733 in
1650 2697 1771 2732 casu
1803 2696 1895 2733 nec
1922 2679 2067 2733 Chri-

1079 2762 1188 2807 stus
1230 2762 1340 2824 post
1382 2757 1622 2807 unionem
1662 2755 1757 2806 dici
1802 2762 1965 2822 potest
1991 2756 2064 2807 in·

1079 2838 1338 2892 carnatus,
1385 2845 1478 2881 nec
1517 2829 1653 2881 Deus
1692 2829 1875 2883 homo:
1914 2836 2067 2898 atque

1080 2903 1140 2956 de
1182 2905 1290 2972 ipsa
1330 2911 1511 2956 natura
1552 2904 1722 2955 divina
1765 2903 2065 2971 praedican-

1079 2977 1202 3030 dum
1242 2986 1394 3038 esset,
1438 2978 1567 3046 quod
1599 2993 1745 3045 passa
1786 2993 1847 3029 ac
1868 2984 2067 3030 mortua

1080 3051 1145 3102 sit
1169 3068 1182 3102 ε
1225 3068 1356 3121 quae
1383 3053 1551 3103 omnia
1578 3067 1606 3102 a
1647 3050 1746 3103 fide
1775 3067 1875 3104 non
1901 3051 2066 3104 solum

1080 3124 1168 3176 sed
1207 3142 1236 3177 a
1276 3133 1414 3178 recta
1457 3125 1650 3177 ratione
1708 3125 2063 3194 repudiantur.

1081 3229 1153 3237 --
1179 3198 1286 3251 Non
1320 3200 1481 3268 potuit
1508 3215 1609 3251 una
1636 3198 1744 3252 fieri
1786 3207 1970 3252 natura
2013 3216 2062 3252 in

1082 3273 1278 3325 Christo
1321 3290 1406 3340 per
1449 3275 1710 3342 utriusque
1761 3275 2066 3326 eommiwtio-

1080 3363 1215 3400 nem:
1246 3354 1354 3400 tum
1394 3350 1511 3417 quia
1552 3348 1752 3401 nonnisi
1804 3350 1855 3400 in
1915 3349 2068 3400 rebus

1129 3521 1180 3565 (2)
1205 3522 1324 3557 Traet.
1347 3519 1402 3566 78,
1427 3521 1463 3555 in
1487 3520 1542 3566 30,
1566 3530 1599 3555 u.
1614 3520 1644 3556 3.
1851 3517 1905 3566 (3)
1928 3522 2007 3555 Act.
2034 3518 2066 3556 b.
