2332 3860
0 1319 4 1344 l

3 1345 19 1457 l

19 1468 26 1551 'l

26 1559 31 1608 l

188 190 295 242 570

519 209 582 245 DE
619 208 712 246 nEo
750 200 888 246 LArsi
925 203 1113 245 HUMANI
1152 199 1355 244 GENERIS
1391 204 1729 264 amnuerom.

111 302 194 338 res
260 287 484 342 visibiles
549 288 814 363 praefecit,
883 304 1101 358 eamque
1169 289 1258 350 Q,
1302 287 1553 360 habeturt
1609 289 1786 344 Servus
1808 333 1813 335 .
1834 296 1970 344 metis
1997 282 2147 361 David

111 361 391 415 etiamnum
430 363 755 417 invisibiliter
792 365 944 433 regit,
989 379 1103 432 per·
1167 379 1256 416 νοω
1292 379 1437 432 saper
1474 362 1574 428 eoa,
1616 372 1660 418 et
1700 371 1870 436 paster
1896 373 2041 418 anas
2055 361 2148 419 ertl

108 433 217 487 ficit
254 443 313 489 et·
354 439 531 490 eontra
596 435 820 492 hostium
879 438 1103 491 insultus

109 521 272 578 usq-ue
312 510 376 563 ad
436 510 637 564 mundi
676 512 830 565 finem
893 512 1101 580 provide

109 587 303 645 tuetur,
347 591 399 638 et
437 586 654 639 eandem
711 586 984 654 gloriosam
1048 586 1098 637 in

108 657 263 709 coelis
279 665 548 712 aeternum
564 661 926 713 coronabit.-
939 660 1099 714 Multa

107 732 366 798 equidem,
396 749 527 803 quae
554 735 618 787 ad
647 751 861 803 regnum
890 734 1094 795 Christi,

107 819 198 856 seu
238 806 302 858 ad
343 805 627 861 Ecclesiam
666 816 931 877 spectant,
998 809 1098 861 iam

106 879 157 930 in
209 878 451 949 Theolog.
495 882 726 950 general.
773 882 849 954 (l)
913 890 1101 950 pertra-

106 958 243 1006 ctata
282 963 423 1017 sunt,
468 963 519 1008 et
558 956 620 1009 de
660 957 890 1009 eiusdem
930 956 1099 1009 Eccle-

106 1023 232 1080 siae'
267 1029 486 1096 gloriosa
547 1033 987 1083 consummatione
1046 1032 1094 1082 in

107 1108 252 1168 parte
292 1102 470 1156 ultima
511 1104 815 1172 Theologiae
856 1106 1098 1157 theoreti-

107 1190 196 1227 cae
236 1177 589 1231 disserendum
629 1181 745 1232 erit.
779 1179 873 1232 Hic
932 1180 1095 1231 solum

107 1250 425 1317 probandum
466 1260 563 1315 est,
608 1252 868 1306 Christum
909 1260 966 1305 ut
1018 1269 1098 1305 re-

107 1323 423 1393 demptorem
464 1343 561 1379 non
603 1328 767 1380 solum
798 1328 1096 1396 prophetam

108 1404 157 1450 et
194 1401 535 1463 sacerdotem,
578 1402 667 1454 sed
708 1403 863 1454 etiam
905 1402 957 1454 l.
1011 1402 1099 1453 Re-

109 1488 230 1539 qem,
275 1489 334 1526 ac
374 1476 426 1527 Ξ.
462 1476 671 1543 proinde
710 1477 818 1529 veri
880 1478 1097 1528 nominis

110 1546 451 1615 Leqistatorem
492 1550 645 1603 fuisse
710 1557 762 1603 et
825 1566 968 1614 esse3
1038 1551 1091 1603 5.

31 1610 42 1702 ‘t
110 1622 403 1691 eundemque
443 1624 710 1677 Ecclesiam
748 1641 889 1678 suam
947 1626 1097 1677 conti-

42 1705 47 1735 κ
111 1710 203 1746 nuo
241 1698 596 1767 sapientissime
633 1715 800 1769 reqere
845 1707 889 1753 et
926 1700 1098 1769 auber-

111 1785 244 1824 nare.

489 1897 526 1956 ς
558 1898 708 1943 eso.

374 1983 406 2021 1.
431 1985 599 2023 Christus
622 1996 731 2022 verus
753 1987 843 2023 Rex.
938 2022 944 2028 ,

182 2064 441 2120 Christum
482 2086 663 2122 verum
692 2086 863 2139 regem
892 2086 1003 2123 esse
1031 2070 1096 2122 si-

86 2124 212 2193 lauti
255 2148 331 2194 est
371 2144 661 2212 redemptor
701 2146 875 2196 mundi
903 2187 915 2206 ,
957 2144 1099 2197 Sacri

92 2196 248 2286 &Libri
287 2224 386 2268 tam
425 2219 619 2280 veteris,
680 2235 831 2287 quam
863 2223 973 2271 novi
1016 2218 1097 2271 Te-

101 2292 332 2419 stt'amenti
370 2294 629 2360 conceptis
668 2295 838 2345 verbis
889 2294 1093 2354 docent,

116 2364 332 2501 ῖὶναιὶὶιὶο
372 2372 423 2419 et
460 2368 589 2420 ratio
646 2367 921 2436 theologica,
983 2383 1100 2420 con·

148 2446 338 2492 rmant.

185 2513 235 2565 l.
279 2513 340 2565 In
395 2513 449 2567 S.
516 2514 774 2583 Scriptura
843 2513 899 2568 V.
972 2514 1093 2568 Test.

143 2585 389 2640 larissime
428 2589 745 2656 praedictum
802 2589 912 2656 fuit,
970 2589 1099 2642 Mes·

142 2660 240 2712 'am
279 2668 337 2714 ut
375 2661 566 2731 Regem
627 2670 903 2716 venturum
964 2679 1094 2715 esse.

153 2735 315 2786 salmo
355 2735 425 2797 11,
481 2738 541 2798 6,
584 2738 692 2805 ipse
755 2737 966 2790 Messias
1031 2738 1099 2789 ita

132 2806 366 2876 lquitur:
436 2810 535 2880 qu
592 2818 754 2863 autem
817 2812 1101 2864 constitutas

133 2895 220 2933 sm
268 2899 359 2936 rex
395 2884 454 2936 ab
504 2901 557 2938 eo
595 2900 740 2953 super
785 2884 906 2938 Sion
970 2901 1103 2936 mon-

135 2961 148 3005 t
241 2966 460 3010 sanctam
498 2959 626 3020 eias;
660 2961 695 3011 i.
740 2974 787 3011 e.
831 2975 985 3028 super
1012 2959 1103 3011 Ec-

136 3043 159 3080 3
194 3029 342 3092 siam,
385 3033 531 3085 cuius
570 3033 736 3099 figura
773 3032 914 3093 Sion,
957 3049 1103 3086 mons

135 3118 154 3154 s
209 3111 321 3156 ctus
359 3104 472 3158 fuit.
504 3138 576 3147 —
603 3107 784 3159 lerem.
810 3106 1000 3169 XXIII,
1047 3108 1098 3168 5,

134 3175 178 3227 le
199 3177 333 3229 itur:
377 3179 495 3231 Ecce
558 3182 660 3232 dies
725 3182 923 3233 veniunt
988 3181 1103 3234 dicit

135 3249 176 3302 D
240 3251 353 3303 inus
374 3269 393 3302 .-
420 3260 464 3303 et
507 3254 744 3306 suscitabo
795 3254 950 3308 David
999 3271 1104 3324 yer-

248 3325 453 3378 iustum:
493 3335 536 3378 et
562 3329 778 3395 reynabit
806 3345 914 3388 rea),
963 3338 1007 3382 et
1032 3346 1107 3382 sa-

173 3399 181 3409 ‘
226 3401 496 3462 serit,etc.
529 3401 806 3454 —Ezech
833 3401 1098 3466 XXXVII,

177 3525 210 3570 (2
235 3529 329 3565 Part.
354 3529 419 3566 111.
439 3529 530 3564 Sect.
542 3529 571 3564 1.

177 3571 189 3615 (
235 3572 388 3615 molid.
410 3572 444 3608 Ω.
797 3573 848 3619 (3)
874 3574 1003 3619 Can&
1027 3575 1060 3611 9.

1164 438 1383 490 omnium
1420 438 1604 492 eoram.
1652 468 1724 478 —
1782 433 2036 492 Michaeas
2062 439 2148 492 lo·

1164 527 1282 565 cum
1349 513 1635 566 nativitatis
1683 513 1896 565 Messiae
1954 513 2148 580 praedi-

1163 601 1285 638 cens
1323 587 1426 639 ait:
1469 586 1534 638 Et
1580 595 1633 638 tu
1666 585 1932 639 Bethlehem
1959 586 2148 655 Ephra-

1163 667 1211 712 ta
1238 660 1483 728 parvulus
1520 675 1568 712 es
1617 660 1670 711 iii
1707 661 1929 713 millibus
1981 661 2145 713 Iuda:

1160 749 1223 786 ea:
1261 743 1303 786 te
1341 734 1468 786 mibi
1505 734 1796 803 eyredietur,
1838 735 1924 802 qui
1961 739 2025 786 sit
2068 736 2149 788 do·

1163 809 1374 860 minator
1401 808 1497 879 (2).
1530 838 1604 847 —
1629 807 1900 860 Zacharias
1926 809 1995 861 ita
2024 807 2149 861 Mes-

1161 884 1264 934 siae
1303 883 1584 935 adventum
1625 884 2029 950 praenuntiavit:
2060 883 2150 935 Ec·

1160 972 1209 1008 ce
1247 972 1338 1009 rese
1377 965 1489 1009 taus
1526 958 1682 1009 veniet
1722 956 1809 1008 tibi
1847 957 2036 1018 iustas,
2103 965 2147 1009 et

1158 1031 1371 1083 salvator
1412 1030 1509 1102 (3).
1542 1030 1680 1083 Haec
1719 1037 1772 1083 et
1817 1030 1915 1082 alia
1973 1031 2148 1082 vatici·

1162 1106 1242 1156 nia
1283 1106 1584 1166 effecerunt,
1630 1104 1880 1157 utludaei
1909 1103 2145 1157 Messiam

1160 1185 1401 1249 tanquam
1424 1180 1612 1246 Regem
1631 1179 2038 1247 potentissimum
2060 1194 2147 1231 ex-

1162 1261 1443 1321 pectarent,
1486 1261 1537 1306 et
1596 1253 1724 1306 baec
1786 1268 1964 1306 eorum
2020 1252 2145 1305 fides

1161 1329 1361 1380 veritati
1402 1343 1624 1380 consona
1664 1328 1792 1391 fuit3
1836 1333 1916 1379 ast
1954 1329 2003 1380 in
2051 1327 2146 1379 hoc

1161 1404 1376 1470 turpiter
1414 1404 1739 1463 aberrarunt,
1783 1401 1917 1469 quod
1974 1403 2146 1454 crede·

1160 1484 1311 1537 rent,
1362 1477 1599 1531 Messiam
1639 1491 1812 1542 regem
1853 1476 1973 1528 sore
2023 1483 2147 1527 tem·

1160 1550 1407 1619 poralem,
1450 1553 1535 1620 qui
1576 1557 1757 1618 gentes
1796 1549 2146 1603 debellaturus

1159 1633 1310 1692 esset,
1351 1627 1535 1694 quibus
1577 1626 1720 1677 iuxta
1787 1625 2147 1693 promissiones

1159 1700 1359 1752 divinas
1400 1700 1803 1753 benedictionem
1863 1705 1973 1752 erat
2027 1697 2150 1751 alla-

1161 1781 1307 1826 turus
1337 1772 1435 1843 (lt).

1232 1849 1285 1900 2.
1333 1848 1389 1899 In
1427 1845 1602 1919 {Libris
1638 1846 1760 1919 [novi
1808 1846 1930 1899 Test.
1992 1846 2150 1914 Regia

1160 1922 1378 1989 dignitas
1427 1930 1477 1974 et
1518 1930 1739 1991 potestas
1797 1920 1996 1974 Christo
2061 1921 2149 1972 tri-

1161 1996 1350 2049 buitur.
1397 1996 1519 2049 Luc.
1561 1997 1599 2059 I,
1645 1997 1735 2056 52,
1780 1995 1967 2047 Mariae
2007 1993 2151 2046 Chri-

1160 2071 1222 2121 sti
1263 2073 1527 2139 conceptio
1567 2077 1619 2123 et
1661 2069 1900 2121 nativitas
1947 2085 2150 2120 annun-

1163 2145 1336 2210 tiatur,
1376 2151 1427 2197 et
1476 2145 1538 2195 de
1596 2144 1774 2196 eodem
1831 2146 1895 2194 ab
1952 2142 2150 2210 Angelo

1161 2218 1384 2270 dicitur:
1429 2218 1572 2270 Dabit
1611 2218 1683 2270 illi
1726 2218 1964 2269 Dominus
2021 2217 2150 2269 Deus

1160 2293 1312 2344 sedem
1353 2293 1513 2344 David
1549 2292 1706 2359 patris
1744 2293 1866 2351 θέας,
1909 2302 1952 2343 et
1978 2307 2151 2359 reyna-

1162 2366 1226 2418 bit
1268 2369 1319 2418 in
1358 2368 1495 2418 domo
1534 2366 1673 2418 Iacob
1711 2366 1765 2417 in
1804 2373 2074 2424 aeternum,
2108 2372 2153 2417 et

1161 2442 1300 2507 reqni
1338 2441 1441 2492 eias
1480 2457 1576 2492 non
1610 2441 1703 2492 erit
1736 2440 1866 2510 finis,
1900 2469 1973 2478 —
1998 2439 2151 2507 Magi,

1161 2517 1245 2583 qui
1286 2515 1531 2567 divinitus
1561 2515 1799 2566 illustrati
1843 2514 1991 2566 stella
2021 2514 2151 2565 duce

1162 2589 1569 2658 Hierosolymam
1599 2595 1874 2648 venerunt,
1906 2594 1964 2640 ut
2001 2603 2145 2656 quae-

1162 2664 1316 2715 situm
1344 2664 1575 2715 invenire
1603 2663 1817 2730 possint,
1863 2661 1941 2713 his
1982 2662 2130 2714 verbi’

1162 2738 1515 2803 interrogant:
1561 2737 1652 2789 Ubi
1688 2744 1775 2798 est,
1806 2737 1891 2803 qui
1916 2742 2062 2787 natus
2086 2737 2133 2782 st

1163 2811 1266 2864 Rem
1288 2811 1578 2864 Iudaeorum
1602 2809 1707 2881 (5)?
1726 2817 1879 2878 atque
1901 2810 1995 2878 ipsi
2018 2811 2131 2877 prn-

1163 2887 1299 2953 cipes
1339 2901 1631 2955 synagogae
1671 2891 1723 2936 et
1760 2884 1957 2936 scribae
1997 2894 2132 2951 pom·

1164 2959 1196 3011 li
1221 2961 1374 3028 probe
1402 2960 1788 3019 intellexerunt,
1820 2957 1994 3025 Magos
2026 2952 2132 3009 1168-

1164 3035 1290 3085 siam
1331 3035 1612 3103 inquirere,
1655 3033 1741 3101 qui
1781 3037 2132 3099 tanquamve·

1165 3123 1252 3159 rus
1292 3124 1383 3160 rex
1423 3125 1453 3160 a
1504 3107 1703 3160 ludaeis
1761 3104 2131 3174 expectamur.

1165 3180 1395 3234 Christus
1434 3183 1540 3249 ipse
1579 3179 1915 3247 interroganti
1967 3175 2134 3231 Plato,

1165 3272 1229 3307 an
1271 3263 1406 3308 esset
1445 3271 1557 3316 rex,
1601 3254 1879 3322 respondit:
1908 3250 1980 3302 Ta
2001 3247 2136 3306 licis,

1166 3330 1282 3398 qaia
1320 3345 1412 3381 rex
1449 3345 1558 3381 sum
1584 3344 1665 3396 eqo
1705 3325 1804 3398 (6).
1835 3326 1891 3379 In
1933 3319 2137 3392 Apocal.

1167 3403 1309 3456 lesus
1346 3402 1579 3458 Christus
1613 3401 1827 3454 dicitur:
1891 3396 2031 3451 Testis
2090 3393 2144 3463 fi-

1211 3531 1262 3619 ἱί)
1287 3531 1359 3566 Cir.
1383 3531 1553 3574 Theolog.
1581 3528 1739 3574 general.
1758 3525 1783 3573 5
1806 3525 1883 3569 118,
1907 3527 1944 3561 in
1968 3529 2056 3560 nota.

1228 3576 1260 3619 5)
1289 3574 1456 3614 mannil,
1481 3573 1510 3609 2.
1814 3571 1867 3607 {3¹
1892 3571 1985 3604 'mm
2011 3565 2070 3610 18,
2093 3559 2148 3600 3²·
