2332 3860
0 0 102 167 Ἐς
114 0 147 24 ''-
157 22 163 33 '
208 0 231 22 7

78 65 106 83 ¹⁴1.
137 55 142 59 .
166 48 172 59 ⁸
183 83 189 89 ἱ

725 102 846 142 rans
880 103 934 140 u.
978 102 1144 141 saevio
1181 102 1236 141 u.
1281 100 1430 140 cirur
1466 101 1506 140 1.

12 151 208 264 mque
245 174 492 247 nostrum,
534 184 708 238 addit:
740 186 794 237 in
816 185 932 254 'ipso
956 184 1086 237 enim

7 246 78 331 ἐξ
109 267 328 323 vivimus,
360 275 645 385 ηιονεηαανὸ
658 266 701 312 el
727 273 915 311 sumus.
947 258 1087 385 lgem

159 383 162 387 .
558 350 583 386 r
651 334 689 386 it
746 349 813 386 ex
859 335 970 386 eius
1007 348 1088 385 em

0 355 61 438 ’ἐξ
106 340 555 483 ῗξὲῖῖὶῃιεὲἲὺίξ
565 350 858 472 'onuoniam
884 424 945 461 ex
969 407 1087 476 ipso,

44 493 61 550 ’ἶ
106 495 257 556 ot'per
293 485 451 554 ipsum
476 490 519 535 οι
545 483 598 534 in
636 484 738 551 ipso
776 489 888 535 sunt
925 482 1090 534 omnia

45 560 205 634 flu).
245 578 272 610 a
300 558 492 622 Quibus
532 556 772 615 ostendit,
814 555 1090 623 ait-Oriqe·

1946 83 2052 140 5915

1148 185 1213 237 in.
1238 182 1444 237 houii’ne
1495 196 1597 235 non
1653 180 1983 250 conspicitur,
2042 179 2133 236 sed

1149 263 1230 313 ex⁷
1257 264 1394 311 motu
1435 257 1658 326 corporis
1696 257 2041 325 cognoscitur,
2063 257 2133 311 ita
2163 265 2178 277 ··

1151 333 1286 386 Deus
1324 332 1586 401 corporeis
1618 330 1780 384 oculis
1817 330 1980 383 videri
2042 345 2134 384 ne-

1150 408 1278 477 quit,
1320 405 1408 460 sed
1450 420 1540 475 per
1575 421 1725 458 suam
1762 404 2136 474 protritlentiam

1151 496 1344 551 suaque
1362 495 1515 549 opera
1550 480 1872 548 cognoscitur
1913 485 1965 532 et
2001 479 2138 532 vide·

1155 564 1254 609 tur.
1313 574 1340 605 >›
1401 554 1452 607 S.
1497 554 1728 607 Irenueas
1791 551 1868 626 (7)
1930 554 2134 623 inquit:

107 642 189 689 nes
215 630 311 706 (Ξ),
345 632 649 700 principium
677 629 983 683 subsistendi
1013 645 1091 682 re-

27 703 63 786 ’ἱ
108 719 221 764 r'um
261 707 488 760 omnium
527 706 580 758 in'
618 721 677 757 eo
709 746 721 767 ,
765 704 898 774 quod
939 703 1087 767 dicit,

32 815 34 818 >
109 799 171 839 ex
206 783 339 852 ὄρεος
378 780 821 833 conservationem
884 786 1088 839 autem,

19 858 22 862 ’
110 872 227 913 cum
266 858 359 916 ait,
394 870 485 926 per
524 856 681 924 ipsum
694 872 717 917 ,-
757 853 912 905 finem
951 853 1092 904 deni-

64 994 66 999 ,
108 947 226 1002 que,
266 945 386 983 cum
426 930 578 992 dicit,
622 930 674 981 in
701 930 822 997 ipsc.
855 956 925 968 —
951 926 1094 979 Simi-

109 1006 224 1059 liter
279 1004 436 1057 Hebr.
499 1003 541 1066 1,
586 1003 639 1064 3,
683 1002 819 1055 Deus
877 1002 1093 1054 dicitur:

107 1087 302 1150 portans
340 1078 503 1130 omnia
543 1077 681 1130 verbo
719 1077 921 1129 virtutis
957 1092 1091 1137 suae,

113 1173 141 1206 κ
170 1154 263 1207 boc
304 1160 400 1214 est,
445 1153 607 1221 inquit
641 1151 693 1203 S.
727 1150 1097 1219 Chrysostomus

50 1231 54 1238 '
109 1227 208 1299 (5),
231 1228 542 1295 gubernanS,
568 1233 618 1278 et
650 1242 779 1295 quae
800 1225 1092 1287 concidunt,

69 1331 76 1339 ι
110 1303 287 1356 fovens
324 1318 386 1354 ac
423 1316 752 1354 conservans
790 1320 815 1349 »
871 1300 1097 1369 Denique

114 1376 169 1430 S.
212 1376 394 1430 Petrus
434 1377 660 1428 divinam
726 1374 1096 1444 providentiam

114 1451 401 1521 profitetur,
446 1459 496 1503 et
535 1450 730 1511 fideleS‚
774 1457 830 1502 ut
863 1466 979 1501 cum
1008 1449 1100 1501 hu-

114 1526 330 1579 militate
369 1532 420 1577 et
447 1525 754 1577 confidentia
783 1540 837 1576 se
864 1524 936 1575 illi
965 1540 1100 1576 com.-

52 1599 68 1622 ⁵
113 1602 340 1660 mittant,
386 1599 687 1651 exhortatur
739 1599 942 1650 dicens:
997 1598 1100 1650 Hu-

63 1724 66 1730 ,
113 1674 382 1727 miliamini
419 1675 573 1742 ἱρέων
612 1673 701 1725 sub
740 1673 922 1742 potenti
949 1689 1101 1725 nianu

115 1749 226 1808 Dei,
277 1756 331 1800 ut
370 1764 444 1800 vos
483 1746 654 1799 exaltet
696 1748 747 1799 in
789 1756 996 1815 tempore
1036 1751 1103 1799 vi·

117 1821 378 1882 sitationis,
421 1838 607 1874 omnem
646 1821 998 1874 solicitudine-m
1034 1838 1102 1874 ve-

117 1908 274 1953 stram
306 1897 613 1966 proficientes
639 1896 691 1947 in
710 1912 839 1956 eum,
871 1897 1101 1964 quoniam

117 1972 210 2042 ipsi
247 1987 367 2024 cura
405 1979 471 2023 est
500 1972 555 2023 de
594 1970 719 2023 vobis
748 1968 844 2041 (lt).

188 2047 243 2098 2.
286 2045 617 2099 Constantem
655 2052 707 2097 et
759 2043 1101 2097 universalem

120 2119 274 2173 fidem
337 2120 595 2172 Ecclesiae
659 2119 722 2172 de
786 2120 1102 2188 providentia

66 2208 71 2226 “
117 2194 291 2248 divina
355 2193 435 2248 Ss.

67 2262 71 2274 ’
120 2268 454 2337 Athenayoras
477 2266 552 2340 (5)
582 2270 652 2321 ita
679 2268 918 2337 loquitur:
945 2288 969 2317 «
987 2268 1104 2331 Qui-

119 2359 322 2413 cunque
362 2343 525 2396 Deum
564 2347 621 2395 ut
646 2341 939 2395 Creatorem
999 2344 1104 2394 uni—

121 2419 255 2471 versi
299 2417 620 2485 profitentur,
664 2419 773 2470 eius
827 2419 1106 2485 sapientiae

121 2499 172 2547 et
210 2492 430 2544 iustitiae
463 2493 615 2544 etiam
639 2493 867 2543 omnium
896 2508 1105 2559 operum

121 2569 563 2620 conservationem
604 2573 656 2618 et
683 2566 1106 2634 gubernationem

121 2641 412 2694 adscribere
439 2657 512 2699 ¹ac
559 2641 768 2693 credere
808 2641 1014 2703 debent,
1058 2643 1107 2693 in

125 2715 264 2769 coelo
304 2722 355 2768 et
394 2716 445 2767 in
486 2723 624 2767 terra
685 2715 809 2767 nibil
873 2731 996 2768 cura
1061 2724 1109 2768 et

126 2791 373 2858 tegimine
421 2790 652 2850 dest-itui,
704 2790 792 2841 sed
843 2790 1110 2857 providen-

93 2906 104 2912 -
128 2864 250 2917 tiam
288 2863 543 2916 Creatoris
583 2863 645 2914 ad
675 2864 845 2915 omnia
875 2866 1007 2917 entia
1038 2866 1111 2916 in-

74 2944 81 2955 “’
129 2938 345 2991 visibilia
384 2945 434 2990 et
474 2938 712 2999 visibilia,
745 2954 899 3007 parva
930 2946 981 2991 et
1008 2954 1112 2991 ma-

101 3027 230 3082 ¹gna
272 3012 512 3064 extendi:
559 3028 677 3064 nam
736 3028 913 3065 omnes
970 3029 1111 3065 erea-

133 3091 276 3139 turae
316 3086 635 3155 providentia
676 3087 906 3154 indigent
965 3086 1114 3140 Crea-

133 3162 274 3213 toriS.
336 3180 362 3210 »
417 3159 473 3215 S.
543 3160 827 3230 Theophilus
884 3160 1000 3215 Ant.
1051 3163 1112 3215 ad

86 3256 91 3270 ¹
135 3231 304 3288 Autol.
338 3234 412 3306 (6)
460 3235 664 3288 scribit:
709 3255 733 3286 «
766 3236 907 3289 Sicut
946 3238 1112 3289 anima

181 3349 214 3391 (ι
254 3351 358 3387 num.
383 3351 438 3391 11,
459 3352 512 3389 aa.
694 3352 745 3396 (2)
771 3354 806 3389 L.
834 3353 869 3399 e,
892 3363 926 3392 c.
953 3355 1111 3393 cusum.

181 3392 218 3527 {i
257 3395 359 3430 Hom.
390 3396 426 3437 2,
450 3398 487 3431 in
510 3398 573 3440 Ep.
599 3398 643 3431 ad
666 3398 773 3433 Hebr·
852 3415 855 3417 ·
996 3413 999 3417 ·

197 3481 219 3517 5

220 3438 359 3527 3213&
382 3441 420 3475 C.
445 3440 478 3481 5,
502 3451 535 3476 v.
561 3442 596 3483 6,
622 3442 655 3476 7.

341 3493 361 3519 e
383 3493 518 3523 resurr.
542 3495 578 3522 u.
606 3485 659 3522 18.

498 2194 664 2247 Patres
727 2200 1099 2246 contestantur.
1134 2198 1142 2219 ⁴

1158 650 1182 680 «
1214 630 1547 690 confitemur,
1590 630 1707 699 quia
1749 627 1872 680 nihil
1931 628 2139 681 omnino

1155 706 1336 757 horum
1375 702 1506 773 quae
1542 704 1679 758 iacta
1718 709 1839 755 sunt
1895 709 1948 756 et
2009 717 2141 772 quae

1154 779 1282 832 fiunt
1323 785 1375 831 et
1412 778 1557 841 fient,
1607 778 1772 830 Deum
1826 777 1984 845 fugit:
2051 776 2139 829 sed

1157 868 1243 921 per
1272 852 1408 905 illius
1429 853 1798 921 providentiam
1825 851 2142 921 unumquod-

1156 943 1253 997 que
1274 943 1450 980 eorum
1479 935 1530 980 et
1552 927 1803 988 habitum,
1835 931 1886 979 et
1910 926 2140 979 ordinem

1158 1009 1208 1055 et
1247 1017 1520 1062 numerum
1560 1009 1611 1055 et
1664 1002 2004 1071 quantitatem
2060 1016 2141 1054 ac·

1158 1078 1347 1145 cipere,
1392 1084 1442 1129 et
1480 1078 1741 1145 accepisse
1782 1076 2059 1144 propriam,
2095 1082 2144 1128 et

1162 1152 1283 1203 nibil
1324 1152 1531 1204 omnino
1569 1167 1701 1204 vane
1742 1150 1879 1212 fieri,
1917 1150 2006 1203 sed
2027 1164 2146 1203 oum

1161 1241 1344 1292 magna
1403 1226 1662 1294 aptatione
1722 1232 1772 1278 et
1813 1226 2148 1278 consonantia

1160 1301 1386 1363 sublimi,
1430 1308 1480 1353 et
1519 1316 1632 1354 esse
1673 1300 2029 1353 admirabilem
2067 1315 2148 1353 ra-

1161 1377 1350 1427 tionem
1409 1382 1459 1428 et
1523 1391 1642 1428 vere
1707 1375 1955 1436 divinam,
2016 1389 2148 1445 quae

1164 1450 1318 1518 possit
1358 1450 1645 1502 huiusmodi
1686 1456 1735 1503 et
1763 1450 2073 1512 discernere,
2098 1455 2151 1503 et

1163 1541 1343 1576 causas
1386 1526 1613 1593 proprias
1653 1525 1930 1577 enunciare
1970 1530 2070 1576 etc.
2118 1543 2146 1574 ³)

1163 1599 1213 1650 S.
1258 1597 1542 1652 Ambrosius
1571 1597 1646 1671 (8)
1676 1607 1854 1652 contra
1884 1599 2150 1668 providen-

1167 1675 1264 1726 tiae
1306 1675 1508 1727 divinae
1548 1675 1868 1726 adversarios
1907 1675 1978 1726 ita
2000 1684 2151 1743 argu-

1168 1755 1457 1801 mentatur:
1505 1768 1530 1797 «
1566 1749 1688 1812 Quis
1725 1754 1959 1814 operator
1994 1748 2152 1816 negli-

1165 1830 1251 1890 gat
1278 1824 1444 1890 operis
1466 1825 1542 1875 sui
1567 1822 1783 1876 curam?
1804 1823 1923 1892 'quis
1950 1815 2153 1875 deserat

1166 1904 1217 1950 et
1239 1898 1501 1958 destituat,
1530 1897 1663 1967 quod
1698 1898 1804 1966 ipse
1827 1898 2152 1950 condendum

1169 1972 1408 2040 putavit?
1445 1971 1496 2024 Si
1547 1972 1730 2024 iniuria
1794 1979 1872 2024 est
1926 1987 2106 2040 regere
2138 2012 2150 2033 ,

1171 2063 1335 2099 nonne
1376 2054 1453 2101 est
1491 2047 1652 2099 maior
1699 2047 1884 2099 iniuria
1939 2047 2152 2108 fecisse,

1168 2137 1283 2173 cum
1324 2121 1515 2191 aliquid
1558 2138 1657 2174 non
1698 2120 1877 2173 fecisse
1917 2122 2060 2174 nulla
2080 2122 2154 2173 in-

1171 2196 1360 2248 iustitia
1401 2197 1484 2256 sit,
1531 2213 1631 2249 non
1672 2212 1853 2248 curare
1893 2197 2027 2266 quod
2087 2195 2157 2248 te·

1170 2271 1318 2331 ceriS‚
1362 2286 1559 2323 summa
1603 2270 1973 2323 inclementia?
2017 2289 2043 2319 »
2098 2268 2150 2323 S.

1171 2344 1472 2413 Auqustinus
1501 2343 1575 2415 (9)
1606 2346 1673 2397 ita
1715 2345 1970 2413 loquitur}
2005 2363 2031 2393 «
2063 2343 2157 2398 Vo⁸¹

1174 2422 1340 2471 luntas
1381 2419 1470 2470 Dei
1513 2426 1588 2471 est
1629 2419 1790 2487 prima
1851 2426 1902 2471 et
1958 2424 2159 2471 summa

1172 2510 1322 2545 causa
1365 2496 1591 2546 omnium
1632 2494 1992 2562 corporalium,
2018 2494 2162 2561 'spiri-

1176 2568 1490 2636 tualiumque
1531 2570 1835 2620 motionum.
1861 2567 1997 2620 Nihil
2023 2569 2158 2621 enim

1175 2644 1228 2694 fit
1268 2643 1529 2695 visibiliter
1568 2651 1620 2695 et
1659 2642 1985 2709 sensibiliter,
2026 2643 2160 2711 quod

1175 2734 1270 2770 non
1286 2717 1347 2768 de
1374 2717 1612 2769 invisibili
1630 2723 1679 2769 et
1701 2715 2008 2783 intelligibili
2028 2732 2164 2769 suma

1174 2792 1240 2844 mi
1277 2793 1596 2860 imperatoris
1628 2791 1745 2843 aula
1772 2798 1862 2843 aut
1903 2790 2159 2854 iubeatur,

1175 2873 1262 2919 aut
1304 2868 1648 2934 permittatur,
1692 2865 2003 2918 secundum·
2038 2866 2164 2918 inef-

1177 2940 1380 2994 fabilem
1418 2941 1662 2992 iustitiam
1694 2940 2055 3008 praemiorum,
2087 2946 2164 2993 at-

1177 3032 1272 3083 que
1314 3030 1614 3083 poenarum,
1659 3015 1942 3081 gratiarum
1983 3019 2036 3068 et
2085 3030 2165 3068 re·

1181 3090 1511 3142 tributionum
1552 3089 1603 3140 in
1642 3088 1934 3142 ista'totius
1968 3097 2167 3142 creatu·

1181 3179 1264 3215 rae
1304 3163 1615 3230 amplissima
1654 3162 1896 3231 quadam,
1951 3165 2166 3216 immen-

1178 3247 1334 3307 saque
1363 3233 1640 3305 republica.
1666 3244 1693 3287 ὑ)
1714 3236 2160 3306 S.'·Greyorius-M.

1225 3351 1275 3395 (a)
1299 3340 1415 3391 12311,
1442 3359 1477 3385 n.
1503 3350 1537 3386 5.

1226 3396 1277 3440 (7)
1303 3397 1338 3429 L.
1367 3395 1399 3435 2,
1426 3397 1505 3430 adv.
1540 3396 1639 3430 haer.
1662 3404 1695 3430 c.
1719 3394 1774 3438 26,
1799 3404 1834 3429 n.
1862 3394 1893 3432 2

1225 3440 1278 3483 (Sl
1300 3441 1338 3475 L.
1365 3439 1402 3481 1,
1425 3441 1469 3475 de
1492 3440 1591 3475 offic.
1618 3449 1651 3474 c.
1677 3440 1736 3475 13.

1226 3484 1276 3530 (9)
1300 3486 1344 3520 ln
1364 3485 1461 3522 Seut.
1487 3485 1609 3528 prosp.
1635 3485 1731 3522 sent.
1758 3482 1815 3529 ⁵8.
