2332 3860
8 557 9 561 =
59 524 108 578 ’ἃ

98 177 254 240 flam
243 198 302 236 m
314 180 526 235 dubium
550 185 841 241 traxerunt,
871 196 937 234 an
967 180 1095 233 haec

112 263 115 266 “
140 254 372 313 istinotio
396 253 459 307 de
485 253 585 306 fide
613 253 870 306 credenda
898 256 966 307 sit
991 251 1088 326 (l)

88 322 298 398 Magni
294 343 430 394 ergo
470 328 715 380 momenti
759 335 871 395 est,
912 335 971 382 ut
1012 328 1096 380 do-

47 404 262 461 dtrma
279 400 531 455 catholica
553 401 615 453 de
631 401 956 455 distinctione
980 417 1096 470 pec-

52 467 333 535 satorum
391 475 441 527 in
503 475 740 528 mortalia
779 483 831 529 et
871 476 1093 529 venialia

8 607 10 609 ,
55 567 170 608 ex
221 550 424 603 divinae
477 548 826 602 Revelationis
872 550 1095 602 fontibus

22 633 26 635 ‘
67 621 279 694 scontra
322 630 662 692 protestantes
701 623 860 676 solide
914 624 1095 691 probe-

63 684 206 761 fitur,
248 705 400 767 atque
448 704 504 750 ut
543 698 697 750 etiam
749 697 1088 760 ostendatur,

0 762 315 830 “t-ineandem
329 772 615 824 doctrinam
637 771 698 824 ad
721 771 838 824 fidei
854 771 1092 841 dogmata

0 860 30 914 ς’
54 882 63 897 »
88 846 419 902 ,referendam
461 861 591 898 esse.

76 927 124 934 ’·
176 922 226 973 l.
272 919 350 972 Ex
386 918 465 971 Ss.
510 918 806 987 Evangeliis
846 935 936 987 pro
1003 920 1090 972 do-

58 995 263 1054 tffetiina
303 993 552 1046 catholica
594 995 735 1045 varia
786 1001 1092 1061 argumenta

55 1069 266 1130 ,afferri
285 1075 514 1137 possunt.
524 1066 1091 1122 ChristuscnimMattb.

34 1141 166 1205 's''V,
210 1143 301 1205 Ἡ,
347 1143 538 1211 inquit:
584 1133 772 1203 Omni&
806 1144 892 1210 qui
920 1144 1094 1195 irasci-

68 1223 184 1280 ρίαν
222 1217 375 1284 fratri
413 1232 519 1277 su0,
564 1231 676 1267 reus
728 1218 822 1268 erit
887 1218 1087 1278 immeto,

48 1291 190 1360 qui
226 1299 389 1343 autem
428 1290 611 1342 dimerit
639 1291 792 1358 fratri
814 1307 931 1342 suo:
954 1307 1092 1353 raca;

103 1380 215 1418 reus
254 1366 346 1417 erit
385 1365 604 1417 concilio
653 1363 749 1427 Qui
798 1373 957 1417 autem
1020 1366 1092 1417 di-

76 1442 233 1492 -xerit
261 1457 280 1490 .·
320 1439 472 1506 fatue;
526 1454 637 1491 reus
700 1440 792 1490 erit
854 1440 1094 1506 qelwuuae

51 1517 67 1559 ἢ
106 1514 255 1581 iyniS.
299 1512 351 1565 S.
398 1511 767 1579 Clerysostomus
809 1511 883 1583 (2)
932 1514 1095 1580 expli·-

104 1602 225 1654 eans
277 1588 431 1639 citata
498 1586 653 1638 verba
718 1588 820 1638 ait:
870 1607 895 1635 «
953 1587 1093 1639 Chri-

109 1668 217 1714 stus
239 1676 379 1721 eum,
412 1661 495 1727 qui
520 1661 630 1711 sine
651 1676 803 1712 causa
834 1662 1089 1723 irascitur,

105 1735 287 1788 iudicio
326 1735 654 1798 condemnat3
688 1751 805 1786 eum
837 1751 975 1795 ver0,
1010 1739 1092 1804 qui

53 1819 59 1858 ·.
106 1809 311 1869 dixerit,
374 1824 512 1870 raca,
584 1824 726 1860 reum
785 1810 1093 1862 condemnat

106 1898 215 1936 esse
255 1883 489 1936 concilio·
532 1881 629 1934 Sed
671 1882 840 1935 adhuc
867 1885 959 1935 ista
995 1901 1090 1935 non

77 1973 291 2026 magna
331 1964 472 2017 sunt,
517 1956 667 2008 huius
706 1959 843 2009 enim
902 1960 1091 2010 saeculi

108 2039 228 2084 sunt
287 2047 511 2099 poenae:
584 2033 904 2099 postmodum
974 2049 1094 2086 voro

107 2119 246 2166 eum,
291 2106 373 2173 qui
404 2105 543 2156 fratri
574 2122 664 2158 suo
693 2106 830 2158 fatue
859 2108 1090 2168 dixisset,

108 2179 377 2248 gehennae
417 2180 620 2245 ignibus
665 2180 896 2247 deputat,
949 2183 1094 2233 modo

68 2260 245 2309 ,certe
305 2253 526 2320 primum
583 2254 851 2320 gehennae
910 2272 1094 2308 nomen

48 2331 53 2334 “
86 2339 534 2380 'commemorans
571 2348 596 2375 η
629 2327 753 2380 Item
772 2328 953 2381 Mattb.
988 2329 1095 2396 Vll,

70 2401 291 2476 ,Qadditz
338 2400 464 2464 Quid
503 2401 634 2453 vides
672 2403 904 2469 festucam
944 2405 997 2455 in
1050 2422 1098 2455 ο-

69 2531 71 2538 ,
110 2474 214 2528 culo
252 2475 427 2542 fratris
468 2475 560 2535 tui,
603 2483 647 2527 et
687 2476 940 2528 trabemin
964 2479 1097 2529 oculo

113 2555 192 2600 tuo
230 2565 327 2600 uon
367 2548 530 2601 vides?
567 2549 668 2600 Aut
707 2551 942 2617 quomodo
978 2552 1098 2603 dicis

61 2622 263 2690 ;fratri
302 2629 408 2674 tcto:
452 2622 574 2683 sine,
617 2624 807 2676 eiicium
864 2626 1098 2692 festucam

71 2695 74 2697 ’
111 2692 184 2748 de
203 2696 339 2749 oculo
377 2704 481 2756 tu0,
541 2704 584 2747 et
624 2713 725 2750 ecce
772 2698 901 2750 trabs
940 2708 1006 2751 est
1046 2700 1099 2752 iu

56 2768 77 2842 ’ἡ
111 2769 244 2822 uculo
296 2770 419 2821 tuo?
472 2770 770 2839 Hypocrita!
829 2773 945 2825 eizce
996 2775 1101 2842 pri·

62 2847 94 2898 34
113 2855 244 2894 mum
285 2843 466 2895 trabem
505 2845 559 2895 de
598 2845 732 2897 oculo
772 2853 873 2906 tua,
917 2855 959 2898 et
988 2856 1101 2900 tunc

63 2916 82 2945 '·
116 2915 288 2970 videbis
326 2919 497 2969 eiu-eve
560 2918 796 2984 festucam
859 2920 916 2971 de
966 2922 1100 2973 oculo

62 2988 88 3055 ᾆξ’
113 2978 286 3060 fratris
308 2992 380 3042 tui
403 2990 500 3061 (5).
533 2992 764 3044 Christus
791 3009 912 3060 ergo
931 2994 1098 3063 aliqua

0 3072 3 3147 ἑ
57 3063 87 3102 ³·'.-2
112 3071 324 3132 peccata
362 3071 627 3132 comparat
665 3066 914 3126 festucae,
971 3085 1100 3137 quae

74 3143 195 3195 est
231 3154 314 3190 res
355 3138 634 3200 levissima,
677 3147 729 3192 et
786 3140 884 3193 alia
943 3143 1097 3204 trabi,

115 3224 245 3280 quae
272 3218 351 3265 est
378 3228 460 3264 res
484 3212 759 3266 admodum
781 3215 975 3282 graviS.
1001 3216 1099 3268 Sed

66 3344 93 3391 ’Δ
166 3367 215 3410 (l)
239 3368 279 3404 V.
306 3370 398 3414 Kllip
403 3371 449 3406 tel
471 3371 558 3407 inst
569 3374 620 3408 th
644 3374 729 3418 dog.
751 3373 820 3417 1.,2
846 3371 958 3419 §17
947 3385 986 3411 in
1002 3380 1100 3411 nota.

67 3411 217 3588 ἓῗῖᾶἷδί
238 3380 410 3495 {affui}
425 3416 468 3504 (ibn
483 3417 632 3504 gatge-

565 122 575 136 ι
638 94 641 98 ’
706 96 831 137 PARS
860 78 1193 138 11.SEc·t't01.
1236 97 1496 138 ῦΑΡυτιν.

1889 55 1903 59 ῃ
1964 84 2073 138 579

1159 187 1447 250 peceatum,
1490 151 1624 249 quod
1663 180 1893 233 animam
1940 180 2145 245 occidit,

1157 261 1209 308 et
1246 253 1506 307 hominem
1530 260 1775 306 aeternae
1804 253 2151 309 damnationis

1159 344 1302 381 reum
1366 327 1652 391 constituit,
1717 327 1791 379 rei
1858 326 2151 383 levissimae
2235 323 2241 326 ’

1157 402 1473 472 aequiparari
1520 404 1636 454 ‘non
1707 407 1892 469 potest.
1962 400 2148 456 Christi

1156 492 1278 544 ergo
1342 475 1500 528 verba
1563 474 1702 528 clare
1741 475 1986 537 innuunt,
2038 475 2150 534 ,dari

1158 556 1388 619 peccata,
1432 564 1564 618 quae
1603 556 1708 601 tam
1750 549 1982 602 funestos
2026 549 2150 602 effe-

1156 631 1269 677 ctus
1312 640 1412 676 non
1453 622 1774 692 producunt:
1817 623 1951 676 sicut
2015 624 2149 676 enim

1156 699 1351 751 festuca
1416 696 1622 750 oculum
1690 696 1896 766 quidem
1962 704 2146 759 vexat,

1155 779 1245 824 aut
1294 771 1464 840 aliquo
1528 771 1679 823 modo
1740 771 2005 833 obscurat,
2060 771 2150 824 sed

1156 853 1329 898 tamen
1372 862 1470 898 non
1514 853 1569 898 ut
1598 845 1739 898 trabs
1767 845 2048 911 interimit3
2079 845 2151 899 ita

1155 920 1345 973 dantur
1384 921 1538 972 etiam
1583 927 1791 988 peccata
1839 935 1973 989 quae
2036 920 2150 972 ani-

1158 1010 1292 1046 mam
1331 994 1537 1063 quidem
1579 994 1862 1060 maculant,
1905 993 1994 1047 sed
2042 995 2147 1060 spi·

1156 1068 1392 1120 iitualem
1434 1069 1545 1120 eius
1596 1069 1756 1120 vitam
1816 1084 1918 1120 non
1979 1070 2148 1122 extin-

1154 1150 1340 1209 guum.
1388 1142 1460 1194 lta
1508 1143 1610 1194 iam
1649 1141 1878 1210 Oriyenes
1918 1140 1995 1214 (lt)
2025 1144 2148 1196 cita-

1156 1224 1266 1269 tum
1331 1216 1501 1269 locum
1548 1219 1803 1285 exposuit.
1867 1246 1941 1255 -
2005 1215 2147 1270 Idem

1155 1298 1518 1358 argumentum
1561 1290 1728 1359 prodit
1767 1307 1832 1342 ex
1856 1290 1934 1344 his
1961 1289 2153 1345 Christi

1156 1366 1356 1427 verbiS,
1412 1366 1597 1433 quibus
1638 1365 1932 1433 pharisaeos
1996 1364 2153 1418 duces

1156 1456 1335 1491 caecos
1374 1441 1607 1492 nominat
1633 1440 1904 1493 eoecolantes
1931 1438 2153 1506 culicem,

1156 1514 1392 1566 camelum
1431 1522 1593 1565 autem
1632 1514 1883 1582 qlutientes
1931 1512 2029 1585 (5).
2080 1542 2153 1554 --

1157 1588 1388 1640 Christus
1452 1604 1574 1656 ergo
1635 1587 1884 1641 nonnulla
1940 1595 2149 1655 peccata

1157 1663 1309 1714 culici
1363 1668 1648 1729 comparat,
1716 1679 1846 1732 quae
1913 1663 2152 1731 equidem

1159 1737 1389 1788 homines
1428 1737 1736 1806 inquietare,
1779 1737 1866 1788 sed
1933 1736 2152 1790 nullate·

1160 1827 1254 1862 nus
1294 1811 1527 1862 occidere
1570 1817 1765 1877 potest:
1810 1826 1931 1877 crgo
1960 1811 2151 1864 dantur

1161 1892 1366 1953 peccata
1410 1887 1475 1937 ita
1522 1884 1675 1946 levia,
1709 1891 1764 1936 ut
1791 1885 1996 1937 animae
2018 1901 2153 1938 mor·

1159 1968 1259 2012 tem
1301 1975 1399 2010 non
1436 1959 1671 2019 aflerant,
1716 1959 1850 2027 quod
1891 1975 1956 2012 ex
1998 1962 2154 2013 citato

1162 2035 1268 2086 loco
1308 2036 1411 2085 iam
1460 2033 1635 2084 intulit
1678 2032 2010 2085 Tertullianus
2051 2032 2149 2104 (6).

1161 2109 1548 2159 Distinctionem
1592 2115 1922 2174 peccatorum
1950 2108 1999 2160 in
2026 2124 2156 2161 mor·

1160 2182 1280 2233 talia
1345 2188 1395 2233 et
1459 2181 1680 2233 venialia
1740 2181 1972 2234 Christus
2012 2182 2151 2235 clare

1158 2256 1392 2308 exhibuit
1430 2256 1482 2307 in
1524 2257 1704 2307 ultima
1746 2272 1924 2308 coena.
1959 2256 2154 2311 Aderat

1159 2331 1224 2382 ibi
1267 2329 1436 2390 ludam,
1481 2329 1786 2395 gravissimo
1854 2331 2152 2397 proditionis

1162 2411 1368 2469 peccato
1390 2404 1705 2471 inquinatus,
1742 2410 1794 2455 et
1819 2404 2154 2470 spiritualiter

1160 2484 1413 2528 mortuus
1464 2477 1562 2529 Sed
1603 2484 1655 2529 et
1695 2477 1877 2545 reliqui
1920 2477 2153 2546 discipuli

1164 2552 1444 2603 minoribus
1486 2552 1665 2603 naevis
1705 2567 1803 2603 non
1836 2552 2045 2604 fuerunt
2070 2568 2157 2605 ex·

1163 2633 1361 2693 pcrtes;
1408 2642 1558 2678 nam:
1604 2626 1755 2677 Facta
1793 2634 1863 2677 est
1919 2627 2155 2679 contentio

1162 2702 1290 2751 iuter
1353 2715 1451 2760 008,
1514 2701 1623 2767 quis
1687 2715 1855 2752 eorum
1916 2700 2158 2753 videretur

1160 2791 1256 2826 esse
1279 2774 1439 2826 maior
1461 2773 1558 2844 (7);
1584 2789 1714 2842 quae
1737 2776 1994 2826 contentio
2015 2780 2156 2827 certe

1163 2866 1227 2900 ex
1256 2848 1542 2899 inordinata
1572 2848 1850 2900 ambitione
1875 2854 2030 2902 enata
2059 2855 2156 2902 est.

1162 2922 1406 2984 Quamvis
1445 2929 1621 2973 autem
1660 2921 1893 2975 Christus
1933 2938 2020 2975 eos
2077 2939 2155 2975 rc-

1166 2996 1492 3063 prehenderit
1520 2994 1618 3065 (8),
1664 2994 1960 3048 nullatenus
1983 3003 2157 3049 tamen

1164 3086 1250 3122 eos
1287 3070 1625 3137 spiritualiter
1665 3077 1894 3125 mortuos
1926 3070 2156 3124 declara-

1167 3144 1257 3204 vit,
1301 3144 1388 3195 sed
1433 3144 1715 3194 maximum
1744 3144 1879 3197 inter
1907 3143 2088 3197 ludam
2106 3150 2158 3197 et

1165 3216 1388 3286 reliquos
1452 3217 1726 3275 discrimen
1793 3219 2154 3279 manifestans,

1209 3373 1260 3417 (4)
1285 3375 1390 3410 Hom.
1416 3375 1459 3411 35
1482 3376 1518 3410 in
1543 3377 1632 3412 luc.

1209 3419 1262 3463 (6)
1289 3420 1326 3452 L.
1350 3420 1395 3453 de
1420 3421 1551 3464 anima,
1576 3431 1609 3458 c.
1634 3420 1688 3457 17

1210 3463 1261 3507 (7)
1286 3464 1372 3503 Luc
1399 3463 1456 3507 22,
1478 3465 1534 3499 24

1808 3376 1857 3420 (³)
1883 3377 2013 3413 stanin.
2039 3374 2154 3411 23-24.

1805 3463 1855 3509 (s)
1879 3463 1968 3500 nna.
1996 3472 2030 3498 v.
2058 3461 2114 3502 25.
