2332 3860
0 0 10 116 )
49 0 114 89 a?
279 71 282 83 ¹
674 122 790 161 PARS
826 123 880 162 11.

15 204 142 266 tdii.·
159 201 310 262 lacot)
328 202 446 258 filiis
465 185 662 272 losephi
690 204 1017 266 benedicenS,

15 280 297 348 sAngoium
328 293 481 332 suum
525 279 784 331 invocavit
823 279 1018 332 dicens:

20 353 270 423 Aufidus,
317 353 403 420 qui
458 353 590 404 eruit
627 368 705 404 me
743 354 799 405 de
838 353 1023 419 cunctis

17 428 202 493 omlis,
262 425 506 479 benedicat
555 427 725 494 pueris
764 428 871 479 istis
928 425 1022 498 (1).

15 500 294 563 ‹ChristuS‚
350 506 406 552 ut
455 499 686 552 homines
723 516 754 552 a
794 502 1025 570 parvulo-

18 581 155 630 irum
186 573 482 627 seductione
509 574 786 636 deterreat,
817 576 907 627 ait:
949 573 1023 627 Vi-

13 649 158 721 «decc,
193 663 252 700 ne
296 649 607 701 contemnatis
655 665 810 700 uuum
848 663 911 699 ea:
949 648 1023 699 his

16 709 266 793 ,pusilliw
243 759 262 783 ‚
293 722 400 775 dico
425 723 556 774 enim
583 722 727 783 vobis,
769 723 886 790 quiu
922 720 1023 772 Λη-

14 795 132 866 9212·
192 812 360 848 eorum
415 812 599 865 semper
654 797 814 849 vident
853 796 1024 862 faciem

41 869 212 926 Patris
231 871 344 933 mci,
363 872 448 939 qui
471 872 524 923 in
544 870 682 923 coelis
701 880 768 922 est
792 870 888 940 (2):
915 870 1026 921 ideo

44 955 161 1013 ergo
179 943 407 997 Christus
430 945 669 1013 parvulos
686 961 778 996 nec
799 952 1026 997 contem-

41 1019 231 1074 nendos
250 1035 345 1071 nec
372 1019 689 1071 seducendos
721 1035 831 1071 esse
861 1019 1026 1082 docet,

40 1095 156 1169 quia
171 1096 382 1146 comites
397 1101 446 1147 et
467 1094 703 1145 custodes
717 1094 907 1145 habent
924 1093 1026 1144 An-

40 1168 199 1235 geloS‚
220 1170 305 1252 qui
329 1185 427 1220 non
447 1168 742 1220 dicerentur
753 1168 936 1236 Anqeli
952 1183 1028 1218 eo-

37 1257 171 1303 rum
205 1243 299 1295 nisi
331 1243 653 1310 peculiariter
683 1258 769 1309 pro
797 1243 1024 1309 ipsorum

41 1316 267 1378 custodia
307 1317 533 1384 deputati
575 1324 764 1368 essent.
810 1346 879 1354 -—
908 1316 1025 1368 Dari

38 1389 264 1457 Angelos
304 1391 560 1452 custodem,
606 1390 897 1443 hominibus
946 1407 1027 1458 pe-

41 1464 299 1517 culiariter
326 1465 595 1531 deputatos
622 1464 721 1516 iam
762 1481 888 1516 aevo
911 1481 1028 1532 apo-

40 1539 218 1591 stolico
275 1540 527 1591 creditum
585 1546 680 1591 est.
726 1537 852 1590 Cum
894 1541 1027 1590 enim

41 1612 285 1666 liberatus
310 1631 336 1665 e
377 1629 581 1665 carcere
624 1613 801 1665 Petrus
840 1615 903 1664 ad
944 1614 1030 1663 do-

41 1702 181 1740 mum
224 1689 307 1740 ubi
350 1687 526 1739 fideles
547 1696 694 1739 erant
732 1688 1028 1755 congregati

43 1761 287 1830 pulsaret,
319 1768 370 1813 et
409 1761 596 1812 ancilla
638 1762 898 1813 nuntiaret
943 1762 1030 1811 ad-

40 1851 152 1892 esse
175 1836 402 1896 Petrum,
424 1835 851 1887 fidelesdicebaiit:
877 1836 1031 1902 Ληρε-

45 1908 115 1962 lus
154 1912 258 1962 eius
297 1917 364 1961 est
405 1910 499 1992 (5);
539 1909 671 1977 quod
714 1911 772 1961 iis
812 1911 861 1961 in
893 1926 1030 1960 men-

45 1991 147 2039 tem
187 1984 381 2044 venire,
428 1985 521 2036 nisi
550 2000 616 2035 ex
643 1985 902 2036 communi
932 1983 1031 2035 fide

46 2073 147 2112 non
190 2059 370 2127 potuit.

116 2133 170 2183 2.
214 2133 287 2184 De
328 2131 567 2200 peculiari
608 2132 923 2199 Angelorum
951 2147 1037 2183 cu·

46 2206 208 2258 stodia
249 2207 403 2259 etiam
443 2205 618 2259 Patres
638 2206 931 2274 frequenter
964 2205 1034 2257 lo-

46 2287 292 2348 quuntur.
335 2279 417 2332 Sic
457 2279 682 2348 Oriyenes
722 2279 796 2350 (4)
838 2281 1030 2333 scribit:

51 2375 78 2402 ιι
101 2353 260 2406 Adest
287 2355 559 2422 unicuique
590 2362 842 2416 nostrum,
876 2357 1031 2407 etiam

49 2428 270 2481 minimis
303 2429 387 2497 qui
428 2434 550 2480 sunt
581 2429 630 2481 in
668 2428 892 2480 Ecclesia
921 2428 1032 2489 Dei,

49 2500 275 2571 Angelus
315 2504 508 2568 bonus,
543 2502 771 2570 Angelus
812 2502 1033 2563 Domini,

51 2577 136 2645 qui
175 2583 338 2644 regat,
380 2576 464 2645 qui
518 2584 748 2637 moveat,
809 2578 893 2645 qui
947 2594 1039 2642 gu-

38 2649 250 2712 bernet,
293 2651 377 2719 qui
419 2666 508 2718 pro
541 2652 827 2704 actionibus
856 2654 1040 2704 nostris

54 2724 368 2792 corrigendis
411 2731 464 2776 et
502 2726 911 2778 miserationibus
951 2743 1039 2778 ex-

56 2798 340 2866 poscendis,
389 2798 613 2866 quotidie
652 2800 822 2852 videat
862 2800 1039 2852 faciem

42 2871 240 2935 -PatriS‚
270 2872 353 2940 qui
382 2872 432 2923 in
461 2873 616 2924 coelis
642 2881 737 2925 est.
775 2892 800 2921 n
843 2871 900 2926 S.
928 2872 1045 2925 Gre-

30 2947 224 3013 yorius
272 2946 529 2998 Thaumat.
555 2946 695 2999 Orat.
739 2947 1046 3013 prosphone-

45 3020 176 3086 ttica,
233 3036 385 3089 quam
438 3019 616 3074 habuit
660 3021 710 3072 in
774 3020 1045 3089 Origenem

24 3093 114 3160 jn.
158 3095 210 3155 lt,
254 3094 451 3147 debitas
489 3093 688 3162 Angelo
721 3110 813 3147 suo
841 3097 1044 3148 tutelari

42 3168 258 3235 gratias
295 3170 444 3238 agit,
487 3168 621 3237 quod
661 3185 689 3221 a
730 3170 892 3237 primo
931 3177 1046 3224 ortu

113 3309 163 3352 (1)
187 3310 274 3345 Gen.
301 3312 355 3355 to,
381 3311 417 3354 8,
443 3313 486 3348 1⁶
637 3313 1003 3357 (21Matth.18‚1⁰.

111 3352 162 3397 (3)
190 3355 345 3396 Aet,12,
370 3357 424 3392 15.
528 3356 580 3401 (4)
603 3359 709 3393 Hom.
734 3358 1049 3395 20111Num.11.3.

112 3397 232 3483 ’.ἲὲὶῖ
252 3398 307 3477 183,
330 3410 451 3445 praep.
477 3409 607 3445 evang.

47 3500 51 3511 ι
111 3439 165 3529 17)
188 3486 229 3520 ιιι
252 3485 308 3522 Ps.
334 3486 411 3524 13'5.
430 3495 468 3524 ιι.
493 3488 527 3525 5.

923 123 1156 163 szc'rmt.
1205 113 1307 163 mv.
1355 124 1424 165 tn.

643 3489 690 3533 (8)
716 3490 769 3525 Iu'.
796 3488 923 3533 Ps.65‚
945 3497 979 3525 n.
995 3489 1050 3526 13.

1083 205 1162 258 sui
1199 221 1379 260 curam
1417 203 1665 274 gesserit,
1706 209 1759 257 et
1799 205 1958 260 inter
1971 205 2074 259 alia

1085 279 1328 333 beneficia
1376 280 1543 347 ipsum
1599 277 1664 331 ad
1719 277 1954 346 Origenis
1992 295 2075 333 co-

1084 355 1366 420 gnitionem
1393 359 1445 405 et
1472 352 1824 420 magisterium
1847 352 2071 405 duxeimit

1086 427 1323 481 Eusebius
1361 425 1508 480 Caes,
1540 424 1618 497 (5)
1646 442 1675 479 e
1700 423 1965 494 Scriptura
2003 426 2078 478 di-

1087 501 1266 555 dicisse
1318 517 1409 553 nos
1450 501 1564 554 ait:
1612 518 1638 548 ιι
1670 497 1929 567 Angelum
1971 501 2079 551 uni-

1087 575 1269 645 cuique
1309 574 1373 627 ad
1401 574 1687 627 custodiam
1715 573 1963 625 divinitus
1996 573 2081 624 da-

1087 654 1216 701 tum.
1266 669 1290 698 »
1332 648 1384 701 S.
1428 647 1649 700 Basilius
1677 645 1754 717 (6)
1783 662 1829 699 c.
1856 647 2076 700 Eunom.

1088 723 1229 775 dicit:
1266 721 1458 785 «Quod
1503 729 1677 774 autem
1707 722 1983 790 unicuique
2019 721 2078 774 fi-

1088 796 1277 848 delium
1335 796 1468 849 adsit
1522 796 1755 864 Angelus
1817 803 2082 864 tamquam

1090 871 1416 938 paedagogus
1454 870 1663 940 aliquiS,
1707 877 1758 922 et
1798 876 1970 938 pastor
2010 871 2083 921 vi-

1093 951 1193 996 tam
1221 946 1537 1012 gubernem,
1572 961 1720 997 nemo
1747 940 2081 1009 contradicat,

1088 1020 1173 1086 qui
1218 1020 1414 1071 Domini
1478 1021 1750 1071 verborum
1791 1019 2085 1070 meminerit

1090 1093 1304 1146 dicentis
1338 1112 1350 1145 ι
1430 1093 1587 1145 Videte
1649 1109 1707 1145 ne
1770 1093 2084 1144 contemnatis

1090 1173 1188 1219 etc.
1235 1188 1258 1216 »
1303 1167 1359 1221 S.
1400 1166 1629 1219 Hilarius
1670 1167 1731 1218 de
1770 1165 1975 1234 Angelis
2016 1167 2086 1218 ita

1094 1242 1316 1310 loquitur
1357 1241 1476 1311 (7):
1542 1262 1567 1290 «
1611 1240 1848 1294 fidelibus
1887 1242 2087 1293 cunctis

1091 1319 1354 1380 assistunt3
1404 1337 1428 1365 »
1473 1323 1522 1368 et
1564 1314 1679 1386 (8):
1728 1335 1751 1364 «
1786 1316 2085 1383 praesertim

1091 1390 1339 1442 adversus
1399 1390 1689 1459 spirituales
1723 1391 2007 1458 nequitias.
2057 1409 2082 1436 »

1093 1464 1148 1517 S.
1193 1463 1480 1516 Ambrosius
1521 1464 1595 1534 (9)
1644 1465 1824 1532 inquit:
1875 1462 2088 1515 «Mittit

1095 1538 1339 1590 Dominus
1379 1539 1603 1605 Angelos
1635 1538 1699 1589 ad
1738 1538 2086 1590 defensionem

1093 1629 1289 1672 eorum,
1333 1614 1418 1681 qui
1461 1612 1708 1664 haeredes
1766 1613 1923 1663 futuri
1964 1617 2085 1663 sunt

1096 1688 1457 1752 promissorum
1478 1687 1836 1738 coelestium.»
1860 1686 1911 1738 S.
1933 1685 2090 1752 Chry-

1093 1769 1323 1812 sostomus
1363 1777 1628 1827 exponens
1674 1761 1832 1813 verba
1872 1758 2079 1812 Christi:

1095 1833 1266 1900 Auqeti
1286 1842 1580 1900 eorum‚etc.
1596 1833 1707 1903 (10)
1724 1836 1793 1886 ita
1808 1833 2084 1886 concludit:

1099 1929 1122 1955 «
1156 1908 1284 1960 Hinc
1307 1910 1633 1960 manifestum
1655 1917 1751 1970 est,
1770 1910 1888 1977 quia
1911 1923 2088 1960 omnes

1094 1982 1265 2034 Sancti
1284 1982 1510 2050 Angelos
1526 1983 1736 2035 habent:
1757 1984 1922 2034 »idem
1941 1982 2087 2035 Hom.

1099 2061 1149 2116 7,
1191 2057 1253 2109 de
1297 2058 1433 2109 laud.
1476 2057 1614 2109 Pauli
1655 2057 1839 2126 inquit:
1877 2078 1901 2106 «
1935 2056 2012 2109 Ab
2038 2072 2089 2108 o-

1099 2132 1292 2182 mnium
1318 2131 1533 2183 Domino
1557 2131 1814 2199 Angelum
1838 2131 1899 2183 ad
1919 2135 2090 2183 cuius-

1097 2221 1195 2272 que
1254 2206 1536 2258 custodiam
1592 2222 1704 2258 esse
1763 2205 2085 2273 deputatum,

1098 2281 1230 2332 sicut
1268 2282 1337 2332 ait
1381 2297 1514 2332 unus
1565 2296 1627 2332 ex
1679 2282 1845 2332 iustis:
1879 2280 2093 2348 Anqclus

1099 2355 1184 2420 qui
1230 2357 1360 2405 eruit
1412 2370 1485 2406 me
1543 2371 1573 2406 a
1612 2355 1853 2406 iuventute
1905 2370 2027 2407 mea.
2064 2374 2090 2402 »

1099 2428 1150 2479 S.
1169 2427 1501 2496 Hieronymus
1521 2429 1676 2480 verba
1697 2428 1880 2480 Christi
1906 2428 2089 2480 Manli.

1099 2501 1282 2568 XVlll‚
1301 2503 1367 2554 10
1390 2503 1660 2554 declarans
1677 2502 1790 2572 (11)
1808 2504 2090 2554 exclamat:

1106 2595 1130 2623 «
1175 2576 1360 2644 Magna
1410 2576 1630 2644 dignitas
1670 2577 1996 2638 animarum,
2042 2583 2096 2627 ut

1105 2666 1443 2719 unaquaeque
1483 2652 1670 2703 babeat
1709 2651 1773 2703 ab
1812 2657 1927 2703 ortu
1970 2651 2096 2703 nati-

1106 2725 1276 2777 vitatis
1316 2726 1366 2776 in
1421 2725 1703 2777 custodiam
1744 2741 1888 2777 suam
1931 2724 2098 2791 Ange-

1106 2798 1210 2849 lum
1267 2799 1580 2866 delegatum.
1629 2818 1654 2846 »
1697 2798 1750 2850 S.
1813 2799 2100 2852 Bernartius

1107 2872 1220 2942 tffl)
1261 2874 1466 2926 scribit:
1508 2893 1533 2921 «
1578 2873 1823 2925 Putemus
1874 2872 2101 2942 Angelos

1107 2946 1228 3007 dici,
1271 2949 1353 3016 qui
1395 2947 1585 3015 singuli
1625 2947 1843 3015 singulis
1882 2947 2101 3002 homini-

1110 3021 1203 3071 bus
1223 3021 1324 3072 dati
1353 3028 1490 3074 sunt.
1526 3041 1547 3070 »
1583 3020 1722 3073 ldem
1752 3019 1865 3093 (13)
1894 3023 2097 3075 asserit:

1115 3113 1136 3142 «
1169 3093 1220 3146 Si
1254 3094 1408 3147 fidem
1449 3094 1685 3147 consulas
1713 3137 1725 3157 ‚
1785 3110 1857 3148 ea
1887 3096 1977 3149 tibi
2017 3113 2104 3148 an-

1109 3167 1327 3235 gelicam
1387 3169 1566 3237 probat
1618 3171 1962 3238 praesentiam
2002 3187 2100 3223 non

1157 3312 1193 3355 (9
1235 3313 1350 3346 Serm.
1376 3313 1410 3354 1,
1435 3313 1472 3347 in
1499 3315 1550 3347 Ps.
1576 3313 1632 3356 33,
1656 3324 1692 3350 n.
1718 3315 1751 3351 9.

1161 3358 1232 3400 (10)
1258 3358 1364 3391 Hom.
1390 3357 1433 3392 59
1458 3359 1495 3392 in
1519 3359 1647 3393 Mattb.

1158 3402 1232 3443 (11)
1257 3403 1459 3436 comment.
1477 3403 1513 3436 in
1540 3403 1664 3437 Matth.
1690 3403 1721 3444 1,
1750 3404 1780 3438 3.

1159 3445 1234 3488 (12)
1261 3446 1298 3479 10.
1326 3446 1347 3481 5
1369 3436 1413 3480 de
1437 3446 1580 3482 conam⁸
1605 3456 1639 3480 c.
1664 3448 1696 3487 4,
1722 3458 1756 3483 n.
1782 3446 1816 3484 ε.

1164 3489 1235 3533 (13)
1258 3493 1373 3526 beriti.
1400 3489 1442 3526 12
1465 3491 1503 3525 iu
1527 3493 1581 3525 Ps.
1608 3490 1664 3527 00.
