2332 3860
310 126 377 166 tn»

233 226 369 273 rare,
399 225 460 264 ac
485 209 600 263 ideo‘
639 208 947 278 Theologiae
977 209 1227 277 dogmati-

235 300 327 337 cae
370 283 543 343 studio
589 283 981 353 diligentissime
1035 283 1230 336 incum-

234 359 355 412 bere
383 358 594 411 debent.

309 432 360 485 1.
392 432 649 501 Obligatio
689 431 818 484 liaeo
858 437 1001 499 patet
1034 447 1119 484 ex.
1164 430 1222 484 S.

232 505 490 575 Scriptura
529 507 752 558 dicente:
795 505 948 558 Labia
968 505 1229 558 sacerdotis

232 581 497 633 custodient
522 580 802 642 scientiam,
828 589 871 632 ct
898 580 1041 648 leyem
1068 582 1230 647 requi-

235 661 345 707 rent
370 671 433 707 ecc
458 670 542 706 ore
563 655 687 715 ciue,
705 655 822 722 quia
837 652 1048 722 Anqelus
1064 653 1231 706 Domi-

235 730 286 780 ni
313 729 621 781 ewereitaum
635 736 701 780 esc
731 726 823 799 (l).
841 728 934 780 Per
959 729 1229 780 scientiam

235 809 408 855 autem
462 803 511 854 in
562 802 829 854 sacerdote
886 803 1223 871 requisitam,

235 892 336 930 non
355 877 586 943 profana,
615 876 702 928 sed
727 891 873 928 sacra
895 876 1224 943 intelligitur,

236 966 423 1020 nempe
476 957 719 1003 accurata
773 950 1035 1003 doctrinae
1081 967 1229 1004 reve-

237 1024 376 1078 latae
416 1025 660 1092 cognitio‚
686 1025 815 1090 ¹sine
861 1041 958 1093 qua
1009 1026 1223 1087 iustitia,

235 1099 488 1153 sanctitas
541 1106 592 1151 et
656 1098 797 1151 salus
861 1100 1080 1152 obtineri
1141 1117 1230 1152 ne-

234 1181 452 1242 queunt.
485 1173 650 1236 Quam
681 1173 913 1240 graviter
947 1181 1122 1225 autem
1150 1191 1227 1226 sa-

234 1248 415 1300 cerdos
441 1248 504 1300 ad
534 1248 669 1299 lianc
696 1247 791 1299 sibi
828 1248 1228 1315 comparandam

236 1321 508 1375 scientiam
547 1322 804 1388 obligatus
850 1323 953 1381 sit,
985 1329 1124 1389 patet.
1165 1340 1227 1374 cx

234 1394 350 1448 Ose.
385 1393 482 1465 (ἓ),
516 1396 599 1447 ubi
625 1395 763 1447 Deus
785 1396 892 1462 ipse
915 1396 1068 1448 dicit:
1103 1391 1229 1459 Qltia

237 1477 289 1521 tu
316 1469 571 1522 scientiam
613 1469 857 1537 repulisti,
892 1471 1121 1537 repellam
1162 1479 1222 1532 le,

234 1558 291 1594 nc
319 1544 591 1596 sacerdotio
631 1545 861 1611 supparis
906 1544 1048 1596 milri.
1097 1545 1225 1596 Pau-

235 1617 315 1668 lus
357 1616 432 1688 (5)
474 1618 537 1670 ab
582 1617 831 1685 Episcopo
887 1618 1132 1684 postulat,
1177 1627 1229 1670 m

232 1699 395 1750 potens
415 1693 479 1743 sil
492 1691 749 1744 exhortari
769 1692 821 1742 in
835 1692 1059 1744 doctrina
1081 1708 1224 1751 sana,

232 1773 275 1816 cl
309 1781 405 1827 303,
450 1766 545 1833 qui
578 1765 934 1822 contradicunt,
981 1782 1227 1832 firmiore,-

233 1840 420 1907 quibus
462 1839 633 1890 verbis
681 1838 839 1890 talem
884 1839 934 1890 in
980 1838 1228 1907 Episcopo

233 1914 504 1965 scientiam
544 1912 843 1979 dogmatum
880 1915 1229 1965 revelatorum

233 1987 472 2056 requirit,
508 1993 562 2037 ut
585 1986 766 2037 eadem
807 1993 917 2038 tum
956 1994 1075 2055 apte
1115 1988 1229 2040 aliis

232 2060 459 2121 tradere,
487 2068 597 2111 tum
619 2061 811 2112 invicte
839 2067 1018 2113 contra
1046 2062 1228 2114 adver-

236 2136 399 2187 sarios
428 2134 705 2188 defendere
733 2136 912 2203 possit.
959 2134 1101 2197 Quae
1139 2152 1228 2187 au-

234 2215 340 2261 tem
369 2209 634 2276 Episcopis
664 2209 1109 2277 praescribuntur,
1154 2218 1230 2262 et-

232 2283 336 2335 iam
385 2283 447 2334 de
499 2283 852 2335 sacerdotibus
893 2284 1226 2351 intelligenda

233 2362 384 2420 sunt3
431 2372 531 2409 non
560 2357 698 2409 enim
724 2357 1005 2425 Episcopus
1039 2359 1227 2427 ubique

233 2431 435 2492 adesse,
467 2446 749 2500 omnesque
771 2432 974 2498 propria
1004 2447 1124 2484 voce
1153 2434 1228 2484 in-

234 2510 435 2558 struere
464 2511 649 2573 potest,
694 2504 784 2558 sed
824 2503 987 2558 officia
1017 2522 1108 2558 sua
1139 2523 1228 2575 per

234 2578 443 2632 idoneos
493 2579 757 2632 ministros
783 2620 795 2640 ,
853 2580 1099 2633 nimirum
1139 2597 1229 2648 per

233 2653 528 2706 sacerdotes
562 2653 735 2706 debita
762 2653 978 2706 scientia
1006 2655 1228 2708 imbutos

234 2728 418 2796 exequi
461 2727 630 2780 debet.
675 2727 796 2790 Quis
835 2743 957 2794 ergo
995 2730 1223 2796 negabit,

235 2800 528 2853 sacerdotes
585 2816 763 2854 omnes
825 2817 942 2853 cum
1002 2804 1225 2855 maxima

237 2874 514 2927 sedulitate
553 2874 861 2943 Theologiae
907 2876 1226 2944 dogmaticae

149 2999 153 3002 Α
237 2947 407 3001 studio
435 2948 737 3002 incumbere
746 2915 1003 3002 odebere?
1014 2949 1112 3021 (ῐι).

309 3022 363 3075 2.
389 3019 668 3074 Assiduum
684 3023 944 3077 doctrinae
967 3024 1226 3078 revelatae

236 3095 466 3148 studium
486 3098 668 3164 quovis
690 3104 917 3166 tempore
943 3114 1032 3167 pro
1059 3115 1226 3151 sacei-

236 3169 442 3222 dotibus
487 3171 712 3223 maxime
760 3174 1109 3228 necessarium
1149 3190 1226 3227 re-

281 3314 315 3359 (1
359 3314 512 3350 Malacn.
539 3315 573 3358 2,
598 3315 632 3350 7.

282 3359 320 3416 (Ω
361 3359 421 3400 tV,
446 3359 478 3395 6.

299 3403 320 3436 3
355 3384 545 3446 Tit’.1,··1.

281 3416 319 3491 (ᾗ
363 3447 416 3483 Gr.
442 3448 568 3482 Matth.
594 3447 636 3492 V
662 3447 883 3491 14.v1,23.

281 3491 320 3537 (5
352 3492 465 3530 iloni.
491 3491 573 3528 2111
595 3493 656 3538 Ep.
685 3493 729 3528 ad
753 3474 823 3530 ‘li’t
849 3504 886 3531 u
909 3494 942 3530 2.

673 127 996 166 INTRODUCTIO
1036 129 1086 164 IN
1122 126 1431 167 'rnuoLoGum
1470 84 1828 167 THEORETICAM.

1291 216 1528 294 putatum
1554 209 1667 265 fuit.
1699 211 1752 264 S.
1795 208 2170 279 Chrysostomus
2184 157 2314 284 (5)

1289 285 1341 336 in
1369 285 1524 336 citata
1552 284 1742 337 verba.
1773 293 1828 338 m
1855 294 2024 355 polens
2050 286 2116 338 sit
2141 291 2243 339 etc.
2232 326 2269 350 .,

1290 359 1481 427 inquit:
1530 377 1556 406 (ι
1599 357 1707 412 Nisi
1748 359 1887 412 enim
1933 359 2030 412 hoc
2077 360 2270 421 fuerit,

1289 433 1456 484 omnia
1501 447 1706 500 pessum
1746 438 1888 486 eunt.
1919 431 2048 486 Nam
2075 434 2159 503 qui
2186 433 2275 487 ad·

1291 522 1472 558 versus
1511 505 1685 560 hostes
1726 522 1958 575 pugnare
1997 508 2180 569 nescit,
2225 514 2277 560 et

1291 581 1542 648 captivari
1569 596 1777 634 omnem
1802 580 2198 649 intelligentiam
2223 581 2275 633 in

1290 654 1635 722 obedientiam
1667 654 1875 713 Christi,
1920 662 1974 707 et
2011 655 2278 708 ratiocinia

1291 729 1579 794 confutare3
1611 729 1818 798 quinon
1841 729 1936 781 scit
1957 744 2037 790 ea,
2063 745 2195 798 quae
2216 729 2278 782 de

1291 810 1428 855 recta
1459 803 1559 855 fide
1587 803 1771 855 docere
1800 809 2021 871 oportet,
2041 804 2083 855 is
2105 801 2281 871 procul

1290 878 1356 929 sit
1388 893 1418 929 a
1453 878 1636 930 throno
1676 877 1959 930 doctrinae.
1996 874 2127 929 Nam
2165 893 2282 930 cae-

1292 957 1400 1003 tera
1428 953 1584 1012 ctiam
1614 954 1663 1003 in
1690 951 1907 1004 subditis
1932 952 2159 1018 reperire
2179 958 2278 1015 est-3

1290 1042 1473 1094 nempe
1490 1027 1620 1095 quod
1637 1027 1740 1078 sint
1761 1027 1873 1078 sine
1894 1026 2128 1088 crimine,
2147 1025 2282 1095 quod

1291 1099 1422 1152 filios
1450 1100 1674 1153 habeant
1712 1100 1962 1161 subditos,
2006 1099 2139 1169 quod
2180 1100 2284 1152 sint

1293 1174 1587 1242 hospitales,
1616 1175 1761 1235 iusti,
1787 1174 1972 1226 sancti:
2003 1174 2137 1242 quod
2162 1189 2285 1225 vero

1291 1249 1513 1300 maxime
1562 1250 1834 1301 Doctorcm
1881 1248 2142 1316 exprimit,
2186 1247 2284 1299 hoc

1292 1329 1369 1374 est
1401 1364 1412 1383 ,
1482 1324 1613 1391 quod
1682 1323 1839 1390 possit
1903 1322 2075 1374 verbis
2140 1322 2286 1374 insti·

1294 1404 1439 1449 tuere
1464 1397 1597 1466 (6).»

1363 1470 1415 1523 S.
1435 1472 1767 1540 Hieronymus
1795 1471 1847 1522 in
1871 1469 1995 1522 Luc.
2018 1468 2093 1540 (7)
2119 1468 2286 1523 consi-

1292 1545 1478 1597 derans
1501 1544 1761 1597 Christum
1782 1545 1836 1596 in
1858 1543 2027 1612 templo
2048 1544 2287 1596 sedentem

1290 1617 1344 1670 in
1372 1620 1525 1671 medio
1564 1620 1812 1671 doctorum
1839 1619 1943 1670 ait:
1980 1637 2006 1666 «
2031 1618 2086 1670 ln
2115 1617 2289 1670 Eccle-

1291 1693 1397 1753 siis,
1431 1694 1667 1761 quamvis
1695 1699 1907 1744 sanctus
1945 1692 2031 1753 sit,
2061 1691 2287 1744 Pastoris

1292 1768 1386 1818 sibi
1414 1783 1598 1818 nomen
1628 1781 1893 1818 assumere
1930 1781 2079 1818 nemo
2108 1766 2281 1827 debet,

1294 1841 1387 1891 nisi
1421 1842 1576 1908 possit
1616 1840 1822 1901 docere,
1865 1856 1993 1908 quos
2036 1841 2282 1908 pascit.»

1294 1914 1346 1966 S
1371 1915 1675 1983 Auqustz‘nus
1699 1913 1774 1984 (8)
1798 1914 1862 1965 ad
1884 1913 2154 1967 Valetium
2170 1929 2288 1966 cum

1291 2004 1345 2040 se
1373 1989 1434 2040 ad
1467 2005 1656 2040 munus
1683 1987 2030 2056 piaedicandi,
2056 1988 2119 2041 ad
2150 1987 2287 2057 quod

1293 2063 1595 2122 vocabatur,
1639 2063 1702 2115 ol)
1743 2063 1999 2115 defectum
2040 2062 2288 2115 scientiae

1291 2138 1461 2188 minus
1486 2137 1728 2189 idoneum
1757 2143 2043 2205 reputaret,
2075 2137 2283 2189 scribit:

1296 2231 1321 2259 «
1353 2209 1566 2278 Cognita
1595 2212 1920 2278 aegritudine
1947 2226 2084 2272 mea,
2127 2211 2287 2265 debeo

1290 2283 1679 2353 Scripturarum
1731 2287 1842 2338 eius
1906 2285 2288 2339 medicamenta

1291 2359 1460 2411 omnia
1485 2361 1817 2427 perscrutari,
1844 2366 1896 2411 et
1917 2359 2111 2412 orando
2132 2375 2193 2411 ac
2215 2358 2287 2411 le-

1291 2435 1458 2500 gendo
1498 2450 1673 2501 agere,
1718 2441 1776 2485 ut
1816 2433 2000 2486 idonea
2042 2433 2286 2487 valetudo

1291 2474 1494 2560 animae
1517 2524 1665 2560 meae
1685 2507 1749 2560 ad
1767 2514 1873 2560 tam
1892 2506 2178 2574 periculosa
2195 2523 2286 2560 ne-

1289 2583 1426 2648 gotia
1451 2582 1766 2634 tribuatur.»
1793 2581 1850 2635 S.
1880 2580 1971 2633 Leo
1993 2581 2067 2635 M.
2097 2581 2191 2649 Ep.
2220 2583 2286 2634 ad

1291 2655 1562 2708 Constant.
1601 2654 1675 2726 (9)
1705 2656 1795 2715 ait,
1825 2656 2173 2723 ignorantiam
2201 2655 2287 2708 do·

1290 2731 1486 2782 ctrinae
1514 2730 1632 2781 fidei
1662 2731 1712 2781 in
1733 2729 1877 2798 laicis
1904 2729 2287 2797 reprehenden-

1294 2804 1430 2865 dam,
1456 2805 1504 2855 in
1529 2803 2126 2856 clericisintolcrabilem
2147 2818 2282 2855 esse:

1290 2884 1342 2930 et
1367 2878 1487 2931 alibi
1515 2875 1649 2949 (lO):
1681 2898 1706 2927 «
1733 2877 1892 2930 Nemo
1932 2876 1998 2929 ad
2037 2877 2286 2939 cognitio·

1290 2968 1408 3004 nem
1448 2953 1683 3005 veritatis
1729 2952 1895 3019 magis
1940 2951 2281 3020 propinquat,

1289 3042 1445 3095 quam
1470 3027 1556 3094 qui
1585 3024 1848 3093 intelligit,
1879 3025 1930 3076 in
1959 3025 2115 3077 rebus
2156 3023 2286 3076 divi-

1290 3102 1400 3162 nis,
1451 3101 1608 3151 etiam
1653 3099 1695 3150 si
1748 3098 1970 3150 multum
2014 3097 2280 3167 proficiat,

1289 3188 1491 3242 semper
1524 3174 1618 3226 sibi
1651 3188 1942 3242 superesse,
1969 3171 2103 3241 quod
2128 3186 2284 3240 quae-

1333 3319 1385 3406 (ὓ)
1374 3319 1462 3363 >ct
1489 3321 1532 3353 (le
1556 3319 1700 3353 Sacerd.
1727 3317 1791 3354 lib.
1819 3317 1853 3359 4,
1879 3316 1972 3353 ets.

1335 3364 1386 3408 (7)
1412 3365 1494 3406 cap.
1522 3363 1556 3405 2,
1581 3363 1636 3398 46.

1328 3406 1371 3452 ’(8
1413 3409 1476 3451 Ep.
1501 3407 1556 3450 21,
1579 3408 1627 3441 al.
1654 3404 1730 3447 148.
1756 3414 1793 3441 n.
1819 3404 1850 3439 3.

1351 3409 1392 3532 9}
1414 3453 1465 3495 Ep
1504 3448 1538 3492 1
1563 3451 1616 3486 22.

1335 3455 1348 3542 ξ
1351 3495 1547 3541 llSerm.
1573 3495 1608 3540 θ,
1632 3496 1678 3532 de
1698 3494 1819 3533 Nativ.
1844 3494 1949 3532 Dom-
