2332 3860
52 0 142 44 Ἧι.

43 42 95 94 :af'

15 164 268 224 imnum
304 158 524 216 hominis
553 155 782 212 officium
811 174 944 222 esse,
974 165 1034 211 ut

21 231 214 298 neum
239 223 402 296 colat,
445 232 541 303 ipsi
580 232 674 285 soli
714 233 927 296 serviat,
981 248 1033 285 e-

23 328 145 370 „ms
155 311 431 391 praecepta
451 305 710 368 observet,
741 313 794 360 et
819 306 884 359 ad
920 321 1033 376 per-

51 387 237 478 tectam
270 381 597 435 sanctitatem
635 380 833 433 tendat.

44 454 46 457 ’
83 460 174 512 2.
214 456 357 509 Sicut
394 454 566 508 divina
623 453 871 509 revelatio
929 468 1033 506 mo-

546 63 549 66 “
606 112 608 115 ,
653 77 771 115 mas
805 77 860 116 n.
901 76 1067 116 snm-io
1106 79 1141 117 1.
1187 76 1338 116 carui·
1377 77 1443 115 iv.

1901 61 2012 116 515

1094 158 1421 221 obtinendus,
1464 162 1543 211 est
1580 171 1784 211 summa
1803 164 1855 211 et
1875 165 2086 214 aeterna

1094 233 1374 294 beatitudo,
1417 246 1550 301 quae
1588 232 1866 284 instvisione
1891 239 1944 285 et
1962 233 2089 288 frui·

1096 308 1231 359 tione
1272 306 1386 368 Dei,
1418 305 1605 375 infiniti
1643 304 1784 367 boni,
1827 308 2082 362 consistit.

1095 381 1239 433 Hanc
1278 379 1416 432 Deus
1455 377 1750 433 Abrahamo
1787 378 1882 431 sibi
1922 379 2086 434 fideli-

1094 461 1172 507 ter
1197 453 1440 506 servienti
1470 453 1700 522 promisit
1727 452 1902 507 dicens
1928 466 1942 504 t
1985 454 2088 523 qu

50 532 301 589 natitatem
340 529 499 589 iubet,
544 529 615 581 ita
663 529 817 586 etiam
875 526 1033 579 felici·
1091 535 1328 597 protector
1366 535 1478 579 tuus
1515 542 1646 587 sum,
1688 533 1732 578 et
1770 542 1948 580 merces
2001 534 2090 581 tua

44 613 206 673 tatem
245 602 535 672 pollicetur,
577 617 708 671 quae
749 608 920 653 tamen
949 617 1031 653 so-
1096 618 1274 671 maqna
1300 602 1449 654 nimis
1478 598 1574 670 (7).
1607 599 1799 653 Eadem
1821 601 2088 669 promissio

50 677 306 737 lummodo
344 692 435 744 per
460 675 599 728 illam
629 675 905 729 obtinenda
932 682 1027 728 est.
1094 676 1158 728 ad
1198 691 1376 729 omnes
1415 676 1575 728 iustos
1602 674 1933 728 extenditur:
1963 674 2091 728 Iusti

50 754 166 819 {deo
203 754 304 807 iarn
345 749 502 803 Caino
561 749 756 802 dictum
805 755 916 802 est:
979 746 1034 801 Si

51 827 159 882 bene
178 825 333 894 eqeris
357 824 556 892 recipies
578 822 674 894 (l).
707 822 1033 893 Frequentis-

49 903 173 956 sime
211 901 262 952 in
303 898 356 952 S.
401 898 665 966 Scriptura
704 898 788 966 qui
832 896 1034 950 morali-

44 981 203 1034 tatem
225 973 393 1025 debito
415 971 563 1024 modo
585 978 871 1031 sectantur,
900 971 1031 1023 beati

38 1047 438 1120 praedicantur.
481 1045 619 1098 Beati
653 1045 955 1098 immaculati
982 1046 1032 1095 in

50 1121 142 1183 9⁸⁶⁰,
185 1122 256 1174 ait
298 1116 596 1181 psalmista,
640 1120 726 1187 qni
782 1118 1033 1171 ambulant

39 1212 102 1258 <m
139 1192 234 1263 leye
273 1194 470 1246 Domini
510 1199 610 1245 etc.
645 1191 743 1263 (2):
775 1199 825 1245 et
853 1185 1033 1245 Beatus

48 1271 125 1323 vir
160 1270 246 1338 qai
286 1270 417 1320 timet
444 1267 712 1320 Dominum
746 1266 844 1337 (5)
877 1266 1035 1319 Istae

48 1342 150 1397 litis
188 1342 355 1410 legem
383 1342 612 1397 divinam
638 1342 1032 1395 observantibus

45 1423 233 1487 magna
281 1416 497 1470 felicitas
555 1415 851 1483 temporalis
923 1432 1035 1483 pro·

46 1492 264 1544 mittitur
306 1487 404 1561 (lt);
446 1488 534 1541 sed
574 1505 603 1541 a
647 1491 728 1541 via
768 1489 1032 1542 mandato-

42 1580 159 1627 rum
200 1564 552 1617 recedentibus
592 1564 815 1616 maxima
881 1564 1034 1615 infor-

47 1639 187 1692 tunia
230 1638 594 1706 praedicuntur
628 1636 723 1707 (5).
757 1638 910 1690 Iustis
949 1637 1034 1690 de·

46 1712 197 1782 nique
236 1713 391 1764 etiam
434 1712 682 1778 longaeva
736 1712 839 1763 vita
892 1711 1035 1779 polli-

49 1794 228 1840 cetur:
264 1785 428 1837 Timor
448 1785 649 1837 Domini
673 1794 876 1852 apponet
905 1786 1032 1837 dies.-

49 1867 91 1914 et
127 1860 247 1912 anni
274 1860 536 1927 impiorum
565 1859 906 1911 breviabuntur
935 1859 1028 1929 (6).

48 1933 127 1988 Ex
164 1933 242 1987 bis
282 1934 384 1986 iam
422 1939 581 2001 patet,
627 1935 676 1985 in
730 1932 902 1985 divina
954 1950 1033 1985 re-

40 2006 302 2068 ,velatione
329 2009 399 2060 ita
423 2008 763 2063 moralitatem
788 2006 1029 2075 praecipi,

51 2087 107 2139 ut
144 2082 298 2135 etiam
338 2082 654 2150 respondens
695 2082 764 2133 illi
819 2081 1035 2134 felicitas

52 2156 395 2224 promittatur.
441 2154 535 2207 Ast
576 2155 822 2210 revelatio
862 2156 913 2207 in
954 2155 1038 2208 de·

52 2230 325 2283 stinatione
389 2229 608 2281 hominis
668 2230 811 2287 nobis
868 2229 1036 2285 adhuc

51 2304 213 2360 maius
252 2319 313 2356 ac
351 2303 691 2355 excellentius
718 2303 838 2371 quid
867 2310 1036 2356 osten·

53 2374 143 2438 dit,
185 2385 238 2430 et
273 2377 428 2429 altius
468 2377 665 2430 animos
708 2384 909 2429 nostros
962 2385 1037 2429 at·

53 2449 201 2504 tollit.
269 2450 383 2519 Ipsa
441 2458 607 2504 certos
668 2467 759 2503 nos
824 2451 1034 2513 reddit,

49 2516 186 2577 Deus
226 2525 370 2578 nobis
410 2541 509 2578 non
552 2524 718 2578 solum
748 2525 1037 2579 naturalem

54 2603 104 2650 et
142 2604 437 2651 terrestrem
478 2615 544 2651 cx
585 2601 776 2651 virtute
828 2615 1038 2657 manan-

35 2677 154 2725 λείη
194 2672 491 2725 felicitatem
533 2674 905 2740 praestituisse‚
949 2674 1038 2727 sed

56 2746 207 2799 etiam
248 2746 345 2798 bac
386 2747 592 2799 omnino
632 2748 948 2812 superiorem
990 2755 1040 2800 et

52 2818 519 2887 supernaturalem,
563 2835 716 2888 quam
758 2822 886 2872 ratio
946 2837 1041 2874 nec

41 2891 148 2957 'stibi
213 2899 589 2960 competentem
654 2894 1036 2961 praetendere,

55 2978 148 3022 nec
188 2967 381 3019 viribus
421 2967 636 3034 propriis
674 2968 904 3021 obtinere
935 2975 1042 3036 pot-

55 3045 151 3095 est.
193 3038 344 3092 quta
387 3040 673 3093 doctrinam
712 3057 833 3109 ergo
898 3058 1042 3095 reve-

57 3108 256 3175 lat-ionis
298 3112 511 3166 ultimus
551 3113 668 3167 finis
707 3115 926 3168 hominis
955 3133 1044 3185 per

15 3205 19 3208 ·
41 3182 232 3253 ‚ipsam
235 3187 577 3241 moralitatem
599 3204 691 3242 seu
717 3191 1043 3246 sanctitatem

101 3341 135 3384 (1
174 3344 262 3380 Gen.
286 3345 319 3388 ί,
342 3347 377 3383 ’1.
623 3348 674 3391 (2)
699 3348 754 3384 Ps.
780 3348 857 3390 118,
882 3349 914 3384 1.

102 3342 156 3474 a}
176 3371 352 3478 aaa,
364 3391 442 3470 ¹...
621 3393 674 3482 {a
697 3394 803 3476 aa:
830 3392 893 3481 a:
910 3392 1043 3476 aa·

19 3555 58 3594 -t

16 3721 91 3792 a«

61 3818 89 3832 ιι·-
112 3831 114 3833 .

0 3842 5 3851 t
111 3844 125 3855 κ

1093 757 1253 802 autem
1294 750 1345 801 in
1378 756 1668 818 perpetuum
1708 749 1882 811 vivent,
1937 756 1981 801 et
2040 765 2091 801 α-

1088 824 1190 892 pud
1238 823 1506 877 Dominum
1563 831 1629 874 est
1681 838 1859 875 merces
1916 837 2091 876 eorum

1096 895 1191 968 (8).
1237 895 1312 949 Ad
1355 897 1625 965 Apostolos
1677 912 1798 949 suos
1857 895 2097 950 Obristus

1095 972 1254 1023 dicit:
1299 969 1532 1031 Gaudete,
1574 979 1618 1023 et
1682 970 1913 1032 exultate,
1975 986 2091 1039 quo-

1095 1045 1229 1097 niam
1267 1061 1449 1097 merces
1486 1053 1647 1098 vestra
1686 1046 1876 1114 copiosa
1921 1053 1990 1097 est
2030 1045 2088 1098 in

1094 1120 1233 1171 coelis
1267 1119 1362 1190 (9).
1399 1119 1638 1172 Eiusdem
1679 1118 2012 1172 beatitudinis
2039 1135 2093 1171 o-

1097 1209 1239 1245 mnes
1306 1194 1579 1262 participes
1642 1191 1752 1244 fieri
1820 1199 2035 1261 possunt
2073 1209 2087 1245 ε

1095 1267 1229 1320 Dens
1270 1268 1407 1320 enim
1435 1283 1596 1319 omnes
1625 1266 1839 1318 homines
1867 1266 1967 1319 vult
1995 1265 2092 1318 sal·

1096 1358 1173 1393 vos
1211 1343 1322 1410 fieri
1383 1340 1516 1412 (10).
1565 1340 1757 1393 ldcirco
1809 1340 1865 1394 S.
1911 1341 2095 1393 Petrus

1094 1416 1478 1468 scribitz'Deus
1518 1416 1698 1469 vocavit
1755 1431 1848 1468 nos
1905 1415 1959 1467 in
2018 1430 2096 1467 ae-

1097 1498 1288 1542 ternam
1329 1506 1471 1542 snam
1497 1490 1704 1558 ylariam
1734 1490 1787 1541 in
1811 1488 2005 1542 Christo
2026 1489 2097 1542 Ie-

1095 1580 1152 1614 su
1203 1562 1338 1634 (tt):
1383 1571 1434 1616 et
1475 1563 1708 1616 Paulus:
1748 1563 1949 1616 Habetis
1989 1564 2096 1630 sru-

1096 1645 1224 1690 ctnm
1266 1647 1475 1690 vestrum
1525 1639 1582 1690 i‘n
1642 1638 2092 1707 sanctificationem,

1094 1714 1240 1782 sonem
1279 1728 1387 1766 vero
1427 1714 1572 1766 vitam
1617 1720 1867 1765 aeternam
1896 1709 2033 1783 (⁴2).

1480 1835 1519 1892 ς
1551 1837 1687 1882 no.

1216 1925 1268 1960 De
1291 1924 1448 1967 imagine
1472 1924 1598 1959 divina
1622 1923 1762 1959 nomini
1797 1922 1986 1969 impressa.

1169 2001 1306 2060 Deus
1346 2015 1611 2060 creaturas
1650 2023 1770 2060 suas
1800 2008 1867 2060 ita
1897 2007 2098 2076 sapien·

1098 2082 1292 2134 tissime
1331 2082 1653 2143 construxit,
1726 2088 1786 2135 ut
1849 2081 1914 2135 ad
1969 2081 2097 2139 fines

1099 2172 1218 2208 suos
1257 2156 1560 2210 obtinendos
1601 2156 1827 2212 maxime
1883 2155 2098 2213 idoneae

1098 2238 1288 2283 essent.
1333 2230 1408 2283 De
1447 2231 1543 2284 bac
1582 2232 1801 2284 veritate
1859 2245 1919 2283 eo
1968 2246 2098 2284 ma-

1098 2306 1174 2380 gis
1216 2304 1608 2373 persuademur,
1652 2320 1751 2373 quo
1798 2304 2100 2377 diligentius

1098 2344 1234 2430 entia
1276 2385 1451 2431 creata
1491 2379 1899 2439 consideramuS,
1942 2385 1994 2430 et
2046 2378 2099 2430 in

1100 2468 1278 2504 coium
1337 2459 1599 2505 structura
1653 2453 1838 2509 miram
1893 2452 2100 2507 concin-

1103 2527 1360 2586 nitatem.
1417 2533 1468 2578 et
1528 2526 2097 2594 scopo-congruentiam

1101 2601 1454 2654 observamus,
1500 2600 1699 2653 Exinde
1740 2607 1879 2653 recte
1925 2600 2099 2653 inferi-

1104 2691 1236 2735 mus,
1298 2675 1455 2727 etiam
1496 2673 1753 2728 hominem
1809 2690 1840 2726 a
1882 2672 1986 2727 Deo
2025 2674 2098 2728 ita

1101 2749 1364 2802 conditum
1394 2765 1527 2810 esse,
1561 2748 1851 2816 talibusque
1884 2747 2101 2802 faculta-

1103 2824 1237 2876 tibus
1276 2823 1599 2889 insignitum,
1644 2830 1702 2875 ut
1730 2821 2100 2875 nobilissimam

1102 2907 1247 2957 suam
1289 2897 1683 2950 destinationem
1743 2896 1944 2965 assequi
1993 2912 2102 2964 pos-

1103 2977 1199 3023 set.
1245 2970 1299 3023 Id
1340 2971 1495 3025 etiam
1538 2972 1637 3022 iam
1686 2970 1737 3022 in
1798 2971 1907 3038 ipsa
1945 2969 2101 3023 bisto-

1105 3045 1178 3096 ria
1226 3045 1500 3097 creationis
1563 3043 1909 3112 indignatur,
1972 3043 2100 3096 dum

1104 3118 1255 3171 homo
1294 3118 1356 3170 ad
1398 3118 1676 3185 imaginem
1722 3124 1774 3171 et
1811 3116 2102 3171 similitudi-

1106 3207 1223 3245 nem
1261 3191 1358 3245 Dei
1392 3192 1558 3245 factus
1580 3191 1785 3246 dicitur.
1822 3190 2101 3246 Creaturus

1152 3349 2024 3430 (7(}.en1t{‚L582,sa1»5‚.16

1165 3392 1187 3426 9
1227 3394 1351 3428 Matth.
1379 3394 1412 3436 ὃ,
1437 3392 1493 3430 12
1825 3392 2074 3434 1Tim.2,4.

1167 3430 1226 3482 11)
1249 3439 1265 3471 Ι
1289 3437 1490 3482 Ep.5,10.
1726 3395 1801 3484 (123
1827 3438 1929 3474 Rom.
1956 3437 1991 3481 6,
2016 3435 2073 3472 22
