2332 3860
344 78 458 132 235
682 97 747 134 ni:
785 97 880 135 mio
919 97 970 134 m

344 174 398 228 2.
448 174 565 229 Alia
630 179 811 246 regula
877 177 1267 230 hermeneutica

272 249 525 316 exposcit,
547 257 627 303 *ut
653 252 715 303 ad
746 257 884 303 recte
906 250 1267 319 exponendam

269 321 589 391 Scripturam
608 326 722 393 finis
746 331 811 379 et.
825 325 1009 393 indoles
1026 327 1262 387 ααοιονίε,

269 403 424 466 atque
445 400 682 451 sermonis
713 404 966 452 contextus
993 399 1267 452 attendan-

269 476 374 525 tur.
418 471 509 526 His
547 480 721 525 autem
752 473 860 526 >rite
898 474 1140 534 attentiS,
1194 473 1267 525 fa-

268 544 366 597 cile
405 550 750 613 cognoscitur,
778 548 1129 600 narrationem
1158 563 1264 601 mo·

268 620 461 672 saicam
502 621 552 672 in
591 636 743 675 sensu
787 620 994 674 litterali
1036 636 1149 674 esse
1189 622 1266 672 in-

268 694 623 761 telligendam.
691 693 853 757 Nam,
920 694 970 765 a)
1031 694 1265 747 Narratio

267 768 491 821 mosaica
531 775 636 822 tota
676 768 914 836 dirigitur
954 769 1017 821 ad
1048 770 1268 836 Religio-

267 858 407 904 nem,
454 857 639 910 nempe
677 849 737 895 ‚ut
776 843 1040 896 Israelitae
1082 844 1268 895 doctri-

267 932 386 969 nam
449 916 511 968 de
578 917 683 970 Deo
740 924 994 978 creatore,
1043 919 1264 985 primum

267 1006 421 1042 verae
480 990 762 1058 Religionis
812 999 865 1044 et
906 992 1263 1044 monotheismi

268 1065 1260 1132 fundamentum‚clariusagnoscerent,

265 1144 318 1191 et
355 1139 419 1191 ad
461 1140 806 1192 obedientiam
846 1156 970 1207 erga
1001 1140 1166 1192 Deum
1195 1140 1265 1192 le·

265 1213 565 1278 gislatorem
593 1215 689 1266 isto
718 1215 909 1266 motivo
938 1215 1263 1281 impelleren-

265 1292 370 1352 tur;
433 1294 543 1339 tum
605 1295 659 1341 ut
716 1288 779 1340 ab
840 1288 1099 1341 erroribus
1141 1289 1264 1356 poli-

266 1360 473 1414 theismi
512 1362 679 1414 avulsi
722 1378 883 1414 unum
923 1362 1090 1414 Deum
1131 1363 1262 1415 cole·

264 1441 420 1497 rent,
486 1436 573 1504 qui
626 1443 841 1505 uterque
893 1435 1009 1488 finis
1057 1452 1118 1489 ex
1158 1444 1263 1489 tota

265 1506 578 1562 narrationis
617 1511 752 1562 serie
791 1509 1077 1576 colligitur:
1123 1511 1263 1563 deni-

266 1599 389 1652 que,
436 1590 492 1636 ut
531 1584 753 1645 sabbati,
797 1585 944 1636 cuius
984 1583 1263 1637 celebratio

262 1657 327 1711 ad
378 1658 609 1725 vigorem
670 1658 830 1711 totius
885 1659 1264 1712 constitutionis

269 1733 652 1799 requirebatur,
716 1733 914 1784 sanctio
966 1732 1130 1785 veluti
1170 1733 1262 1785 Dei

270 1806 432 1873 ipsius
496 1806 735 1874 exemplo
799 1806 1114 1859 firmaretur.
1184 1806 1261 1859 Ad

267 1878 405 1930 hunc
447 1880 697 1947 triplicem
738 1879 896 1932 finem
925 1879 1263 1932 obtinendum

265 1954 581 2006 conveniens
646 1969 747 2006 non
815 1954 1013 2014 suisset,
1077 1955 1262 2021 populo

264 2026 379 2078 rudi
422 2034 474 2079 et
513 2027 719 2080 indocto
759 2027 1034 2095 allegorias
1083 2044 1262 2096 propo-

267 2115 391 2153 nere
431 2107 483 2153 et
523 2118 626 2154 non
669 2102 951 2169 explicare.
998 2101 1043 2171 b)
1072 2102 1263 2154 Omnes

263 2174 512 2236 fatentur,
555 2175 770 2244 Moysen
825 2177 1130 2244 scriptorem
1190 2177 1263 2228 hi-

263 2250 511 2302 storicum
552 2266 683 2310 esse,
740 2251 907 2316 ipsum
948 2251 999 2302 in
1040 2250 1262 2302 decursu

262 2338 514 2390 geneseos
577 2322 797 2391 simplici
864 2324 1064 2376 calamo
1127 2325 1262 2377 sacta

265 2412 529 2459 enarrare,
575 2398 626 2449 in
667 2414 823 2451 sensu
867 2398 1075 2451 litterali
1130 2399 1264 2450 acci-

256 2471 486 2540 pienda:
536 2488 604 2524 ex
654 2487 755 2540 quo
797 2472 1049 2531 insertur,
1093 2473 1260 2539 ipsum

265 2546 419 2598 etiam
459 2546 510 2597 in
552 2546 695 2598 initio
735 2546 812 2598 sui
854 2547 1021 2614 operis
1051 2562 1151 2598 non
1189 2546 1262 2599 al·

266 2619 523 2687 legorice,
567 2620 658 2673 sed
699 2619 940 2682 historice
981 2627 1032 2672 et
1073 2621 1264 2672 littera-

264 2692 383 2745 liter
423 2693 581 2763 loqui.
630 2694 672 2761 e)
723 2692 945 2746 Sensum
985 2694 1261 2746 litteralem

262 2766 540 2833 allegorico
581 2782 693 2820 esse
731 2767 1147 2834 praeferendum,
1181 2784 1264 2835 pa·

263 2842 506 2894 tetetiam
529 2857 595 2894 ex
617 2840 836 2908 simplici
861 2849 1110 2894 contextu
1147 2857 1263 2893 nar-

262 2915 495 2975 rationiS‚
522 2931 655 2984 quae
685 2914 814 2968 Gen.
848 2914 870 2966 1
899 2916 1136 2968 babetur.
1170 2915 1262 2967 Hic

261 2987 400 3040 enim
439 2996 621 3041 auctor
648 3004 796 3042 sacer
835 2989 1048 3059 singula*
1081 2989 1173 3041 Dei
1215 3005 1263 3042 o·

263 3076 389 3127 pera
411 3062 632 3129 singulis
645 3063 876 3129 assignat
891 3063 1091 3116 diebus:
1115 3079 1262 3131 porro

261 3135 397 3189 sicut
439 3137 648 3189 nomina
687 3137 818 3199 coeli
859 3144 912 3194 et
952 3143 1144 3198 terrae,
1187 3153 1266 3188 so-

265 3209 350 3268 lis,
383 3206 700 3275 plantarum,
731 3212 1058 3273 animalium,
1103 3210 1265 3275 homi-

264 3282 344 3336 nis
382 3287 510 3343 etc.,
540 3283 612 3353 ab?
646 3286 887 3339 omnibus
936 3285 1257 3345 litteraliter,

264 3354 648 3423 intelliguntur,
708 3359 779 3411 ita
843 3360 1000 3413 etiam
1057 3359 1262 3419 nomine

308 3456 360 3499 (1)
385 3457 437 3494 Cr.
463 3457 665 3503 Tourneiy,
687 3458 733 3494 de
754 3466 815 3502 op.
842 3458 863 3494 t
890 3459 981 3498 dier.
1004 3468 1044 3504 q.
1068 3458 1107 3504 3,
1129 3462 1202 3508 art.
1226 3458 1262 3496 1.

2264 0 2332 60 ξῖ

1009 95 1278 134 RELATIONE
1315 97 1381 135 An
1419 95 1622 134 MUNDUM
1651 95 1929 135 *smmum

1328 176 1427 230 diei
1478 187 1630 233 verus
1688 176 1796 230 dies
1852 175 2072 246 intelligi
2129 178 2322 246 debete*
2288 219 2332 247 .

1331 251 1652 318 praesertim,
1693 267 1813 304 cum
1852 251 1924 304 nil
1966 252 2188 320 postulet
2204 268 2332 326 sem·

1329 341 1445 378 sum
1502 324 1836 467 aglego’nicum
1893 325 2116 380 naturali
2172 326 2332 438 dem*

1330 398 1450 452 licto
1478 398 1522 468 (i
1671 452 1674 454 ,

1403 473 1456 525 5.
1502 471 1726 526 Tantum
1763 473 1936 535 abest,
1983 480 2039 526 ut
2075 456 2132 527 S.
2187 427 2332 531 sebit-

1331 553 1478 614 ptura
1518 563 1610 614 pro
1649 547 1924 600 creationis
1953 546 2163 601 historia
2202 564 2332 606 seni-

1327 637 1442 674 sum
1482 620 1819 688 allegoricum
1858 621 2114 688 indigitet,
2155 629 2332 680 auton!

1331 698 1466 748 mnia
1490 696 1640 748 simul
1665 703 1839 748 creata
1858 711 1969 748 esse
1987 695 2278 750 contestet'uv

1329 776 1383 821 ut
1401 770 1718 822 contrarium
1740 770 1904 836 potius
1920 787 1992 822 ex
2013 770 2100 822 illa
2122 714 2332 836 osten&

1327 851 1500 911 queat.
1546 843 1610 895 Et
1656 860 1781 896 sane
1821 845 1992 900 omnia
2033 843 2332 901 successivos

1327 925 1501 970 cieata
1530 933 1662 977 esse,
1703 924 1861 984 patet,
1896 925 1951 973 ut
1978 926 2120 970 recte
2149 916 2332 985 Esliud]

1327 993 1588 1053 observat,
1633 1009 1697 1043 ex
1740 1007 1821 1052 e0,
1865 992 2065 1060 quiav.
2123 993 2156 1044 2
2203 993 2332 1047 diem

1327 1072 1449 1118 tur:
1511 1066 1663 1118 Terra
1707 1074 1869 1118 autem
1922 1074 2028 1118 erat
2067 1067 2233 1119 inanis
2282 1071 2332 1132 nt

1328 1156 1495 1201 vacua,
1541 1148 1666 1192 etc.-
1632 1179 1667 1204 .,
1712 1141 1949 1192 manifes
1935 1157 1981 1192 e
2010 1140 2094 1192 hic
2123 1148 2297 1209 tempu

1327 1216 1640 1282 assignatur,
1685 1230 1786 1282 quo
1830 1221 1966 1267 terra
2005 1215 2196 1275 extitit,
2233 1231 2303 1267 set

1328 1288 1419 1339 lux
1479 1305 1579 1340 non
1639 1288 1822 1349 adfuit,
1882 1304 2050 1357 neque
2090 1289 2311 1357 plantae·

1326 1363 1569 1414 animalia
1610 1369 1711 1414 etc.
1756 1362 2066 1425 adfuerunt3
2091 1370 2172 1414 ast
2200 1370 2302 1414 tem

1328 1452 1421 1503 pus
1463 1436 1565 1488 tale
1605 1436 1861 1502 assignari
1903 1436 2080 1504 nequit
2106 1437 2172 1489 ab
2201 1436 2311 1489 illis·

1326 1511 1410 1578 qui
1453 1510 1622 1562 omnia
1662 1510 1815 1561 simul
1857 1518 2032 1562 creata
2072 1525 2186 1563 esse
2233 1526 2313 1563 au)

1329 1591 1549 1637 tumant.
1583 1612 1654 1622 —
1688 1583 1783 1636 Ex,
1828 1583 1948 1645 XX,
1982 1584 2013 1636 9
2055 1592 2158 1637 etc.
2203 1584 2315 1652 legii

1328 1665 1412 1710 tur
1438 1675 1450 1708 :
1482 1657 1583 1712 Sea:
1603 1658 1768 1710 diebus
1785 1658 2079 1727 operaberis,
2100 1666 2143 1711 et
2170 1660 2309 1725 facie·

1326 1744 1471 1801 opera
1513 1741 1616 1784 tua.
1659 1731 1869 1799 Septimo
1909 1740 2071 1784 autem
2110 1732 2277 1788 dieSa

1326 1806 1489 1857 batum
1513 1806 1712 1857 Domini
1737 1805 1830 1858 Dei
1856 1808 1933 1859 tui
1950 1814 2019 1858 est
2040 1823 2060 1857 .-
2099 1823 2197 1859 non
2246 1807 2314 1874 sai

1324 1880 1417 1931 cies
1444 1895 1581 1932 omne
1609 1895 1731 1947 opus
1759 1881 1815 1931 in
1843 1896 1929 1932 eo.-
1977 1880 2106 1933 haec
2143 1887 2311 1934 auten·

1328 1954 1430 2014 lex,
1476 1954 1555 2006 die
1597 1956 1815 2021 septimo
1853 1954 1918 2007 ab
1945 1955 2183 2022 operibus
2210 1971 2307 2008 cesx

1324 2028 1493 2089 sandi,
1537 2028 1790 2095 repetitur
1828 2028 1893 2082 ab
1934 2029 2173 2096 exemplo
2199 2029 2302 2081 Dei.

1324 2103 1517 2169 quisex
1533 2102 1713 2154 diebus
1735 2118 1863 2169 opus
1891 2103 2168 2155 creationis
2208 2119 2299 2172 per

1326 2176 1482 2237 fecit,
1542 2183 1594 2229 et
1651 2178 1869 2244 septimo
1908 2176 1989 2229 die
2030 2178 2282 2245 requievit
2315 2218 2323 2225 .

1325 2249 1530 2302 additur
1594 2252 1732 2302 enim
1799 2266 1848 2302 V.
1895 2251 1985 2302 M:
2040 2249 2143 2303 Sea)
2188 2252 2297 2303 enin

1324 2323 1489 2375 diebus
1555 2325 1666 2391 fecit
1736 2323 1974 2377 Dominus
2025 2324 2208 2376 coelum
2272 2341 2298 2376 e

1326 2404 1543 2460 terram,
1589 2406 1642 2453 ,et
1692 2414 1828 2450 mare
1888 2406 1933 2450 et
1960 2399 2151 2450 omnia
2197 2414 2301 2466 qua·

1326 2471 1378 2522 in
1425 2473 1495 2523 eis
1545 2480 1689 2531 sunt,
1754 2479 1799 2528 et
1851 2471 2089 2539 requierit
2136 2473 2190 2524 in
2240 2473 2301 2525 di»

1324 2546 1545 2612 sept-imo,
1589 2546 1771 2597 ideirco
1806 2544 2051 2597 benedixit
2078 2546 2302 2598 Domina·

1323 2619 1423 2670 diei
1477 2618 1674 2672 Sabbati
1702 2627 1767 2680 ,ec
1821 2620 2139 2688 sanctificavit
2185 2635 2305 2672 eum

1325 2691 1482 2744 Cuius
1522 2699 1698 2745 autem
1740 2694 1986 2746 momenti
2029 2693 2146 2746 talis
2185 2709 2294 2746 esse

1326 2766 1477 2828 rati0‚
1539 2767 1581 2818 si
1647 2766 1871 2819 mundus
1926 2783 2030 2820 uno
2078 2769 2304 2836 tempori»

1328 2847 1517 2907 puncto
1538 2848 1745 2894 creatus
1770 2846 2086 2910 ornatusque
2112 2842 2300 2894 fuisset·

1326 2914 1599 2968 Praeterea
1636 2915 1702 2968 ad
1743 2915 2011 2967 historiam
2043 2916 2294 2968 creationi

1326 2995 1465 3042 recte
1506 2990 1663 3043 etiam
1702 2989 1924 3051 refertur
1963 2989 2229 3057 productio
2299 2990 2306 2999 ”

1327 3078 1442 3125 vae,
1487 3079 1620 3132 quae
1660 3069 1903 3123 narratur
1939 3061 2069 3115 Gen.
2115 3061 2181 3124 11,
2225 3063 2298 3117 211

1326 3135 1460 3188 hanc
1499 3144 1676 3189 autem
1703 3137 1970 3207 historiam
2004 3137 2214 3190 omnino
2243 3136 2276 3191 li

1328 3209 1557 3263 teraliter
1595 3210 1852 3276 intellexit
1902 3210 2166 3278 apostolus
2202 3226 2294 3271 scr.

1324 3284 1491 3336 bens.
1556 3283 1675 3344 Non
1725 3285 1855 3336 enim
1901 3284 1977 3336 vir
2014 3300 2077 3337 ear
2115 3286 2294 3346 raucio„

1324 3364 1410 3415 est,
1452 3357 1533 3408 sed
1571 3357 1751 3412 mulier
1788 3373 1852 3411 ex
1878 3359 1983 3411 viro
2010 3358 2108 3430 (2).
2147 3357 2277 3427 Itaq

1369 3457 1422 3501 (2)
1446 3458 1462 3492 1
1487 3457 1570 3494 Cor
1591 3458 1640 3502 u,
1663 3457 1700 3494 8.
