2332 3860
53 128 62 145 ε·
52 47 79 110 κῃ

89 56 100 77 κ

87 345 182 399 dae
205 339 403 411 :atqui
429 341 581 395 etiam
609 342 818 410 sanguis
844 350 923 395 est
948 357 1065 410 pars

80 423 300 473 ,naturae
338 415 592 468 humanae
631 416 912 483 integrans,
947 416 1064 484 quia

20 511 22 517 ·
85 491 229 545 iuxta
271 488 591 558 philosophos
629 496 680 541 et
708 490 927 542 medicos
960 504 1067 542 cor-

86 579 181 633 pus
217 564 327 616 sine
365 564 612 628 sanguine
652 580 750 617 non
805 571 882 616 est
936 564 1065 615 inte-

87 652 236 705 grum
275 642 326 689 et
364 636 677 705 perfectum:
743 652 864 704 ergo
928 643 1064 689 totus

86 711 294 779 sanguis
355 711 779 774 reassumendus‚
822 711 1065 763 remansit

87 783 254 838 Verbo
293 784 484 838 unitus.
527 784 580 836 ld
621 785 950 840 confirmatur
999 800 1065 836 ex

30 911 37 925 ί
87 874 166 920 ea,
208 858 338 926 quod
379 860 430 910 in
469 859 627 911 sacris
665 858 845 911 litteris
874 859 1066 910 redem-

24 974 27 977 .
88 933 190 1001 ptio
229 939 398 984 nostra
427 933 664 985 tribuitur
711 932 915 1001 speciali
946 950 1066 1001 qua-

89 1006 204 1058 dam
246 1007 441 1059 ratione
480 1010 697 1075 pretioso
738 1005 922 1059 Christi
950 1024 1066 1058 san-

89 1080 249 1147 guini.
295 1079 420 1132 Nam
460 1082 566 1149 ipse
623 1080 851 1132 Christus
908 1082 1063 1134 dixit:

89 1154 184 1208 Hic
210 1161 275 1205 est
296 1155 492 1222 sanquis
511 1171 646 1207 meus
673 1156 782 1206 novi
806 1154 1068 1207 Testamen-

89 1228 144 1287 ti,
164 1228 250 1296 qui
257 1243 347 1296 pro
369 1228 530 1280 multis
547 1230 820 1297 effundetur
837 1231 887 1280 in
902 1231 1068 1280 remis-

89 1303 267 1354 sionem
285 1312 582 1370 peccatorum
611 1300 706 1373 (l).
741 1303 978 1371 Princeps
999 1303 1068 1355 A-

91 1382 237 1443 post.:
262 1376 465 1428 Scientes
485 1377 609 1444 quod
624 1394 718 1428 non
739 1378 1068 1445 corruptibili-

89 1449 173 1501 bus
192 1465 317 1501 auro
339 1450 410 1501 vel
430 1460 623 1518 arpenta
644 1452 870 1519 redempti
897 1453 1065 1513 e-stis;..

88 1524 168 1574 sed
188 1524 398 1591 pretioso
424 1526 656 1591 satiquine
676 1526 819 1593 quasi
843 1527 959 1593 aqui
979 1528 1068 1576 im·

87 1597 317 1649 maculati
372 1596 556 1650 Christi
605 1606 648 1650 et
702 1602 1069 1651 incontaminati

91 1669 185 1740 (2).
215 1671 411 1723 loann,:
442 1671 650 1739 Sanyuis
680 1674 786 1724 Iesu
808 1673 992 1724 Christi
1018 1676 1070 1742 fi.-

88 1744 143 1796 tii
184 1746 286 1796 eius
326 1747 554 1797 emundat
580 1764 664 1797 nos
698 1747 756 1799 ab
794 1749 924 1799 omni
970 1764 1071 1815 poc-

87 1825 188 1870 cato
217 1818 310 1887 (5).
343 1819 415 1870 Ac
449 1820 666 1887 denique
707 1828 806 1872 tota
846 1822 1065 1873 Ecclesia

90 1893 156 1943 ita
201 1891 363 1943 lesum
404 1891 658 1945 Christum
700 1904 839 1946 orat:
876 1897 941 1947 Te
960 1912 1069 1962 erqo

88 1981 374 2034 quaesumus
405 2007 417 2026 ,
469 1969 563 2019 tuis
608 1970 811 2034 famulis
853 1969 1065 2029 subveni,

87 2056 207 2107 quos
231 2042 436 2108 pretioso
453 2043 685 2110 sanquine
707 2044 966 2095 redemisti.
1004 2073 1069 2080 -

93 2113 192 2165 lain
238 2130 379 2174 vero,
422 2131 539 2167 cum
582 2124 748 2168 nostra
792 2118 1069 2184 redemptio

89 2188 156 2240 sit
198 2190 469 2256 repetenda
509 2191 571 2242 ab
613 2191 807 2243 infinita
849 2192 931 2243 illa
977 2193 1073 2242 vii·-

90 2268 198 2313 tute
238 2269 287 2313 et
328 2261 570 2325 efficacia,
612 2280 742 2332 quae
782 2281 845 2316 ex
884 2267 1070 2317 unione

90 2335 410 2403 hypostatica
463 2338 510 2388 in
576 2340 895 2405 operationes
958 2340 1067 2391 lesu

89 2410 273 2463 Christi
341 2412 691 2478 promanabat,
748 2429 844 2464 non
905 2421 1071 2480 posset

89 2482 215 2535 haec
254 2484 359 2551 ipsa
400 2486 677 2553 redemptio
716 2488 950 2554 sanguini
1001 2488 1072 2538 le-

89 2573 146 2608 su
190 2556 370 2610 Christi
415 2560 585 2618 tribui,
620 2560 711 2612 nisi
748 2562 852 2628 ipse
898 2562 1071 2613 fuisset

91 2630 335 2683 divinitati
363 2632 676 2700 hypostatice
706 2637 894 2687 unitus.
930 2635 1067 2697 Quod

92 2705 132 2756 si
173 2712 283 2757 erat
319 2709 489 2758 unitus
528 2715 646 2760 ante
686 2710 982 2762 effusionem
1020 2719 1071 2761 et

94 2778 141 2828 in
185 2779 291 2846 ipsa
354 2780 615 2841 effusione,
684 2799 781 2835 non
838 2791 1068 2851 apparet,

93 2865 187 2904 cur
240 2858 349 2918 post
387 2853 683 2908 effusionem
723 2857 953 2909 debuerit
1001 2875 1076 2909 se-

97 2926 285 2994 parari,
328 2942 446 2978 cum
484 2930 657 2996 utique
696 2932 761 2982 sit
794 2937 842 2982 et
874 2940 1075 2984 maneat

94 3000 302 3066 sanguis
332 3001 443 3052 lesu
473 3001 679 3066 Christi,
710 3010 762 3056 et
787 3020 816 3056 a
846 3004 1076 3058 Patribus

97 3088 157 3126 ac
197 3073 443 3140 theologis
483 3078 669 3144 passim
707 3086 919 3130 vocetur
960 3095 1076 3130 san-

336 220 349 226 ,
698 185 817 225 mas
854 186 928 225 m.
969 140 1134 225 suerio
1171 185 1207 223 ι.
1248 184 1400 222 cnm·
1435 182 1491 220 n.

5 266 15 291 ’·
87 265 783 342 partesssnaturaehumanae
803 282 1064 321 resumen-
1129 265 1414 333 Uniqenitus
1439 263 1502 316 de
1526 260 1727 316 Christo
1757 261 1830 313 sic
1858 260 2102 330 loquiturt

1923 163 2030 218 ⁸75

1129 360 1155 390 (ι
1184 339 1242 393 ln
1279 355 1369 392 ara
1407 338 1575 412 crucis
1611 338 1856 389 innocens
1874 333 2104 388 immola·

1125 421 1228 476 tus,
1271 428 1370 466 non
1410 418 1608 480 guttam
1648 408 1910 478 sanguinis
1948 408 2104 460 motii-⁴

1125 503 1257 548 cam,
1282 503 1412 556 quae
1452 492 1623 537 tamen
1655 491 1852 552 propteit
1878 482 2106 533 unionem

1123 562 1186 614 ad
1233 560 1434 622 Verbum
1456 575 1544 627 pro
1580 557 1924 624 redemptione
1953 556 2106 607 totius

1124 636 1324 704 generis
1381 633 1590 686 humani
1653 631 1955 691 suffecisset,
2017 629 2105 681 sed

1127 710 1267 761 velut
1304 707 1559 777 quoddam
1600 704 1905 773 profluvium
1945 704 2106 755 nosci-

1128 789 1209 835 tur
1234 783 1486 835 effudisse.
1512 801 1538 830 »
1559 779 1816 842 —Quoad
1845 777 2108 851 sanguinis

1124 856 1307 910 Christi
1350 854 1641 925 particulaS‚
1683 868 1808 921 quas
1836 852 1885 903 in
1920 851 2108 902 mundo

1127 932 1329 983 relictas
1369 928 1601 982 nonnulli
1641 932 1896 987 asserunt,
1930 932 2109 978 notan-

1127 1005 1247 1058 dum
1288 1010 1408 1065 est,
1458 1003 1590 1073 quod
1654 1001 1966 1054 Innocentius
2035 996 2113 1050 111

1128 1080 1199 1148 (lt)
1254 1079 1451 1138 doceat,
1516 1084 1677 1130 totum
1729 1076 2034 1141 sanguinem
2081 1089 2110 1124 a

1128 1154 1238 1206 lesu
1261 1151 1459 1205 Christo
1484 1154 1532 1204 in
1557 1152 1929 1204 resurrectione
1958 1148 2111 1200 tuisse

1127 1235 1461 1295 assumptum.
1490 1227 1651 1290 Quam
1698 1222 2007 1276 sententiam
2058 1237 2110 1274 a-

1130 1303 1355 1369 doptavit
1411 1300 1461 1354 S.
1521 1301 1722 1352 Thomas
1763 1295 1838 1367 (5)
1895 1297 2107 1348 dicens:

1132 1397 1157 1426 «
1187 1378 1341 1428 Totus
1380 1376 1608 1441 sanguiS,
1651 1374 1734 1443 qui
1784 1372 1846 1424 de
1904 1384 2114 1438 corpore

1129 1452 1309 1503 Christi
1351 1450 1519 1510 fluxit,
1563 1465 1680 1501 cum
1720 1446 1784 1499 ad
1843 1446 2113 1497 veritatem

1133 1533 1342 1577 naturae
1403 1525 1658 1576 humanae
1719 1521 1989 1590 pertineat,
2058 1520 2110 1570 in

1130 1617 1338 1667 corpore
1377 1596 1562 1650 Christi
1606 1595 1899 1649 resurrexit.
1935 1613 1962 1643 »
2009 1592 2116 1645 Hoc

1133 1676 1260 1726 idem
1314 1673 1651 1725 communiter
1714 1671 1817 1722 fere
1880 1673 2115 1721 asserunt

1135 1749 1386 1813 tlicologi3
1431 1750 1643 1798 eandem
1693 1752 1861 1796 tamen
1911 1749 2118 1795 senten-

1133 1824 1250 1873 tiam
1294 1823 1518 1890 plerique
1556 1822 1630 1872 sic
1671 1819 1908 1874 limitum,
1952 1823 2009 1868 ut
2032 1816 2118 1867 mi-

1134 1899 1266 1949 nime
1306 1896 1613 1952 inficientur,
1658 1894 1853 1960 aliquas
1888 1890 2116 1957 guttulas

1133 1971 1334 2022 relictas
1374 1969 1528 2021 fuisse
1556 1968 1619 2019 ad
1651 1967 1946 2022 memoriam
1976 1964 2115 2015 dirae

1135 2046 1379 2112 passionis
1393 2042 1817 2107 conservandam,
1838 2047 1888 2091 et
1910 2039 1972 2090 ad
1998 2037 2116 2090 fide-

1134 2120 1256 2171 lium
1287 2120 1606 2170 devotionem
1639 2117 1929 2167 fovendam.
1967 2112 2116 2166 Tales

1132 2196 1263 2244 enim
1306 2193 1539 2262 guttulae
1581 2192 1734 2242 variis
1772 2183 1832 2241 in'
1885 2189 2007 2239 locis
2065 2203 2115 2240 ο·

1132 2268 1466 2327 stenduntur‚
1510 2273 1562 2317 et
1612 2267 1662 2317 in
1702 2279 1887 2330 magno
1926 2261 2116 2314 honore

1135 2342 1404 2394 habentur.
1489 2340 1737 2392 Observat
1799 2344 1972 2390 autem
2035 2334 2112 2387 Cl.

1137 2412 1484 2483 Tournely(6):
1521 2433 1545 2461 «
1565 2413 1864 2485 TheologOS,
1897 2411 1980 2479 qui
2012 2425 2120 2478 pre·

1134 2496 1287 2541 tiosas
1327 2490 1438 2540 illas
1478 2488 1741 2553 sanguinis
1791 2484 1976 2536 Christi
2045 2500 2120 2536 re·

1138 2565 1314 2631 liquias
1360 2569 1415 2613 ut
1456 2577 1605 2613 veras
1643 2561 1941 2619 admittunt,
1973 2558 2118 2610 fateri

1137 2646 1302 2689 tamen
1338 2678 1350 2696 ‚
1417 2652 1503 2688 eas
1570 2635 1884 2704 hypostatice
1950 2634 2119 2684 unitas

1134 2728 1248 2765 cum
1293 2710 1458 2762 Verbo
1498 2711 1597 2764 iam
1638 2726 1734 2760 non
1765 2724 1896 2760 esse.
1933 2726 1958 2756 n
1990 2705 2116 2759 Nam

1134 2789 1205 2838 ait
1244 2784 1319 2837 Cl.
1363 2785 1616 2852 Sardayna
1664 2782 1760 2853 (7):
1821 2801 1847 2830 «
1902 2781 2118 2833 Axioma

1137 2860 1260 2911 illud
1302 2858 1642 2925 theologicum
1682 2873 1710 2908 e
1742 2857 1998 2909 commu-ni
2031 2852 2119 2907 Pa-

1138 2942 1271 2986 trum
1314 2934 1540 2984 doctrina
1581 2932 1941 2998 desumptum:
1986 2928 2121 2992 Quod

1136 3007 1278 3059 semel
1315 3006 1516 3058 Verbum
1556 3010 1831 3072 assumpsit,
1866 3019 2117 3071 nunquam

1136 3081 1340 3138 dimisit,
1410 3080 1623 3146 intelligi
1688 3096 1788 3131 non
1852 3079 2001 3131 debet
2059 3077 2118 3129 dc

95 3147 209 3215 guis
246 3147 469 3208 divinuS,
511 3152 595 3217 qui
636 3167 724 3219 pro
766 3153 908 3205 nobis
954 3154 1077 3204 effu·
1139 3156 1359 3207 minimis
1379 3155 1662 3222 quibusque
1691 3152 1968 3222 particulis,
1992 3150 2117 3205 Nam

98 3236 187 3274 sus
224 3227 318 3275 est.
372 3223 583 3276 Accedit
637 3227 912 3278 auctoritas
969 3226 1077 3279 Cle-

1142 3226 1196 3279 40
1257 3228 1478 3281 Verbum
1540 3244 1638 3280 non
1698 3228 1884 3281 mansit
1924 3228 2119 3279 unitum

99 3295 288 3349 mentis
329 3295 415 3358 VI,
459 3297 544 3366 qui
584 3298 635 3350 in
674 3315 766 3353 sua
792 3299 1073 3369 Extravag.
1140 3303 1238 3354 illis
1278 3301 1536 3369 particulis
1574 3302 1742 3355 carnis
1763 3309 1815 3356 et
1833 3300 2116 3371 sanguiniS,

145 3407 196 3451 (1)
217 3404 342 3447 naith.
365 3411 421 3454 26,
444 3411 501 3448 28.

147 3453 198 3531 (ξ.)
219 3454 502 3541 }:*‘ff;t·¹1.¹÷²⁸·

159 3507 196 3575 ‘i
218 3541 261 3576 tn
283 3541 376 3578 ubre
397 3525 442 3579 ue
465 3544 645 3589 mysteriis
668 3544 794 3582 Missae
816 3553 894 3588 σι).
921 3546 976 3584 80.

1186 3416 1234 3459 (5)
1259 3416 1295 3458 3,
1315 3426 1346 3468 q.
1377 3416 1431 3459 54,
1456 3422 1520 3452 art.
1548 3417 1569 3453 2
1591 3419 1634 3453 ad
1657 3420 1687 3455 3.

1183 3460 1233 3504 (o)
1263 3462 1315 3496 De
1336 3470 1471 3496 incarn.
1498 3462 1535 3496 in
1559 3462 1632 3498 fine
1654 3469 1794 3506 quaest.
1818 3463 1853 3499 ’1.

1187 3504 1235 3548 (7)
1259 3505 1428 3548 Tlieolog.
1451 3508 1607 3549 dogmat.
1636 3508 1765 3550 potem.
1803 3514 1890 3543 tom.
1927 3504 1968 3550 1,
1990 3509 2057 3540 nrt-
2087 3505 2122 3550 3,

1138 3546 1369 3586 Ooiitmvers.
1390 3549 1424 3591 δ,
1448 3558 1550 3587 nuru.
1576 3551 1652 3587 189.
