2332 3860
32 4 40 11 η
88 0 124 11 ”.

40 0 101 80 ᾗ

85 90 95 104 Ι

32 158 65 206 'k‘

66 765 135 810 ·et
191 757 542 823 incorpoream
601 754 888 822 significat,

81 228 267 298 Manli.
293 230 427 299 Vm,
463 235 550 298 ⁴6,
599 237 798 306 eJ‘ciebat
827 237 1059 307 spiritus.

83 315 212 371 Luc.
247 311 318 376 X,
341 312 451 375 20,
482 310 702 380 Spiritus
746 311 876 364 vobis
918 310 1066 364 subii·

82 379 299 449 ciuntur,
339 353 464 439 Luc’.
506 384 599 448 Xl,
660 385 751 446 Ξῐι,
783 385 1067 439 immundus

84 461 352 532 spiritus..
397 475 449 512 v.
494 459 565 511 026
591 500 603 520 ‚
647 460 852 511 assumit
891 466 1066 527 septem

83 535 203 590 alios
254 533 456 604 spiritus
492 549 688 598 secum,
728 535 982 602 nequiores
1020 549 1068 586 se

84 615 183 664 etc.
225 606 378 676 Atqui
418 624 520 660 vox
558 606 772 676 Spiritus
799 623 899 659 non
929 607 1066 659 aliud

83 683 302 753 proprie.
322 682 415 733 nisi
431 682 768 734 substantiam
783 681 1066 749 simplicem

950 771 1068 807 cum

24 899 27 901 Ι
82 831 188 884 Deo
216 827 313 901 (i),
346 836 395 882 et
434 831 637 882 animae
678 828 935 882 humanae
980 831 1070 882 tri-

63 1126 269 1189 ‚idcirco
335 1127 574 1178 dicuntur
638 1127 844 1194 spiritus
878 1168 889 1187 ,

80 905 269 959 buatur
297 903 394 976 (Q),
426 905 559 972 Ergo
602 903 709 972 pari
758 904 905 956 modo
964 903 1069 956 An·

82 978 203 1047 geli,
247 978 331 1046 qui
373 979 507 1030 inter
548 978 709 1030 Deum
751 983 801 1029 et
842 979 1065 1030 animam

83 1052 362 1105 humanam
385 1052 607 1104 medium
630 1052 797 1103 locum
816 1052 1064 1114 obtinent,

953 1127 1067 1195 quia

83 1206 202 1253 sunt
248 1200 453 1252 omnino
504 1201 786 1268 incorporei
839 1206 890 1252 et
942 1216 1069 1268 pure

83 1274 407 1343 spirituale83
469 1281 520 1326 et
568 1281 707 1326 certe
748 1274 890 1326 nulla
932 1275 1069 1327 sulfi-

49 1348 222 1401 ,ciens
278 1349 406 1400 ratio
457 1349 705 1416 assignari
749 1354 933 1417 potest,
978 1365 1070 1400 cur

83 1421 211 1475 haec
249 1438 350 1474 vox
391 1421 451 1473 ad
495 1423 716 1475 alienam
744 1423 1071 1490 significatio-

83 1511 202 1549 nem
260 1496 644 1564 detorqueatur,
707 1512 823 1548 cum
867 1497 928 1548 de
969 1498 1070 1549 An·

81 1571 211 1636 gelis
250 1570 540 1623 adhibetur.
585 1570 815 1628 Accedit,
853 1571 986 1639 quod
1010 1572 1071 1623 de

80 1643 160 1696 his
202 1660 384 1695 nomen
423 1644 640 1712 Spiritus
675 1646 723 1696 in
760 1646 1071 1713 oppositione

81 1718 145 1770 ad
186 1718 451 1770 materiam
478 1725 773 1786 usurpetur,
806 1735 923 1770 cum
949 1719 1072 1771 Pau-

86 1792 166 1844 lus
207 1792 366 1844 dicit:
412 1792 529 1844 Non
570 1801 639 1844 est
677 1791 811 1843 nobis
850 1793 1072 1844 collucta-

86 1868 150 1918 tio
188 1866 417 1918 adversus
455 1881 652 1918 carnem
674 1874 717 1918 et
756 1868 1067 1934 sanquinem,

87 1940 166 1993 sed
182 1940 409 1992 adversus
434 1941 674 2009 principes
696 1947 738 1991 et
756 1948 1066 2009 potestates..

64 2022 251 2067 'contra
281 2015 561 2082 spiritualia
587 2015 830 2082 nequitiae
853 2022 952 2067 etc.
970 2014 1068 2086 (5);

86 2104 207 2157 ergo
246 2088 391 2140 iuxta
428 2088 632 2155 regulas
662 2090 1073 2142 hermeneuticas

87 2178 274 2214 nomen
315 2163 523 2230 spiritus
564 2162 645 2215 bic
685 2165 734 2214 in
765 2179 917 2216 sensu
961 2180 1076 2232 pro-

36 2243 41 2245 “
87 2238 197 2306 prio
259 2242 336 2288 est
385 2237 758 2304 accipiendum.
808 2267 882 2276 —-
934 2238 1070 2290 ldem

41 2331 43 2334 ¹
87 2310 417 2363 confirmatur
458 2327 524 2362 ex
549 2327 628 2373 eo,
659 2311 791 2379 quod
814 2310 1005 2364 Coloss.
1031 2312 1070 2373 Ι,

91 2385 180 2445 46,
207 2385 390 2452 Angeli
411 2385 711 2438 substantiis
738 2386 1077 2439 invisibilibus

89 2466 479 2512 accenseantur.

161 2533 215 2585 2.
260 2533 342 2585 Ex
396 2533 472 2586 Se.
532 2533 803 2595 PatribuS,
860 2549 1076 2604 quorum

90 2606 250 2659 maior
290 2623 407 2675 pars
463 2606 690 2675 Angelos
741 2624 880 2660 mere
933 2610 1079 2676 spiri-

19 2704 25 2744 2
92 2681 278 2739 tuales,
323 2687 374 2733 et
412 2682 738 2750 incorporeos
764 2699 877 2734 esse
901 2683 1074 2734 tradit.

90 2753 143 2807 S.
196 2754 419 2806 Basilius
463 2754 540 2826 ([ι)
581 2757 683 2817 ait,
740 2776 766 2804 «
823 2756 1082 2823 Angelum

24 2868 27 2869 γ
94 2843 203 2880 esse
242 2829 580 2880 substantiam
622 2829 997 2897 incorpoream.
1052 2851 1078 2879 »

96 2899 360 2970 Greporius
380 2902 518 2954 Naz.
551 2901 781 2970 Angelos
808 2904 930 2956 dicit
961 2924 986 2953 «
1012 2905 1085 2955 in-

35 2987 46 3023 l
93 2989 359 3043 corporeos
407 2974 482 3045 (ὅ)
523 2977 881 3045 simplicesque
921 2987 972 3029 et
1011 2979 1084 3030 in-

47 3047 60 3102 ’,
93 3049 383 3117 telligentes
428 3048 525 3120 (6).

580 3069 602 3098 »ι
637 3048 903 3117 Greyorius
929 3051 984 3103 N
982 3067 1079 3119 yss.

96 3119 173 3195 (7)
233 3122 458 3191 Angelos
512 3143 538 3172 «
594 3125 945 3194 incorpoream
997 3142 1086 3177 na-

29 3239 34 3242 <
96 3199 265 3249 turam
294 3216 321 3246 »
375 3198 634 3259 nominat,
676 3204 728 3251 et
778 3199 842 3250 de
895 3199 990 3251 bac
1013 3198 1085 3271 (8)

41 3540 77 3581 ἓ.

31 3586 53 3609 ἢ

95 3268 248 3322 dicit:
282 3290 310 3320 ιι
340 3272 532 3324 mundo
571 3271 659 3324 illa
716 3273 975 3341 superior,
1037 3281 1089 3326 et

160 3382 260 3463 no
263 3383 328 3428 4,
351 3385 406 3420 94.
610 3387 644 3429 ει)
668 3389 683 3421 1
706 3387 783 3425 cor.
819 3388 853 3439 s.
879 3388 934 3423 11.

143 3382 260 3560 {33¹⁰
222 3428 377 3507 {affigit-:if
395 3429 457 3509 1328
471 3478 508 3508 et
530 3473 584 3508 43
593 3386 645 3475 54)
666 3432 703 3466 L.
727 3433 772 3468 de
791 3432 888 3498 'Spin
913 3433 948 3469 S.
972 3441 1006 3469 e.
1031 3432 1065 3467 1.

161 3515 198 3560 6)

221 3514 263 3550 ln
285 3515 402 3552 carm.
436 3518 481 3552 ‹te
505 3518 646 3562 virgin.

26 3638 53 3659 τι,
84 3644 92 3650 .

37 3676 55 3707 ’ρ

0 3699 79 3860 ἰ

0 3850 2 3860 Ι

691 155 809 194 mus
843 155 899 195 tt.
940 149 1180 194 Summi.
1225 151 1376 192 carm·
1411 153 1486 192 ut.
1543 167 1546 171 “

1933 136 2057 191 *ΞΜΓ

1126 250 1311 306 expers
1350 232 1595 290 materiae
1635 236 1842 295 natura,
1885 249 2018 302 quae
2054 233 2120 290 ah

1126 311 1262 364 omni
1301 316 1446 379 septo
1483 321 1728 378 corporeo
1765 306 1928 360 libera
1965 316 2044 362 est
2069 315 2123 363 et

1126 386 1314 438 soluta.
1358 404 1384 433 ιι

1200 459 1253 511 5.
1284 457 1367 510 Ex
1393 455 1624 509 Conciliis
1645 455 1846 525 quoque
1865 455 2122 508 sententia

1128 532 1482 592 confirmatur,
1508 544 1645 598 quae
1664 527 1894 596 Angelos
1912 530 2122 582 omnino

1129 609 1454 675 incorporeos
1492 602 1635 657 dicit.
1680 602 1860 656 Patres
1911 601 2123 657 Concilii

1130 682 1339 734 Nicaeni
1376 679 1455 740 11,
1511 679 1562 730 in
1630 677 1944 746 professione
2007 676 2124 731 fidei

1131 757 1199 807 ita
1241 755 1548 822 loquuntur:
1601 751 1902 805 Veneremur
1953 752 2126 816 imaqi-

1130 829 1260 897 pines
1305 826 1620 887 Sanctorum,
1644 835 1686 878 et
1727 827 2127 894 incorporeorum

1130 902 1444 970 Angelorum,
1463 903 1550 970 qui
1574 909 1821 969 tamquam
1842 900 2057 952 homines
2076 900 2128 969 fi·

1131 992 1258 1043 aura
1304 976 1518 1028 humana
1571 975 1846 1029 hominibus
1887 989 2130 1043 apparue-

1131 1060 1266 1102 runt.
1300 1049 1542 1103 Nonnulli
1585 1056 1858 1117 putarunt,
1903 1063 1995 1116 per
2035 1047 2131 1101 boc

1132 1125 1334 1177 concilii
1382 1123 1698 1177 oecumenici
1748 1123 2013 1181 decretum
2061 1123 2131 1174 ita

1133 1200 1397 1252 definitum
1440 1214 1580 1268 esse,
1633 1196 1859 1265 Angelos
1919 1211 2132 1266 corpora

1135 1290 1231 1325 non
1276 1273 1487 1331 habere,
1531 1278 1589 1324 ut
1626 1272 1884 1324 contraria
1923 1277 2126 1323 senten-

1133 1349 1200 1399 tia
1241 1349 1387 1399 salva
1433 1346 1535 1398 fide
1574 1346 1775 1398 defendi
1817 1360 1919 1398 non
1949 1345 2128 1414 possit.

1134 1421 1230 1474 Sed
1279 1421 1530 1473 falluntur
1586 1421 1672 1489 qui
1732 1420 1802 1472 ita
1861 1421 2130 1482 sentiunt3

1136 1511 1253 1547 nam
1308 1510 1488 1547 omnes
1538 1495 1644 1546 fere
1685 1493 2002 1555 scholastici,
2045 1493 2132 1562 qui

1134 1571 1450 1637 scripserunt
1492 1576 1603 1636 post
1643 1574 1875 1636 tempora
1929 1566 2134 1620 concilii

1135 1645 1296 1702 citati,
1340 1644 1576 1712 quamvis
1616 1642 1863 1703 doceant,
1907 1640 2136 1709 Angelos

1136 1732 1261 1786 pure
1309 1717 1675 1769 immateriales
1715 1725 1765 1769 et
1806 1717 2139 1784 incorporeos

1135 1807 1267 1851 esse,
1314 1799 1506 1857 negant
1528 1798 1701 1843 tamen
1730 1790 1781 1842 id
1808 1790 1884 1842 ab
1903 1789 2139 1841 Ecclesia

1136 1867 1290 1918 fuisse
1331 1865 1635 1925 definitum,
1684 1871 1743 1915 ut
1804 1862 1857 1916 S.
1929 1863 2137 1915 Thomas

1159 1939 1232 2009 9),
1259 1939 1683 2000 Sctlmaizticense3‚
1700 1937 1887 1997 Euius,
1908 1935 2135 2006 SylviuS‚

1173 2015 1375 2076 elavem,
1423 2013 1683 2081 Tournely‚
1735 2010 1987 2074 Perrone,
2031 2017 2134 2064 etc.

1533 2137 1571 2194 ς
1603 2137 1721 2183 141.

1332 2226 1378 2261 11.
1404 2227 1457 2262 De
1487 2226 1674 2262 intellectu
1698 2226 1934 2270 Angelorum.

1209 2309 1403 2363 Natura
1454 2309 1736 2379 spiritualis
1777 2325 1878 2362 non
1919 2309 1971 2360 in
2031 2307 2141 2362 sola

1138 2385 1467 2453 simplicitate
1520 2385 1779 2444 consistit,
1842 2383 1933 2435 sed
1983 2384 2140 2436 etiam

1140 2459 1439 2511 facultatem
1480 2456 1822 2525 cognoscendi
1871 2463 1923 2509 et
1971 2472 2141 2525 appe-

1143 2534 1280 2585 tendi
1323 2535 1584 2600 importat.
1605 2531 1854 2599 Spiritum
1882 2531 2022 2583 enim
2049 2546 2141 2587 no-

1144 2610 1400 2659 minantes
1439 2607 1669 2659 indicare
1697 2605 1924 2658 solemus
1943 2620 2036 2656 ens
2063 2605 2143 2656 in-

1143 2683 1401 2749 telligenS,
1422 2681 1664 2733 volenset
1680 2678 1944 2731 moraliter
1957 2694 2139 2745 agen8‚

1144 2764 1296 2825 atque
1318 2755 1699 2823 compositionis
1722 2769 1928 2821 expers
1954 2752 2145 2816 Quam·

1145 2832 1359 2889 obrem,
1414 2844 1533 2881 cum
1590 2827 1774 2891 Angeli
1814 2829 1866 2878 in
1926 2826 1979 2879 S.
2003 2826 2146 2880 ‘Scri-

1148 2911 1292 2971 ptura
1320 2904 1541 2971 Spiritus
1565 2903 1754 2970 passim
1777 2907 2144 2969 nuncupentur

1149 2977 1207 3047 (S
1240 2977 1456 3047 praec.)‚
1501 2977 1722 3028 dubitari
1767 2977 1975 3043 nequit,
2010 2977 2143 3044 ipsos

1150 3053 1414 3104 intellectu
1473 3058 1524 3102 et
1550 3106 1552 3109 ,
1575 3048 1845 3102 voluntate
1886 3050 2144 3116 praeditos

1149 3141 1278 3177 esse.
1325 3125 1432 3177 Hoc
1454 3124 1591 3195 ‘idem
1618 3126 1778 3176 etiam
1804 3123 2036 3176 actiones
2065 3139 2144 3175 ra-

1151 3198 1366 3251 tionales
1413 3204 1465 3250 et
1519 3197 1815 3264 personales
1880 3198 2142 3265 probant,

1149 3286 1282 3341 quae
1319 3273 1371 3324 in
1411 3271 1492 3324 Ss,
1518 3270 1695 3324 Bibliis
1731 3271 2146 3342 frequentissime

1195 3431 1245 3474 (7)
1236 3431 1308 3472 ).L
1335 3430 1391 3471 12,
1415 3440 1446 3466 c.
1480 3431 1572 3467 Eun.

1196 3475 1247 3517 (8)
1272 3477 1412 3510 catech.
1438 3484 1470 3510 c.
1496 3475 1530 3511 6.

1198 3518 1248 3564 (9)
1272 3520 1324 3555 De
1348 3520 1444 3555 malo
1465 3529 1502 3563 q.
1525 3520 1571 3556 de
1593 3521 1712 3556 daem.
1746 3523 1815 3555 art.
1842 3518 1877 3555 1.
