2332 3860
228 295 371 341 ctum
410 288 648 342 omnibus
675 288 782 341 suis
821 286 1218 342 circumstantiis

228 363 496 415 vestitum.
523 362 606 415 Sic
646 361 783 414 Deus
823 362 1087 415 voluntate
1128 376 1218 412 an-

226 437 482 490 tecedenti
509 437 622 488 vult
655 453 833 488 omnes
861 436 1092 489 homines
1118 434 1217 486 sal-

200 514 204 517 ’
227 526 319 562 vos
348 510 479 571 fieri,
510 517 562 562 et
589 509 855 562 voluntate
882 507 1216 578 consequenti

226 584 342 636 vult
379 584 493 636 illos
521 584 786 647 damnare,
818 585 902 652 qui
931 585 980 635 in
1011 587 1216 651 peccato

224 673 320 710 suo
360 658 754 724 impoenitentes
795 658 1103 710 moriuntur.

300 731 354 782 5.
423 730 669 785 Voluntas
710 731 801 782 Dei
842 732 997 784 ctiam
1038 730 1217 782 distin-

225 805 402 871 guitur
452 806 502 856 in
556 804 845 867 absolutam,
914 822 1012 873 qua
1079 796 1216 854 Deus

224 877 415 946 aliquid
475 878 584 930 sine
650 878 754 930 ulla
804 879 1093 931 conditione
1143 877 1215 928 fa-

225 952 466 1003 ciendum
507 951 756 1011 decernit,
801 958 853 1003 et
892 954 942 1003 in
981 951 1217 1003 conditio-

225 1033 414 1086 natam‚
460 1041 558 1094 qua
587 1025 779 1093 aliquid
808 1026 970 1092 posita
992 1024 1215 1094 quadam

225 1099 517 1151 conditione
558 1099 848 1151 faciendum
889 1099 1137 1151 decernit.

301 1173 356 1224 lt..
400 1172 582 1225 Divina
626 1172 865 1224 voluntas
924 1174 1111 1225 dicitur
1150 1173 1217 1239 ef-

225 1246 373 1314 ficaoe,
418 1262 549 1314 quae
589 1262 708 1298 cum
754 1245 941 1298 effectu
1006 1246 1217 1299 coniun-

223 1320 382 1386 gitur,
433 1327 482 1372 et
527 1321 774 1390 inefficax,
819 1337 950 1388 quae
989 1335 1108 1372 cum
1148 1320 1219 1371 ef-

224 1394 362 1444 fectu
403 1396 682 1446 coniuncta
725 1410 823 1446 non
840 1401 936 1446 est.
966 1393 1215 1446 Absoluta

225 1465 317 1518 Dei
365 1466 604 1519 voluntas
643 1484 846 1535 semper
886 1474 962 1519 est
1002 1467 1214 1528 efficax,

227 1546 280 1591 et
320 1539 383 1591 de
423 1539 519 1591 hac
556 1541 693 1593 Deus
734 1542 855 1592 dicit
906 1539 1004 1610 (l):
1049 1540 1218 1592 Omnis

226 1613 448 1664 voluntas
488 1630 594 1666 mea
632 1616 728 1682 fiet.
774 1614 1099 1665 Inesficacem
1133 1629 1219 1664 vo-

226 1686 479 1738 luntatem
523 1687 815 1739 manifestat
867 1687 1006 1739 Deus
1046 1687 1220 1738 dicens

226 1758 324 1829 (Ἧι
359 1761 609 1812 Μιιηᾶαγθ
650 1769 690 1812 te
739 1760 894 1822 volui,
957 1769 1000 1812 et
1039 1778 1134 1811 non
1174 1777 1219 1811 es

228 1833 481 1884 mundata.
549 1833 677 1884 Cum
730 1841 903 1885 autem
970 1835 1219 1902 quaedam

228 1906 468 1957 voluntas
526 1906 618 1958 Dei
685 1907 926 1959 inefficax
990 1908 1218 1964 dicitur,

227 1979 529 2031 nullatenus
570 1980 857 2047 putandum
904 1988 980 2032 est
1021 1981 1221 2032 defectu

228 2053 630 2120 omnipotentiae
693 2054 835 2115 fieri,
880 2060 937 2106 ut
979 2070 1079 2106 non
1146 2070 1224 2106 se-

228 2133 416 2194 quatur
444 2125 676 2187 effectuS‚
720 2128 806 2178 sed
832 2128 928 2179 hoc
964 2128 1077 2179 ideo
1106 2143 1223 2180 con-

230 2201 403 2267 tingit,
455 2200 573 2267 quia
612 2200 750 2252 Deus
790 2202 897 2269 ipse
939 2218 1038 2253 non
1079 2202 1223 2253 abso-

229 2272 366 2333 lute,
423 2273 512 2324 sed
581 2274 925 2327 conditionate
985 2275 1224 2327 effectum

229 2346 364 2407 vult,
408 2347 478 2398 ita
507 2353 562 2398 ut
588 2363 689 2399 non
731 2349 895 2416 posita
936 2349 1225 2400 conditione

233 2419 450 2488 ipsemet
490 2419 730 2472 effectum
767 2422 1045 2487 producere
1075 2422 1219 2474 nolit.

305 2484 359 2544 Β.
393 2492 646 2546 Voluntas
685 2493 776 2545 Dei
814 2496 1146 2563 distinguitur
1173 2497 1224 2546 in

236 2566 568 2627 ordinantem,
600 2583 699 2635 qua
732 2563 868 2620 Deus
919 2569 1111 2637 aliquid
1155 2569 1226 2620 di-

234 2647 375 2691 recte
422 2640 535 2691 vult
575 2648 626 2691 et
678 2643 893 2707 positive
934 2650 1223 2709 operatur:

233 2719 283 2764 et
323 2713 375 2763 in
408 2713 788 2780 permittentem,
819 2731 919 2783 qua
949 2715 1087 2767 Deus
1112 2731 1229 2784 pec-

235 2792 350 2838 cata
392 2802 492 2838 non
537 2787 768 2854 impedit,
813 2789 932 2857 quia
973 2806 1073 2854 non
1117 2788 1230 2840 vult

234 2859 380 2911 nobis
419 2860 524 2911 vim
582 2860 771 2914 inferre
831 2869 882 2915 et
937 2862 1227 2915 libertatem

232 2932 480 2985 adimere.

306 3005 359 3057 6.
413 3005 654 3073 Theologi
697 3007 1023 3076 distinguunt
1074 3010 1227 3061 etiam

229 3078 555 3132 *voluntatem
623 3080 902 3149 beneplaciti
965 3098 1097 3151 quae
1154 3089 1231 3135 est

232 3153 342 3221 ipse
382 3159 531 3205 actus
571 3153 774 3206 divinae
803 3155 1107 3216 voluntatiS,
1139 3172 1230 3208 seu

233 3226 439 3278 interna
479 3226 570 3278 Dei
613 3226 807 3295 voliti03
838 3235 890 3280 et
910 3229 1229 3282 voluntat-em

234 3299 386 3368 sia-ni,
428 3315 530 3369 qua
587 3298 726 3352 Deus
766 3303 1009 3356 exteriori
1061 3303 1232 3372 aliquo

909 210 974 247 ne
1010 208 1106 246 neo
1142 205 1194 243 m
1229 202 1286 244 sn
1319 194 1582 243 metuo.

1278 283 1511 354 Quinque
1554 281 1896 336 communiter
1940 282 2272 352 assignantur

1280 358 1559 412 voluntatis
1600 357 1802 409 divinae
1841 357 1986 424 signa
2019 398 2031 419 ,
2089 373 2272 427 nempe
2320 369 2325 371 *

1271 440 1602 502 praeceptum,
1659 429 1940 500 prohibitio,
1983 431 2263 494 consilium,

1271 506 1530 575 permissio
1588 510 1640 557 et
1686 505 1925 572 operatio,
1969 504 2066 557 hoc
2116 521 2270 558 versu

1277 579 1670 647 comprehensa:
1690 578 1931 646 praecipit
1956 593 2013 630 ae
2029 579 2266 647 prohibet,

1272 654 1531 722 permittit,
1587 652 1810 712 consulit,
1850 650 2030 720 implet.
2075 652 2165 705 His
2203 653 2271 704 si-

1278 729 1392 794 gnis
1441 725 1517 778 Gl.
1561 726 1731 777 Estius
1769 725 1908 777 addit
1941 729 2273 794 praeparatio-

1277 817 1406 862 nem,
1450 801 1500 851 vi
1540 801 1686 851 cuius
1725 815 1785 851 ea
1826 794 2101 867 ponuntur,
2141 815 2273 868 quae

1278 876 1532 928 actionem
1596 880 1889 926 secuturam
1955 873 2267 940 significant,

1279 965 1363 1000 ex.
1407 965 1487 1017 gr.
1531 948 1571 999 si
1614 954 1776 1015 pater,
1809 947 1890 998 cui
1916 963 2040 1015 puer
2067 947 2273 1000 obedire

1281 1023 1470 1084 renuit,
1515 1021 1715 1088 virgam
1742 1021 1973 1087 arripiat,
2016 1027 2137 1083 etc„
2182 1021 2270 1073 sed

1280 1096 1406 1148 haec
1449 1095 1768 1164 praeparatio
1809 1095 1872 1146 ad
1925 1096 2272 1163 operationem

1281 1171 1455 1222 referri
1485 1176 1667 1237 potest.
1706 1199 1770 1207 --
1799 1168 2086 1221 Observant
2114 1168 2273 1222 Theo·

1282 1244 1380 1311 logi
1410 1259 1526 1296 cum
1554 1242 1605 1296 S.
1646 1243 1823 1295 leoma
1840 1240 1937 1313 (5),
1958 1243 2091 1310 quod
2120 1259 2273 1312 quae·

1282 1318 1398 1369 dam
1438 1318 1679 1369 voluntas
1720 1318 1848 1384 signi
1892 1333 2155 1384 nunquam
2199 1319 2275 1369 in·

1281 1392 1403 1443 cidit
1441 1407 1558 1443 cum
1610 1390 1875 1442 voluntate
1940 1391 2270 1458 beneplaciti,

1281 1466 1413 1517 sicut
1455 1465 1716 1533 permissio
1758 1465 2110 1533 peccatiquod
2138 1465 2276 1517 Deus

1285 1555 1548 1607 nunquam
1595 1538 1734 1602 vult3
1781 1538 2032 1607 quaedam
2074 1554 2277 1606 semper

1283 1613 1332 1663 in
1375 1614 1510 1664 idem
1556 1613 1770 1673 incidit,
1823 1612 1956 1663 sicut
2008 1614 2273 1681 operati03

1283 1686 1533 1754 quaedam
1564 1702 1685 1737 vero
1725 1686 2030 1754 quandoque
2077 1686 2274 1748 incidit,

1283 1760 1589 1828 quandoque
1620 1760 1894 1820 non‚sicut
1923 1768 2274 1828 praeceptum,

1286 1833 1556 1900 prohibitio
1597 1839 1647 1884 et
1705 1834 1993 1886 consilium.
2054 1834 2279 1887 Nullate·

1286 1922 1383 1958 nus
1424 1914 1599 1959 autem
1655 1907 1937 1974 putandum
1979 1915 2077 1969 est,
2145 1908 2279 1977 quod

1288 1980 1366 2032 liic
1418 1981 1781 2042 contradictio,
1825 1988 1914 2033 aut
1956 1983 2282 2036 mendacium

1287 2071 1350 2105 ex
1394 2061 1534 2121 parte
1591 2055 1681 2106 Dei
1724 2063 1979 2112 occurrat.
2024 2055 2152 2108 Nam
2194 2073 2282 2109 vo·

1290 2128 1458 2179 luntas
1507 2130 1639 2194 signi
1697 2145 1898 2196 semper
1939 2130 2194 2197 significat
2233 2146 2285 2183 a·

1290 2201 1481 2269 liquam
1549 2202 1867 2254 voluntatem
1927 2204 2280 2272 beneplaciti,

1287 2276 1375 2326 sed
1418 2292 1516 2327 non
1543 2292 1744 2343 semper
1784 2292 1919 2338 eam,
1950 2294 2081 2346 quae
2122 2278 2285 2346 prima

1290 2350 1453 2400 fronte
1482 2350 1763 2401 intellectui
1782 2350 2006 2403 humano
2033 2353 2281 2404 occurrit:

1288 2423 1360 2474 sic
1400 2424 1604 2491 quando
1644 2423 1782 2475 Deus
1822 2427 2081 2494 praecepit
2121 2425 2285 2478 Abra·

1290 2496 1460 2558 hamo,
1505 2503 1562 2548 ut
1601 2497 1890 2549 immolaret
1918 2498 2079 2550 filium
2110 2515 2283 2560 suurn,

1292 2585 1411 2621 vere
1452 2577 1503 2622 et
1553 2571 1754 2623 interne
1795 2570 1994 2631 voluit,
2025 2579 2079 2624 ut
2104 2571 2287 2625 ·Abra-

1293 2642 1410 2694 liam
1468 2659 1590 2711 erga
1656 2652 1988 2712 praeceptum
2052 2646 2288 2698 divinum

1292 2724 1579 2784 promptam
1602 2718 1946 2770 obedientiam
1970 2720 2286 2779 ostenderet,

1291 2791 1527 2857 quamvis
1566 2792 1967 2845 immolationem
2007 2793 2171 2861 ipsam
2211 2809 2290 2846 re·

1292 2868 1513 2916 cusaret.
1558 2864 1719 2944 Sappe
1753 2867 1909 2918 etiam
1935 2867 2074 2920 Deus
2109 2866 2290 2924 volun·

1295 2945 1451 2990 tatem
1501 2941 1902 2992 conditionatam
1948 2941 2244 2994 manifestat
2272 2968 2314 3010 ‚3

1293 3012 1611 3075 ostendens
1650 3013 1803 3082 quid,
1856 3015 2018 3082 posita
2066 3014 2287 3083 quadam

1293 3086 1604 3148 conditione,
1648 3087 1879 3140 futurum
1922 3095 2078 3151 esset3
2109 3089 2185 3140 sic‘
2213 3088 2289 3140 in·

1295 3159 1572 3225 telligenda
1606 3167 1684 3213 est
1720 3162 1998 3228 praedictio
2037 3160 2307 3228 Ninivit·a--v

1294 3247 1410 3283 rum
1432 3233 1632 3295 ruinae,
1652 3250 1783 3302 quae
1804 3236 1966 3303 posita
1990 3234 2177 3288 horum
2192 3235 2290 3287 -im-
2311 3262 2316 3270 «

1290 3307 1608 3374 poenitentia
1629 3315 1839 3360 saecuta
1860 3308 2311 3382 fuisset.Denique·

236 3373 385 3442 signo
442 3388 499 3426 se
548 3371 740 3443 aliquid
790 3374 926 3428 velle
978 3376 1227 3432 declarat.
1294 3379 1675 3432 observandum
1702 3381 1981 3447 est,Deum
2009 3382 2063 3434 in
2085 3373 2309 3461 &Scri-r}

283 3502 336 3592 gl
354 3504 424 3583 {3⁸³-
449 3503 506 3547 4⁶,
529 3503 583 3540 10.

324 3565 335 3591 μ
385 3547 486 3584 zoen.
510 3547 568 3591 24,
590 3547 646 3584 13.

1340 3548 1393 3594 (³)
1408 3551 1436 3595 1,
1454 3558 1491 3595 q.
1518 3544 1572 3588 19.
1590 3557 1658 3589 art.
1678 3552 1734 3588 1⁹.
