<?xml version="1.0" encoding="UTF-8"?>
<!DOCTYPE html PUBLIC "-//W3C//DTD XHTML 1.0 Transitional//EN"
    "http://www.w3.org/TR/xhtml1/DTD/xhtml1-transitional.dtd">
<html xmlns="http://www.w3.org/1999/xhtml" xml:lang="en" lang="en">
 <head>
  <title>
</title>
<meta http-equiv="Content-Type" content="text/html;charset=utf-8" />
  <meta name='ocr-system' content='tesseract 3.04.00' />
  <meta name='ocr-capabilities' content='ocr_page ocr_carea ocr_par ocr_line ocrx_word'/>
</head>
<body>
  <div class='ocr_page' id='page_1' title='image "./theologiae00knoluoft_0094.png"; bbox 0 0 2332 3860; ppageno 0'>
   <div class='ocr_carea' id='block_1_1' title="bbox 277 138 1273 892">
    <p class='ocr_par' dir='ltr' id='par_1_1' title="bbox 277 138 1273 892">
     <span class='ocr_line' id='line_1_1' title="bbox 349 138 500 203; baseline -0.013 -11"><span class='ocrx_word' id='word_1_1' title='bbox 349 138 420 192; x_wconf 87' lang='grc'><strong>86</strong></span> <span class='ocrx_word' id='word_1_2' title='bbox 489 192 500 203; x_wconf 66' lang='grc'><strong>,</strong></span> 
     </span>
     <span class='ocr_line' id='line_1_2' title="bbox 283 309 1268 381; baseline 0.003 -20"><span class='ocrx_word' id='word_1_3' title='bbox 283 309 346 361; x_wconf 86' lang='lat' dir='ltr'><strong>tis</strong></span> <span class='ocrx_word' id='word_1_4' title='bbox 385 309 524 362; x_wconf 85' lang='lat' dir='ltr'><strong>clare</strong></span> <span class='ocrx_word' id='word_1_5' title='bbox 563 310 827 378; x_wconf 80' lang='lat' dir='ltr'>indigitat,</span> <span class='ocrx_word' id='word_1_6' title='bbox 863 309 997 361; x_wconf 82' lang='lat' dir='ltr'><strong>’dum</strong></span> <span class='ocrx_word' id='word_1_7' title='bbox 1050 309 1126 381; x_wconf 84' lang='lat' dir='ltr'><strong>(l)</strong></span> <span class='ocrx_word' id='word_1_8' title='bbox 1179 310 1268 364; x_wconf 91' lang='lat' dir='ltr'><strong>Dei</strong></span> 
     </span>
     <span class='ocr_line' id='line_1_3' title="bbox 279 382 1266 451; baseline 0.004 -18"><span class='ocrx_word' id='word_1_9' title='bbox 279 382 478 435; x_wconf 86' lang='lat' dir='ltr'><strong>cultum</strong></span> <span class='ocrx_word' id='word_1_10' title='bbox 517 383 649 435; x_wconf 90' lang='lat' dir='ltr'><strong>nulli</strong></span> <span class='ocrx_word' id='word_1_11' title='bbox 682 383 792 435; x_wconf 90' lang='lat' dir='ltr'><strong>loeo</strong></span> <span class='ocrx_word' id='word_1_12' title='bbox 819 383 1091 451; x_wconf 84' lang='lat' dir='ltr'><strong>alligatum</strong></span> <span class='ocrx_word' id='word_1_13' title='bbox 1132 399 1266 447; x_wconf 88' lang='lat' dir='ltr'><strong>esse,</strong></span> 
     </span>
     <span class='ocr_line' id='line_1_4' title="bbox 278 455 1272 527; baseline 0.002 -19"><span class='ocrx_word' id='word_1_14' title='bbox 278 456 447 517; x_wconf 87' lang='lat' dir='ltr'><strong>docet,</strong></span> <span class='ocrx_word' id='word_1_15' title='bbox 493 462 545 508; x_wconf 88' lang='lat' dir='ltr'><strong>et</strong></span> <span class='ocrx_word' id='word_1_16' title='bbox 565 455 642 527; x_wconf 68' lang='grc'><strong>(9)</strong></span> <span class='ocrx_word' id='word_1_17' title='bbox 667 456 873 508; x_wconf 86' lang='lat' dir='ltr'><strong>Patrem</strong></span> <span class='ocrx_word' id='word_1_18' title='bbox 898 457 1074 508; x_wconf 88' lang='lat' dir='ltr'><strong>videre</strong></span> <span class='ocrx_word' id='word_1_19' title='bbox 1102 457 1152 509; x_wconf 89' lang='lat' dir='ltr'><strong>in</strong></span> <span class='ocrx_word' id='word_1_20' title='bbox 1184 458 1272 510; x_wconf 87' lang='lat' dir='ltr'><strong>ab·</strong></span> 
     </span>
     <span class='ocr_line' id='line_1_5' title="bbox 277 529 1273 601; baseline 0.001 -19"><span class='ocrx_word' id='word_1_21' title='bbox 277 530 529 590; x_wconf 87' lang='lat' dir='ltr'><strong>scondit0‚</strong></span> <span class='ocrx_word' id='word_1_22' title='bbox 572 536 811 582; x_wconf 81' lang='lat' dir='ltr'><strong>testatur.</strong></span> <span class='ocrx_word' id='word_1_23' title='bbox 851 529 1044 582; x_wconf 88' lang='lat' dir='ltr'><strong>Paulus</strong></span> <span class='ocrx_word' id='word_1_24' title='bbox 1073 529 1149 601; x_wconf 84' lang='lat'><strong>(5)</strong></span> <span class='ocrx_word' id='word_1_25' title='bbox 1178 533 1273 583; x_wconf 90' lang='lat' dir='ltr'><strong>im-</strong></span> 
     </span>
     <span class='ocr_line' id='line_1_6' title="bbox 278 603 1265 669; baseline 0.001 -14"><span class='ocrx_word' id='word_1_26' title='bbox 278 605 606 656; x_wconf 87' lang='lat' dir='ltr'><strong>mensitatem</strong></span> <span class='ocrx_word' id='word_1_27' title='bbox 671 603 898 655; x_wconf 88' lang='lat' dir='ltr'><strong>divinam</strong></span> <span class='ocrx_word' id='word_1_28' title='bbox 960 605 1224 669; x_wconf 81' lang='lat' dir='ltr'><strong>praedicat</strong></span> <span class='ocrx_word' id='word_1_29' title='bbox 1255 647 1265 668; x_wconf 95' lang='lat'>‚</span> 
     </span>
     <span class='ocr_line' id='line_1_7' title="bbox 278 676 1268 744; baseline 0.002 -16"><span class='ocrx_word' id='word_1_30' title='bbox 278 676 402 729; x_wconf 92' lang='lat' dir='ltr'><strong>dum</strong></span> <span class='ocrx_word' id='word_1_31' title='bbox 442 684 618 744; x_wconf 86' lang='lat' dir='ltr'><strong>negat,</strong></span> <span class='ocrx_word' id='word_1_32' title='bbox 669 676 829 728; x_wconf 80' lang='lat' dir='ltr'><strong>Deum</strong></span> <span class='ocrx_word' id='word_1_33' title='bbox 868 677 985 728; x_wconf 76' lang='lat' dir='ltr'><strong>coeli</strong></span> <span class='ocrx_word' id='word_1_34' title='bbox 1016 719 1027 738; x_wconf 91' lang='lat'><strong>‚</strong></span> <span class='ocrx_word' id='word_1_35' title='bbox 1086 686 1268 730; x_wconf 77' lang='lat' dir='ltr'><strong>terrae-</strong></span> 
     </span>
     <span class='ocr_line' id='line_1_8' title="bbox 278 750 1269 818; baseline 0.004 -16"><span class='ocrx_word' id='word_1_36' title='bbox 278 767 372 817; x_wconf 81' lang='lat' dir='ltr'><strong>que</strong></span> <span class='ocrx_word' id='word_1_37' title='bbox 410 750 680 802; x_wconf 79' lang='lat' dir='ltr'><strong>Dominum</strong></span> <span class='ocrx_word' id='word_1_38' title='bbox 707 751 763 802; x_wconf 74' lang='lat' dir='ltr'><strong>in</strong></span> <span class='ocrx_word' id='word_1_39' title='bbox 789 752 1089 818; x_wconf 77' lang='lat' dir='ltr'><em>manufactis</em></span> <span class='ocrx_word' id='word_1_40' title='bbox 1129 752 1269 808; x_wconf 19' lang='lat' dir='ltr'><strong>habii-</strong></span> 
     </span>
     <span class='ocr_line' id='line_1_9' title="bbox 279 822 1272 892; baseline 0.001 -16"><span class='ocrx_word' id='word_1_41' title='bbox 279 833 382 876; x_wconf 81' lang='lat' dir='ltr'><strong>tare</strong></span> <span class='ocrx_word' id='word_1_42' title='bbox 400 824 607 892; x_wconf 79' lang='lat' dir='ltr'><strong>templis,</strong></span> <span class='ocrx_word' id='word_1_43' title='bbox 653 831 704 876; x_wconf 89' lang='lat' dir='ltr'><strong>et</strong></span> <span class='ocrx_word' id='word_1_44' title='bbox 741 822 981 885; x_wconf 86' lang='lat' dir='ltr'><strong>affirmat,</strong></span> <span class='ocrx_word' id='word_1_45' title='bbox 1028 841 1145 877; x_wconf 90' lang='lat' dir='ltr'><strong>eum</strong></span> <span class='ocrx_word' id='word_1_46' title='bbox 1175 842 1272 877; x_wconf 78' lang='lat' dir='ltr'><strong>non</strong></span> 
     </span>
    </p>
   </div>
   <div class='ocr_carea' id='block_1_2' title="bbox 277 897 1272 1040">
    <p class='ocr_par' dir='ltr' id='par_1_2' title="bbox 277 897 1272 1040">
     <span class='ocr_line' id='line_1_10' title="bbox 277 897 1270 966; baseline 0.001 -17"><span class='ocrx_word' id='word_1_47' title='bbox 277 898 410 966; x_wconf 69' lang='lat' dir='ltr'><strong>lonqe</strong></span> <span class='ocrx_word' id='word_1_48' title='bbox 455 914 553 950; x_wconf 83' lang='lat' dir='ltr'><strong>esse</strong></span> <span class='ocrx_word' id='word_1_49' title='bbox 596 897 655 949; x_wconf 85' lang='lat' dir='ltr'><strong>ab</strong></span> <span class='ocrx_word' id='word_1_50' title='bbox 688 914 977 966; x_wconf 77' lang='lat' dir='ltr'><strong>unoquoque</strong></span> <span class='ocrx_word' id='word_1_51' title='bbox 1014 907 1270 961; x_wconf 77' lang='lat' dir='ltr'><strong>nostrum,-</strong></span> 
     </span>
     <span class='ocr_line' id='line_1_11' title="bbox 277 972 1272 1040; baseline 0.002 -18"><span class='ocrx_word' id='word_1_52' title='bbox 277 972 453 1040; x_wconf 80' lang='lat' dir='ltr'><strong>inipso</strong></span> <span class='ocrx_word' id='word_1_53' title='bbox 480 972 610 1023; x_wconf 78' lang='lat' dir='ltr'><strong>enim</strong></span> <span class='ocrx_word' id='word_1_54' title='bbox 649 972 879 1030; x_wconf 73' lang='lat' dir='ltr'><strong>vivimus,</strong></span> <span class='ocrx_word' id='word_1_55' title='bbox 912 987 1186 1031; x_wconf 73' lang='lat' dir='ltr'><strong>movemur,</strong></span> <span class='ocrx_word' id='word_1_56' title='bbox 1230 981 1272 1024; x_wconf 81' lang='lat' dir='ltr'><strong>et</strong></span> 
     </span>
    </p>
   </div>
   <div class='ocr_carea' id='block_1_3' title="bbox 196 1045 1272 1100">
    <p class='ocr_par' dir='ltr' id='par_1_3' title="bbox 196 1045 1272 1100">
     <span class='ocr_line' id='line_1_12' title="bbox 196 1045 1272 1100; baseline -0.003 0"><span class='ocrx_word' id='word_1_57' title='bbox 196 1098 198 1100; x_wconf 83' lang='lat'>.</span> <span class='ocrx_word' id='word_1_58' title='bbox 274 1060 464 1097; x_wconf 82' lang='lat' dir='ltr'><strong>sumus.</strong></span> <span class='ocrx_word' id='word_1_59' title='bbox 499 1045 554 1097; x_wconf 87' lang='lat' dir='ltr'><strong>ln</strong></span> <span class='ocrx_word' id='word_1_60' title='bbox 585 1046 696 1098; x_wconf 87' lang='lat' dir='ltr'><strong>istis</strong></span> <span class='ocrx_word' id='word_1_61' title='bbox 734 1045 859 1097; x_wconf 88' lang='lat' dir='ltr'><strong>locis</strong></span> <span class='ocrx_word' id='word_1_62' title='bbox 899 1061 999 1097; x_wconf 93' lang='lat' dir='ltr'><strong>non</strong></span> <span class='ocrx_word' id='word_1_63' title='bbox 1033 1047 1142 1098; x_wconf 90' lang='lat' dir='ltr'><strong>sola</strong></span> <span class='ocrx_word' id='word_1_64' title='bbox 1168 1047 1272 1097; x_wconf 87' lang='lat' dir='ltr'><strong>vir-</strong></span> 
     </span>
    </p>
   </div>
   <div class='ocr_carea' id='block_1_4' title="bbox 269 1118 1277 3253">
    <p class='ocr_par' dir='ltr' id='par_1_4' title="bbox 274 1118 1271 1258">
     <span class='ocr_line' id='line_1_13' title="bbox 275 1118 1271 1187; baseline 0.002 -17"><span class='ocrx_word' id='word_1_65' title='bbox 275 1125 357 1170; x_wconf 88' lang='lat' dir='ltr'><strong>tus</strong></span> <span class='ocrx_word' id='word_1_66' title='bbox 388 1119 501 1180; x_wconf 91' lang='lat' dir='ltr'><strong>Dei,</strong></span> <span class='ocrx_word' id='word_1_67' title='bbox 545 1119 633 1171; x_wconf 91' lang='lat' dir='ltr'><strong>sed</strong></span> <span class='ocrx_word' id='word_1_68' title='bbox 674 1118 815 1170; x_wconf 89' lang='lat' dir='ltr'><strong>Deus</strong></span> <span class='ocrx_word' id='word_1_69' title='bbox 856 1120 983 1187; x_wconf 90' lang='lat' dir='ltr'><strong>ipse,</strong></span> <span class='ocrx_word' id='word_1_70' title='bbox 1029 1135 1151 1187; x_wconf 87' lang='lat' dir='ltr'><strong>ergo</strong></span> <span class='ocrx_word' id='word_1_71' title='bbox 1193 1136 1271 1172; x_wconf 84' lang='lat' dir='ltr'><strong>es·</strong></span> 
     </span>
     <span class='ocr_line' id='line_1_14' title="bbox 274 1192 1078 1258; baseline 0.002 -15"><span class='ocrx_word' id='word_1_72' title='bbox 274 1193 440 1251; x_wconf 87' lang='lat' dir='ltr'><strong>sentia</strong></span> <span class='ocrx_word' id='word_1_73' title='bbox 471 1192 559 1244; x_wconf 90' lang='lat' dir='ltr'><strong>Dei</strong></span> <span class='ocrx_word' id='word_1_74' title='bbox 597 1208 842 1258; x_wconf 79' lang='lat' dir='ltr'><strong>praesens</strong></span> <span class='ocrx_word' id='word_1_75' title='bbox 870 1194 1078 1245; x_wconf 79' lang='lat' dir='ltr'><strong>dicitnr.</strong></span> 
     </span>
    </p>

    <p class='ocr_par' dir='ltr' id='par_1_5' title="bbox 269 1266 1277 3253">
     <span class='ocr_line' id='line_1_15' title="bbox 347 1266 1266 1319; baseline 0 -2"><span class='ocrx_word' id='word_1_76' title='bbox 347 1266 401 1317; x_wconf 63' lang='grc' dir='ltr'><strong>Ξ.</strong></span> <span class='ocrx_word' id='word_1_77' title='bbox 453 1266 540 1318; x_wconf 71' lang='lat' dir='ltr'><strong>Em</strong></span> <span class='ocrx_word' id='word_1_78' title='bbox 592 1266 896 1318; x_wconf 79' lang='lat' dir='ltr'><strong>Traditione.</strong></span> <span class='ocrx_word' id='word_1_79' title='bbox 954 1266 1164 1319; x_wconf 77' lang='lat' dir='ltr'><strong>Hermus</strong></span> <span class='ocrx_word' id='word_1_80' title='bbox 1210 1267 1266 1317; x_wconf 88' lang='lat' dir='ltr'><strong>L.</strong></span> 
     </span>
     <span class='ocr_line' id='line_1_16' title="bbox 275 1337 1271 1410; baseline 0 -19"><span class='ocrx_word' id='word_1_81' title='bbox 275 1337 452 1391; x_wconf 81' lang='lat' dir='ltr'>Pastor</span> <span class='ocrx_word' id='word_1_82' title='bbox 481 1337 557 1410; x_wconf 73' lang='lat' dir='ltr'><strong>(lt)</strong></span> <span class='ocrx_word' id='word_1_83' title='bbox 588 1339 650 1391; x_wconf 92' lang='lat' dir='ltr'><strong>de</strong></span> <span class='ocrx_word' id='word_1_84' title='bbox 671 1339 777 1392; x_wconf 90' lang='lat' dir='ltr'><strong>Deo</strong></span> <span class='ocrx_word' id='word_1_85' title='bbox 799 1341 890 1392; x_wconf 85' lang='lat' dir='ltr'><strong>ait:</strong></span> <span class='ocrx_word' id='word_1_86' title='bbox 915 1361 939 1388; x_wconf 87' lang='lat'>«</span> <span class='ocrx_word' id='word_1_87' title='bbox 968 1340 1078 1407; x_wconf 87' lang='lat' dir='ltr'><strong>lpse</strong></span> <span class='ocrx_word' id='word_1_88' title='bbox 1108 1356 1271 1406; x_wconf 80' lang='lat' dir='ltr'>capax</span> 
     </span>
     <span class='ocr_line' id='line_1_17' title="bbox 274 1413 1267 1466; baseline -0.002 -2"><span class='ocrx_word' id='word_1_89' title='bbox 274 1413 636 1465; x_wconf 89' lang='lat' dir='ltr'><strong>universorum</strong></span> <span class='ocrx_word' id='word_1_90' title='bbox 665 1414 805 1465; x_wconf 88' lang='lat' dir='ltr'><strong>solus</strong></span> <span class='ocrx_word' id='word_1_91' title='bbox 827 1414 1111 1466; x_wconf 89' lang='lat' dir='ltr'><strong>immensus</strong></span> <span class='ocrx_word' id='word_1_92' title='bbox 1133 1421 1267 1466; x_wconf 82' lang='lat' dir='ltr'><strong>est.»</strong></span> 
     </span>
     <span class='ocr_line' id='line_1_18' title="bbox 269 1485 1272 1558; baseline 0 -20"><span class='ocrx_word' id='word_1_93' title='bbox 269 1485 492 1538; x_wconf 84' lang='lat' dir='ltr'><em>Clemens</em></span> <span class='ocrx_word' id='word_1_94' title='bbox 515 1486 660 1539; x_wconf 67' lang='lat' dir='ltr'><strong>Aleae.</strong></span> <span class='ocrx_word' id='word_1_95' title='bbox 683 1486 876 1540; x_wconf 89' lang='lat' dir='ltr'><strong>Strom.</strong></span> <span class='ocrx_word' id='word_1_96' title='bbox 896 1486 972 1558; x_wconf 70' lang='grc' dir='ltr'><strong>(ὃ)</strong></span> <span class='ocrx_word' id='word_1_97' title='bbox 1003 1503 1120 1539; x_wconf 89' lang='lat' dir='ltr'><strong>eum</strong></span> <span class='ocrx_word' id='word_1_98' title='bbox 1151 1489 1272 1539; x_wconf 87' lang='lat' dir='ltr'><strong>dicit</strong></span> 
     </span>
     <span class='ocr_line' id='line_1_19' title="bbox 272 1561 1271 1628; baseline 0 -16"><span class='ocrx_word' id='word_1_99' title='bbox 272 1576 383 1612; x_wconf 89' lang='lat' dir='ltr'><strong>esse</strong></span> <span class='ocrx_word' id='word_1_100' title='bbox 412 1561 604 1612; x_wconf 91' lang='lat' dir='ltr'><strong>bonum</strong></span> <span class='ocrx_word' id='word_1_101' title='bbox 631 1561 821 1623; x_wconf 88' lang='lat' dir='ltr'><strong>virum,</strong></span> <span class='ocrx_word' id='word_1_102' title='bbox 854 1562 936 1612; x_wconf 90' lang='lat' dir='ltr'><strong>eui</strong></span> <span class='ocrx_word' id='word_1_103' title='bbox 968 1577 1271 1628; x_wconf 85' lang='lat' dir='ltr'><strong>persuasum</strong></span> 
     </span>
     <span class='ocr_line' id='line_1_20' title="bbox 272 1633 1270 1702; baseline 0.001 -17"><span class='ocrx_word' id='word_1_104' title='bbox 272 1641 368 1696; x_wconf 87' lang='lat' dir='ltr'><strong>est,</strong></span> <span class='ocrx_word' id='word_1_105' title='bbox 395 1633 563 1686; x_wconf 89' lang='lat' dir='ltr'><strong>Deum</strong></span> <span class='ocrx_word' id='word_1_106' title='bbox 591 1634 783 1702; x_wconf 88' lang='lat' dir='ltr'><strong>ubique</strong></span> <span class='ocrx_word' id='word_1_107' title='bbox 810 1650 943 1695; x_wconf 89' lang='lat' dir='ltr'><strong>csse,</strong></span> <span class='ocrx_word' id='word_1_108' title='bbox 973 1651 1071 1686; x_wconf 91' lang='lat' dir='ltr'><strong>non</strong></span> <span class='ocrx_word' id='word_1_109' title='bbox 1098 1641 1270 1686; x_wconf 88' lang='lat' dir='ltr'><strong>autem</strong></span> 
     </span>
     <span class='ocr_line' id='line_1_21' title="bbox 271 1707 1267 1760; baseline -0.002 -1"><span class='ocrx_word' id='word_1_110' title='bbox 271 1708 426 1760; x_wconf 88' lang='lat' dir='ltr'><strong>certis</strong></span> <span class='ocrx_word' id='word_1_111' title='bbox 454 1714 505 1759; x_wconf 91' lang='lat' dir='ltr'><strong>et</strong></span> <span class='ocrx_word' id='word_1_112' title='bbox 537 1707 763 1760; x_wconf 86' lang='lat' dir='ltr'><strong>definitis</strong></span> <span class='ocrx_word' id='word_1_113' title='bbox 791 1707 917 1760; x_wconf 87' lang='lat' dir='ltr'><strong>locis</strong></span> <span class='ocrx_word' id='word_1_114' title='bbox 944 1709 1223 1760; x_wconf 86' lang='lat' dir='ltr'><strong>inclusum.</strong></span> <span class='ocrx_word' id='word_1_115' title='bbox 1246 1727 1267 1757; x_wconf 93' lang='lat'>»</span> 
     </span>
     <span class='ocr_line' id='line_1_22' title="bbox 271 1779 1275 1850; baseline -0.002 -16"><span class='ocrx_word' id='word_1_116' title='bbox 271 1781 321 1834; x_wconf 85' lang='lat' dir='ltr'><strong>S.</strong></span> <span class='ocrx_word' id='word_1_117' title='bbox 356 1779 639 1850; x_wconf 76' lang='lat' dir='ltr'><strong><em>Cyprianus</em></strong></span> <span class='ocrx_word' id='word_1_118' title='bbox 668 1781 704 1832; x_wconf 95' lang='lat' dir='ltr'><strong>l.</strong></span> <span class='ocrx_word' id='word_1_119' title='bbox 741 1781 804 1833; x_wconf 90' lang='lat' dir='ltr'><strong>de</strong></span> <span class='ocrx_word' id='word_1_120' title='bbox 844 1783 1007 1833; x_wconf 88' lang='lat' dir='ltr'><strong>vanit.</strong></span> <span class='ocrx_word' id='word_1_121' title='bbox 1040 1782 1162 1833; x_wconf 90' lang='lat' dir='ltr'><strong>idol.</strong></span> <span class='ocrx_word' id='word_1_122' title='bbox 1197 1783 1275 1832; x_wconf 89' lang='lat' dir='ltr'><strong>in·</strong></span> 
     </span>
     <span class='ocr_line' id='line_1_23' title="bbox 271 1854 1273 1923; baseline 0.001 -18"><span class='ocrx_word' id='word_1_123' title='bbox 271 1857 407 1923; x_wconf 83' lang='lat' dir='ltr'><strong>quit:</strong></span> <span class='ocrx_word' id='word_1_124' title='bbox 438 1874 462 1902; x_wconf 90' lang='lat'>«</span> <span class='ocrx_word' id='word_1_125' title='bbox 495 1854 642 1916; x_wconf 88' lang='lat' dir='ltr'><strong>Quod</strong></span> <span class='ocrx_word' id='word_1_126' title='bbox 666 1854 918 1922; x_wconf 90' lang='lat' dir='ltr'><strong>templum</strong></span> <span class='ocrx_word' id='word_1_127' title='bbox 950 1855 1137 1908; x_wconf 88' lang='lat' dir='ltr'><strong>babere</strong></span> <span class='ocrx_word' id='word_1_128' title='bbox 1160 1871 1273 1923; x_wconf 87' lang='lat' dir='ltr'><strong>pos·</strong></span> 
     </span>
     <span class='ocr_line' id='line_1_24' title="bbox 270 1927 1274 1996; baseline -0.001 -15"><span class='ocrx_word' id='word_1_129' title='bbox 270 1930 336 1981; x_wconf 91' lang='lat' dir='ltr'><strong>sit</strong></span> <span class='ocrx_word' id='word_1_130' title='bbox 362 1927 522 1989; x_wconf 85' lang='lat' dir='ltr'><strong>Deus,</strong></span> <span class='ocrx_word' id='word_1_131' title='bbox 556 1929 705 1979; x_wconf 89' lang='lat' dir='ltr'><strong>cuius</strong></span> <span class='ocrx_word' id='word_1_132' title='bbox 730 1928 982 1996; x_wconf 89' lang='lat' dir='ltr'><strong>templum</strong></span> <span class='ocrx_word' id='word_1_133' title='bbox 1024 1936 1160 1980; x_wconf 86' lang='lat' dir='ltr'><strong>totus</strong></span> <span class='ocrx_word' id='word_1_134' title='bbox 1196 1936 1274 1980; x_wconf 82' lang='lat' dir='ltr'><strong>est</strong></span> 
     </span>
     <span class='ocr_line' id='line_1_25' title="bbox 270 2000 1273 2070; baseline -0.002 -15"><span class='ocrx_word' id='word_1_135' title='bbox 270 2001 520 2055; x_wconf 71' lang='lat' dir='ltr'><strong>mundus?</strong></span> <span class='ocrx_word' id='word_1_136' title='bbox 547 2000 690 2054; x_wconf 88' lang='lat' dir='ltr'><strong>Unus</strong></span> <span class='ocrx_word' id='word_1_137' title='bbox 712 2008 809 2062; x_wconf 88' lang='lat' dir='ltr'><strong>est,</strong></span> <span class='ocrx_word' id='word_1_138' title='bbox 835 2009 887 2053; x_wconf 90' lang='lat' dir='ltr'><strong>et</strong></span> <span class='ocrx_word' id='word_1_139' title='bbox 915 2002 1103 2070; x_wconf 88' lang='lat' dir='ltr'><strong>ubique</strong></span> <span class='ocrx_word' id='word_1_140' title='bbox 1136 2009 1273 2054; x_wconf 88' lang='lat' dir='ltr'><strong>totus</strong></span> 
     </span>
     <span class='ocr_line' id='line_1_26' title="bbox 270 2075 1268 2143; baseline -0.001 -15"><span class='ocrx_word' id='word_1_141' title='bbox 270 2076 489 2128; x_wconf 83' lang='lat' dir='ltr'><strong>diffusus</strong></span> <span class='ocrx_word' id='word_1_142' title='bbox 520 2081 617 2127; x_wconf 93' lang='lat' dir='ltr'><strong>est.</strong></span> <span class='ocrx_word' id='word_1_143' title='bbox 643 2095 668 2123; x_wconf 84' lang='lat'>»</span> <span class='ocrx_word' id='word_1_144' title='bbox 701 2075 934 2143; x_wconf 74' lang='lat' dir='ltr'><strong>Oriqenes</strong></span> <span class='ocrx_word' id='word_1_145' title='bbox 967 2083 1106 2127; x_wconf 85' lang='lat' dir='ltr'><strong>cont.</strong></span> <span class='ocrx_word' id='word_1_146' title='bbox 1133 2076 1268 2128; x_wconf 75' lang='lat' dir='ltr'><strong>Cels,</strong></span> 
     </span>
     <span class='ocr_line' id='line_1_27' title="bbox 271 2148 1275 2220; baseline 0 -19"><span class='ocrx_word' id='word_1_147' title='bbox 271 2148 347 2220; x_wconf 89' lang='grc'><strong>(6)</strong></span> <span class='ocrx_word' id='word_1_148' title='bbox 372 2149 584 2201; x_wconf 81' lang='lat' dir='ltr'>scribit:</span> <span class='ocrx_word' id='word_1_149' title='bbox 622 2168 647 2197; x_wconf 87' lang='lat'>«</span> <span class='ocrx_word' id='word_1_150' title='bbox 681 2148 820 2200; x_wconf 86' lang='lat' dir='ltr'><strong>Deus</strong></span> <span class='ocrx_word' id='word_1_151' title='bbox 842 2151 979 2201; x_wconf 89' lang='lat' dir='ltr'><strong>omni</strong></span> <span class='ocrx_word' id='word_1_152' title='bbox 1018 2150 1127 2202; x_wconf 87' lang='lat' dir='ltr'><strong>loeo</strong></span> <span class='ocrx_word' id='word_1_153' title='bbox 1172 2166 1275 2201; x_wconf 82' lang='lat' dir='ltr'><strong>me-</strong></span> 
     </span>
     <span class='ocr_line' id='line_1_28' title="bbox 269 2222 1271 2289; baseline -0.002 -14"><span class='ocrx_word' id='word_1_154' title='bbox 269 2223 367 2276; x_wconf 91' lang='lat' dir='ltr'><strong>lior</strong></span> <span class='ocrx_word' id='word_1_155' title='bbox 395 2223 569 2275; x_wconf 89' lang='lat' dir='ltr'><strong>omnia</strong></span> <span class='ocrx_word' id='word_1_156' title='bbox 598 2222 1012 2289; x_wconf 81' lang='lat' dir='ltr'><strong>comprehendit,</strong></span> <span class='ocrx_word' id='word_1_157' title='bbox 1046 2239 1140 2274; x_wconf 87' lang='lat' dir='ltr'><strong>nee</strong></span> <span class='ocrx_word' id='word_1_158' title='bbox 1170 2224 1271 2274; x_wconf 86' lang='lat' dir='ltr'><strong>ulla</strong></span> 
     </span>
     <span class='ocr_line' id='line_1_29' title="bbox 270 2296 1274 2364; baseline -0.001 -15"><span class='ocrx_word' id='word_1_159' title='bbox 270 2313 328 2349; x_wconf 87' lang='lat' dir='ltr'><strong>re</strong></span> <span class='ocrx_word' id='word_1_160' title='bbox 367 2296 846 2364; x_wconf 80' lang='lat' dir='ltr'>comprehenditur.</span> <span class='ocrx_word' id='word_1_161' title='bbox 887 2316 908 2346; x_wconf 95' lang='lat'>»</span> <span class='ocrx_word' id='word_1_162' title='bbox 952 2297 1010 2349; x_wconf 88' lang='lat' dir='ltr'><strong>S.</strong></span> <span class='ocrx_word' id='word_1_163' title='bbox 1045 2297 1274 2348; x_wconf 76' lang='lat' dir='ltr'><strong>Hilarius</strong></span> 
     </span>
     <span class='ocr_line' id='line_1_30' title="bbox 272 2369 1275 2440; baseline -0.003 -16"><span class='ocrx_word' id='word_1_164' title='bbox 272 2371 403 2425; x_wconf 74' lang='lat' dir='ltr'><strong>Pice.</strong></span> <span class='ocrx_word' id='word_1_165' title='bbox 449 2370 514 2421; x_wconf 92' lang='lat' dir='ltr'><strong>ad</strong></span> <span class='ocrx_word' id='word_1_166' title='bbox 541 2369 937 2422; x_wconf 87' lang='lat' dir='ltr'><strong>Constantinum</strong></span> <span class='ocrx_word' id='word_1_167' title='bbox 967 2370 1064 2440; x_wconf 88' lang='lat'><strong>(7):</strong></span> <span class='ocrx_word' id='word_1_168' title='bbox 1088 2390 1112 2419; x_wconf 87' lang='lat'>«</span> <span class='ocrx_word' id='word_1_169' title='bbox 1137 2371 1275 2423; x_wconf 90' lang='lat' dir='ltr'><strong>Deus</strong></span> 
     </span>
     <span class='ocr_line' id='line_1_31' title="bbox 273 2445 1270 2513; baseline -0.005 -17"><span class='ocrx_word' id='word_1_170' title='bbox 273 2445 465 2513; x_wconf 90' lang='lat' dir='ltr'><strong>ubique</strong></span> <span class='ocrx_word' id='word_1_171' title='bbox 494 2449 592 2503; x_wconf 86' lang='lat' dir='ltr'><strong>est,</strong></span> <span class='ocrx_word' id='word_1_172' title='bbox 620 2450 672 2496; x_wconf 88' lang='lat' dir='ltr'><strong>et</strong></span> <span class='ocrx_word' id='word_1_173' title='bbox 701 2451 840 2496; x_wconf 90' lang='lat' dir='ltr'><strong>totus</strong></span> <span class='ocrx_word' id='word_1_174' title='bbox 880 2445 1071 2513; x_wconf 86' lang='lat' dir='ltr'><strong>ubique</strong></span> <span class='ocrx_word' id='word_1_175' title='bbox 1112 2452 1207 2496; x_wconf 88' lang='lat' dir='ltr'><strong>est.</strong></span> <span class='ocrx_word' id='word_1_176' title='bbox 1245 2463 1270 2492; x_wconf 85' lang='lat'>»</span> 
     </span>
     <span class='ocr_line' id='line_1_32' title="bbox 274 2515 1272 2587; baseline -0.003 -16"><span class='ocrx_word' id='word_1_177' title='bbox 274 2518 675 2585; x_wconf 54' lang='lat' dir='ltr'><strong>&amp;Hieronymus</strong></span> <span class='ocrx_word' id='word_1_178' title='bbox 697 2518 749 2570; x_wconf 93' lang='lat' dir='ltr'><strong>in</strong></span> <span class='ocrx_word' id='word_1_179' title='bbox 773 2517 866 2586; x_wconf 88' lang='lat' dir='ltr'><strong>Ep.</strong></span> <span class='ocrx_word' id='word_1_180' title='bbox 894 2518 957 2570; x_wconf 89' lang='lat' dir='ltr'><strong>ad</strong></span> <span class='ocrx_word' id='word_1_181' title='bbox 982 2518 1169 2586; x_wconf 67' lang='lat' dir='ltr'><strong>Ephes⁴</strong></span> <span class='ocrx_word' id='word_1_182' title='bbox 1198 2515 1272 2587; x_wconf 86' lang='lat'><strong>(8)</strong></span> 
     </span>
     <span class='ocr_line' id='line_1_33' title="bbox 274 2591 1270 2661; baseline -0.002 -17"><span class='ocrx_word' id='word_1_183' title='bbox 274 2592 455 2645; x_wconf 86' lang='lat' dir='ltr'><strong>eadem</strong></span> <span class='ocrx_word' id='word_1_184' title='bbox 487 2592 648 2644; x_wconf 88' lang='lat' dir='ltr'><strong>verba</strong></span> <span class='ocrx_word' id='word_1_185' title='bbox 689 2598 930 2661; x_wconf 86' lang='lat' dir='ltr'><strong>repetens</strong></span> <span class='ocrx_word' id='word_1_186' title='bbox 958 2592 1134 2644; x_wconf 86' lang='lat' dir='ltr'>addit:</span> <span class='ocrx_word' id='word_1_187' title='bbox 1173 2610 1194 2639; x_wconf 92' lang='lat'>«</span> <span class='ocrx_word' id='word_1_188' title='bbox 1226 2591 1270 2642; x_wconf 88' lang='lat' dir='ltr'><strong>A</strong></span> 
     </span>
     <span class='ocr_line' id='line_1_34' title="bbox 276 2664 1273 2735; baseline -0.003 -17"><span class='ocrx_word' id='word_1_189' title='bbox 276 2665 379 2718; x_wconf 92' lang='lat' dir='ltr'><strong>Deo</strong></span> <span class='ocrx_word' id='word_1_190' title='bbox 409 2667 525 2735; x_wconf 88' lang='lat' dir='ltr'><strong>quis</strong></span> <span class='ocrx_word' id='word_1_191' title='bbox 561 2673 730 2733; x_wconf 90' lang='lat' dir='ltr'><strong>potest</strong></span> <span class='ocrx_word' id='word_1_192' title='bbox 769 2667 1020 2733; x_wconf 85' lang='lat' dir='ltr'><strong>separari,</strong></span> <span class='ocrx_word' id='word_1_193' title='bbox 1065 2681 1183 2717; x_wconf 87' lang='lat' dir='ltr'><strong>cum</strong></span> <span class='ocrx_word' id='word_1_194' title='bbox 1222 2664 1273 2715; x_wconf 90' lang='lat' dir='ltr'><strong>in</strong></span> 
     </span>
     <span class='ocr_line' id='line_1_35' title="bbox 273 2738 1269 2792; baseline -0.002 -1"><span class='ocrx_word' id='word_1_195' title='bbox 273 2755 333 2791; x_wconf 89' lang='lat' dir='ltr'><strong>eo</strong></span> <span class='ocrx_word' id='word_1_196' title='bbox 380 2740 484 2792; x_wconf 91' lang='lat' dir='ltr'><strong>sint</strong></span> <span class='ocrx_word' id='word_1_197' title='bbox 523 2738 835 2792; x_wconf 75' lang='lat' dir='ltr'><strong>omnia?»S.</strong></span> <span class='ocrx_word' id='word_1_198' title='bbox 866 2738 1152 2791; x_wconf 77' lang='lat' dir='ltr'><strong>Ambrosius</strong></span> <span class='ocrx_word' id='word_1_199' title='bbox 1184 2738 1269 2790; x_wconf 88' lang='lat' dir='ltr'><strong>lib.</strong></span> 
     </span>
     <span class='ocr_line' id='line_1_36' title="bbox 272 2811 1277 2883; baseline 0 -20"><span class='ocrx_word' id='word_1_200' title='bbox 272 2812 337 2864; x_wconf 89' lang='lat' dir='ltr'><strong>de</strong></span> <span class='ocrx_word' id='word_1_201' title='bbox 374 2813 473 2864; x_wconf 85' lang='lat' dir='ltr'><strong>fide</strong></span> <span class='ocrx_word' id='word_1_202' title='bbox 503 2811 579 2883; x_wconf 81' lang='lat'><strong>(9)</strong></span> <span class='ocrx_word' id='word_1_203' title='bbox 612 2813 751 2866; x_wconf 92' lang='lat' dir='ltr'><strong>Deus</strong></span> <span class='ocrx_word' id='word_1_204' title='bbox 778 2820 876 2874; x_wconf 90' lang='lat' dir='ltr'><strong>est,</strong></span> <span class='ocrx_word' id='word_1_205' title='bbox 911 2813 1098 2881; x_wconf 90' lang='lat' dir='ltr'><strong>inquit,</strong></span> <span class='ocrx_word' id='word_1_206' title='bbox 1134 2832 1156 2861; x_wconf 90' lang='lat'>«</span> <span class='ocrx_word' id='word_1_207' title='bbox 1191 2828 1277 2879; x_wconf 88' lang='lat' dir='ltr'><strong>pe-</strong></span> 
     </span>
     <span class='ocr_line' id='line_1_37' title="bbox 273 2888 1272 2956; baseline -0.001 -19"><span class='ocrx_word' id='word_1_208' title='bbox 273 2892 487 2938; x_wconf 86' lang='lat' dir='ltr'><strong>netrans</strong></span> <span class='ocrx_word' id='word_1_209' title='bbox 517 2889 711 2947; x_wconf 89' lang='lat' dir='ltr'><strong>omnia,</strong></span> <span class='ocrx_word' id='word_1_210' title='bbox 746 2903 1003 2956; x_wconf 80' lang='lat' dir='ltr'><strong>nusquam</strong></span> <span class='ocrx_word' id='word_1_211' title='bbox 1045 2888 1154 2954; x_wconf 90' lang='lat' dir='ltr'><strong>ipse</strong></span> <span class='ocrx_word' id='word_1_212' title='bbox 1187 2902 1272 2953; x_wconf 87' lang='lat' dir='ltr'><strong>pe-</strong></span> 
     </span>
     <span class='ocr_line' id='line_1_38' title="bbox 276 2959 1277 3030; baseline -0.001 -19"><span class='ocrx_word' id='word_1_213' title='bbox 276 2959 582 3023; x_wconf 79' lang='lat' dir='ltr'><strong>netranduS‚</strong></span> <span class='ocrx_word' id='word_1_214' title='bbox 626 2962 816 3030; x_wconf 89' lang='lat' dir='ltr'><strong>ubique</strong></span> <span class='ocrx_word' id='word_1_215' title='bbox 848 2967 985 3013; x_wconf 87' lang='lat' dir='ltr'><strong>totus</strong></span> <span class='ocrx_word' id='word_1_216' title='bbox 1017 3001 1029 3021; x_wconf 93' lang='lat'>‚</span> <span class='ocrx_word' id='word_1_217' title='bbox 1074 2960 1277 3012; x_wconf 84' lang='lat' dir='ltr'><strong>eodem-</strong></span> 
     </span>
     <span class='ocr_line' id='line_1_39' title="bbox 273 3033 1272 3101; baseline 0.001 -17"><span class='ocrx_word' id='word_1_218' title='bbox 273 3048 373 3101; x_wconf 90' lang='lat' dir='ltr'><strong>que</strong></span> <span class='ocrx_word' id='word_1_219' title='bbox 405 3040 631 3100; x_wconf 88' lang='lat' dir='ltr'><strong>tempore</strong></span> <span class='ocrx_word' id='word_1_220' title='bbox 672 3035 756 3087; x_wconf 89' lang='lat' dir='ltr'><strong>vel</strong></span> <span class='ocrx_word' id='word_1_221' title='bbox 798 3035 850 3086; x_wconf 91' lang='lat' dir='ltr'><strong>in</strong></span> <span class='ocrx_word' id='word_1_222' title='bbox 890 3035 1052 3096; x_wconf 91' lang='lat' dir='ltr'><strong>coelo,</strong></span> <span class='ocrx_word' id='word_1_223' title='bbox 1098 3033 1180 3085; x_wconf 89' lang='lat' dir='ltr'><strong>vel</strong></span> <span class='ocrx_word' id='word_1_224' title='bbox 1222 3035 1272 3085; x_wconf 92' lang='lat' dir='ltr'><strong>in</strong></span> 
     </span>
     <span class='ocr_line' id='line_1_40' title="bbox 275 3107 1274 3176; baseline 0.001 -18"><span class='ocrx_word' id='word_1_225' title='bbox 275 3113 435 3168; x_wconf 87' lang='lat' dir='ltr'><strong>terra,</strong></span> <span class='ocrx_word' id='word_1_226' title='bbox 469 3107 550 3158; x_wconf 90' lang='lat' dir='ltr'><strong>vel</strong></span> <span class='ocrx_word' id='word_1_227' title='bbox 577 3108 626 3159; x_wconf 91' lang='lat' dir='ltr'><strong>in</strong></span> <span class='ocrx_word' id='word_1_228' title='bbox 650 3109 930 3161; x_wconf 89' lang='lat' dir='ltr'><strong>novissimo</strong></span> <span class='ocrx_word' id='word_1_229' title='bbox 969 3109 1099 3159; x_wconf 85' lang='lat' dir='ltr'><strong>mari</strong></span> <span class='ocrx_word' id='word_1_230' title='bbox 1129 3123 1274 3176; x_wconf 85' lang='lat' dir='ltr'><strong>prae-</strong></span> 
     </span>
     <span class='ocr_line' id='line_1_41' title="bbox 274 3177 1273 3253; baseline 0.003 -22"><span class='ocrx_word' id='word_1_231' title='bbox 274 3195 414 3232; x_wconf 80' lang='lat' dir='ltr'><strong>sens,</strong></span> <span class='ocrx_word' id='word_1_232' title='bbox 430 3198 453 3228; x_wconf 88' lang='lat'>»</span> <span class='ocrx_word' id='word_1_233' title='bbox 473 3179 529 3232; x_wconf 80' lang='lat' dir='ltr'><strong>S.</strong></span> <span class='ocrx_word' id='word_1_234' title='bbox 548 3178 856 3249; x_wconf 57' lang='lat' dir='ltr'><strong>Augustinus</strong></span> <span class='ocrx_word' id='word_1_235' title='bbox 877 3182 939 3235; x_wconf 90' lang='lat' dir='ltr'><strong>de</strong></span> <span class='ocrx_word' id='word_1_236' title='bbox 961 3181 1068 3234; x_wconf 87' lang='lat' dir='ltr'><strong>Civ.</strong></span> <span class='ocrx_word' id='word_1_237' title='bbox 1083 3181 1141 3235; x_wconf 89' lang='lat' dir='ltr'><strong>D.</strong></span> <span class='ocrx_word' id='word_1_238' title='bbox 1161 3177 1273 3253; x_wconf 81' lang='lat' dir='ltr'><strong>(to)</strong></span> 
     </span>
    </p>
   </div>
   <div class='ocr_carea' id='block_1_5' title="bbox 271 3279 739 3545">
    <p class='ocr_par' dir='ltr' id='par_1_6' title="bbox 271 3279 739 3545">
     <span class='ocr_line' id='line_1_42' title="bbox 271 3279 591 3324; baseline 0.003 -10"><span class='ocrx_word' id='word_1_239' title='bbox 271 3321 275 3324; x_wconf 23' lang='lat'>⁵</span> <span class='ocrx_word' id='word_1_240' title='bbox 323 3279 356 3323; x_wconf 88' lang='lat'><strong>(1</strong></span> <span class='ocrx_word' id='word_1_241' title='bbox 398 3281 452 3314; x_wconf 71' lang='lat'><strong>10,</strong></span> <span class='ocrx_word' id='word_1_242' title='bbox 477 3282 513 3322; x_wconf 75' lang='lat' dir='ltr'><strong>lt,</strong></span> <span class='ocrx_word' id='word_1_243' title='bbox 538 3280 591 3315; x_wconf 79' lang='lat'><strong>23.</strong></span> 
     </span>
     <span class='ocr_line' id='line_1_43' title="bbox 322 3323 600 3367; baseline -0.004 -9"><span class='ocrx_word' id='word_1_244' title='bbox 322 3323 360 3367; x_wconf 74' lang='lat'><strong>(2</strong></span> <span class='ocrx_word' id='word_1_245' title='bbox 401 3325 485 3359; x_wconf 85' lang='lat' dir='ltr'><strong>Mat.</strong></span> <span class='ocrx_word' id='word_1_246' title='bbox 511 3324 544 3363; x_wconf 80' lang='lat'><strong>6,</strong></span> <span class='ocrx_word' id='word_1_247' title='bbox 569 3323 600 3359; x_wconf 91' lang='lat'><strong>8.</strong></span> 
     </span>
     <span class='ocr_line' id='line_1_44' title="bbox 339 3366 637 3411; baseline -0.007 -8"><span class='ocrx_word' id='word_1_248' title='bbox 339 3368 360 3403; x_wconf 81' lang='grc'><strong>3</strong></span> <span class='ocrx_word' id='word_1_249' title='bbox 402 3368 478 3402; x_wconf 87' lang='lat' dir='ltr'><strong>Act.</strong></span> <span class='ocrx_word' id='word_1_250' title='bbox 505 3367 562 3411; x_wconf 81' lang='lat'><strong>17,</strong></span> <span class='ocrx_word' id='word_1_251' title='bbox 585 3366 637 3402; x_wconf 71' lang='lat'><strong>24.</strong></span> 
     </span>
     <span class='ocr_line' id='line_1_45' title="bbox 336 3411 739 3452; baseline -0.002 -6"><span class='ocrx_word' id='word_1_252' title='bbox 336 3411 358 3446; x_wconf 82' lang='lat'><strong>4</strong></span> <span class='ocrx_word' id='word_1_253' title='bbox 399 3412 475 3446; x_wconf 86' lang='lat' dir='ltr'>Lib.</span> <span class='ocrx_word' id='word_1_254' title='bbox 502 3411 540 3452; x_wconf 72' lang='lat'><strong>2,</strong></span> <span class='ocrx_word' id='word_1_255' title='bbox 565 3411 683 3446; x_wconf 85' lang='lat' dir='ltr'><strong>mand.</strong></span> <span class='ocrx_word' id='word_1_256' title='bbox 711 3412 739 3447; x_wconf 84' lang='lat'><strong>1.</strong></span> 
     </span>
     <span class='ocr_line' id='line_1_46' title="bbox 322 3454 672 3498; baseline -0.003 -8"><span class='ocrx_word' id='word_1_257' title='bbox 322 3456 360 3498; x_wconf 76' lang='grc' dir='ltr'><strong>(δ</strong></span> <span class='ocrx_word' id='word_1_258' title='bbox 398 3456 476 3490; x_wconf 90' lang='lat' dir='ltr'>Lib.</span> <span class='ocrx_word' id='word_1_259' title='bbox 501 3454 532 3488; x_wconf 82' lang='lat'><strong>7.</strong></span> <span class='ocrx_word' id='word_1_260' title='bbox 545 3460 672 3490; x_wconf 83' lang='lat' dir='ltr'><strong>strom.</strong></span> 
     </span>
     <span class='ocr_line' id='line_1_47' title="bbox 322 3497 680 3545; baseline -0.008 -9"><span class='ocrx_word' id='word_1_261' title='bbox 322 3499 375 3545; x_wconf 72' lang='lat'><strong>(6)</strong></span> <span class='ocrx_word' id='word_1_262' title='bbox 399 3499 477 3536; x_wconf 85' lang='lat' dir='ltr'>Lib.</span> <span class='ocrx_word' id='word_1_263' title='bbox 502 3497 537 3539; x_wconf 75' lang='lat'><strong>⁵1.</strong></span> <span class='ocrx_word' id='word_1_264' title='bbox 561 3508 598 3534; x_wconf 91' lang='lat' dir='ltr'><strong>n.</strong></span> <span class='ocrx_word' id='word_1_265' title='bbox 627 3499 680 3534; x_wconf 70' lang='lat'><strong>34.</strong></span> 
     </span>
    </p>
   </div>
   <div class='ocr_carea' id='block_1_6' title="bbox 277 155 1639 304">
    <p class='ocr_par' dir='ltr' id='par_1_7' title="bbox 277 155 1639 304">
     <span class='ocr_line' id='line_1_48' title="bbox 957 155 1639 196; baseline 0 -3"><span class='ocrx_word' id='word_1_266' title='bbox 957 155 1021 193; x_wconf 68' lang='lat' dir='ltr'><strong>ni:</strong></span> <span class='ocrx_word' id='word_1_267' title='bbox 1059 157 1154 195; x_wconf 73' lang='lat' dir='ltr'><strong>ono</strong></span> <span class='ocrx_word' id='word_1_268' title='bbox 1193 158 1241 196; x_wconf 72' lang='lat' dir='ltr'><strong>m</strong></span> <span class='ocrx_word' id='word_1_269' title='bbox 1281 155 1338 195; x_wconf 73' lang='lat' dir='ltr'><strong>ss</strong></span> <span class='ocrx_word' id='word_1_270' title='bbox 1375 155 1639 195; x_wconf 65' lang='lat' dir='ltr'><strong>sensuro.</strong></span> 
     </span>
     <span class='ocr_line' id='line_1_49' title="bbox 277 233 1290 304; baseline 0.001 -17"><span class='ocrx_word' id='word_1_271' title='bbox 277 233 512 298; x_wconf 74' lang='lat' dir='ltr'><strong>Christus</strong></span> <span class='ocrx_word' id='word_1_272' title='bbox 550 235 1042 304; x_wconf 88' lang='lat' dir='ltr'><strong>omnipraesentiam</strong></span> <span class='ocrx_word' id='word_1_273' title='bbox 1070 238 1162 290; x_wconf 72' lang='lat' dir='ltr'><strong>Dei</strong></span> <span class='ocrx_word' id='word_1_274' title='bbox 1190 254 1290 291; x_wconf 80' lang='lat' dir='ltr'><strong>sa-.</strong></span> 
     </span>
    </p>
   </div>
   <div class='ocr_carea' id='block_1_7' title="bbox 1331 233 2332 3247">
    <p class='ocr_par' dir='ltr' id='par_1_8' title="bbox 1331 233 2329 1318">
     <span class='ocr_line' id='line_1_50' title="bbox 1331 233 2318 304; baseline -0.003 -14"><span class='ocrx_word' id='word_1_275' title='bbox 1331 239 1428 290; x_wconf 83' lang='lat' dir='ltr'><strong>ait:</strong></span> <span class='ocrx_word' id='word_1_276' title='bbox 1477 257 1500 286; x_wconf 90' lang='lat'>«</span> <span class='ocrx_word' id='word_1_277' title='bbox 1545 236 1684 288; x_wconf 85' lang='lat' dir='ltr'>Idem</span> <span class='ocrx_word' id='word_1_278' title='bbox 1724 233 1863 299; x_wconf 86' lang='lat' dir='ltr'><strong>Deus</strong></span> <span class='ocrx_word' id='word_1_279' title='bbox 1909 233 2098 304; x_wconf 78' lang='lat' dir='ltr'><strong>ubique</strong></span> <span class='ocrx_word' id='word_1_280' title='bbox 2141 240 2318 295; x_wconf 83' lang='lat' dir='ltr'><strong>totus,</strong></span> 
     </span>
     <span class='ocr_line' id='line_1_51' title="bbox 1332 309 2324 370; baseline -0.004 -7"><span class='ocrx_word' id='word_1_281' title='bbox 1332 311 1488 363; x_wconf 91' lang='lat' dir='ltr'><strong>nullis</strong></span> <span class='ocrx_word' id='word_1_282' title='bbox 1515 309 1746 361; x_wconf 83' lang='lat' dir='ltr'><strong>inclusus</strong></span> <span class='ocrx_word' id='word_1_283' title='bbox 1773 309 1917 370; x_wconf 68' lang='lat' dir='ltr'><strong>locist,</strong></span> <span class='ocrx_word' id='word_1_284' title='bbox 1957 309 2115 360; x_wconf 91' lang='lat' dir='ltr'><strong>nullis</strong></span> <span class='ocrx_word' id='word_1_285' title='bbox 2142 309 2324 360; x_wconf 85' lang='lat' dir='ltr'><strong>vincu-</strong></span> 
     </span>
     <span class='ocr_line' id='line_1_52' title="bbox 1334 381 2320 451; baseline -0.001 -16"><span class='ocrx_word' id='word_1_286' title='bbox 1334 385 1394 436; x_wconf 83' lang='lat' dir='ltr'><strong>lis</strong></span> <span class='ocrx_word' id='word_1_287' title='bbox 1415 383 1681 451; x_wconf 78' lang='lat' dir='ltr'><strong>alligatuS,</strong></span> <span class='ocrx_word' id='word_1_288' title='bbox 1705 384 1755 434; x_wconf 91' lang='lat' dir='ltr'><strong>in</strong></span> <span class='ocrx_word' id='word_1_289' title='bbox 1778 382 1923 434; x_wconf 88' lang='lat' dir='ltr'><strong>nulla</strong></span> <span class='ocrx_word' id='word_1_290' title='bbox 1948 388 2091 451; x_wconf 87' lang='lat' dir='ltr'><strong>parte</strong></span> <span class='ocrx_word' id='word_1_291' title='bbox 2106 381 2320 442; x_wconf 54' lang='lat' dir='ltr'><strong>seetilffi,</strong></span> 
     </span>
     <span class='ocr_line' id='line_1_53' title="bbox 1334 454 2324 524; baseline -0.002 -16"><span class='ocrx_word' id='word_1_292' title='bbox 1334 473 1399 508; x_wconf 85' lang='lat' dir='ltr'><strong>ex</strong></span> <span class='ocrx_word' id='word_1_293' title='bbox 1427 457 1570 508; x_wconf 88' lang='lat' dir='ltr'><strong>nulla</strong></span> <span class='ocrx_word' id='word_1_294' title='bbox 1599 462 1743 524; x_wconf 88' lang='lat' dir='ltr'><strong>parte</strong></span> <span class='ocrx_word' id='word_1_295' title='bbox 1775 455 2072 513; x_wconf 84' lang='lat' dir='ltr'><strong>mutabilis,</strong></span> <span class='ocrx_word' id='word_1_296' title='bbox 2103 454 2324 523; x_wconf 85' lang='lat' dir='ltr'><strong>implens</strong></span> 
     </span>
     <span class='ocr_line' id='line_1_54' title="bbox 1333 530 2324 596; baseline -0.002 -13"><span class='ocrx_word' id='word_1_297' title='bbox 1333 530 1536 583; x_wconf 89' lang='lat' dir='ltr'><strong>eoelum</strong></span> <span class='ocrx_word' id='word_1_298' title='bbox 1575 536 1627 581; x_wconf 88' lang='lat' dir='ltr'><strong>et</strong></span> <span class='ocrx_word' id='word_1_299' title='bbox 1663 537 1882 588; x_wconf 82' lang='lat' dir='ltr'><strong>terram,</strong></span> <span class='ocrx_word' id='word_1_300' title='bbox 1926 535 2200 596; x_wconf 84' lang='lat' dir='ltr'><strong>praesente</strong></span> <span class='ocrx_word' id='word_1_301' title='bbox 2239 544 2324 596; x_wconf 88' lang='lat' dir='ltr'><strong>po-</strong></span> 
     </span>
     <span class='ocr_line' id='line_1_55' title="bbox 1334 601 2324 665; baseline -0.002 -10"><span class='ocrx_word' id='word_1_302' title='bbox 1334 605 1515 665; x_wconf 86' lang='lat' dir='ltr'><strong>tentia,</strong></span> <span class='ocrx_word' id='word_1_303' title='bbox 1557 619 1659 655; x_wconf 88' lang='lat' dir='ltr'><strong>non</strong></span> <span class='ocrx_word' id='word_1_304' title='bbox 1700 602 1915 654; x_wconf 85' lang='lat' dir='ltr'><strong>absente</strong></span> <span class='ocrx_word' id='word_1_305' title='bbox 1954 607 2161 654; x_wconf 75' lang='lat' dir='ltr'><strong>natura.</strong></span> <span class='ocrx_word' id='word_1_306' title='bbox 2199 621 2224 650; x_wconf 91' lang='lat'>»</span> <span class='ocrx_word' id='word_1_307' title='bbox 2269 601 2324 653; x_wconf 90' lang='lat' dir='ltr'><strong>In</strong></span> 
     </span>
     <span class='ocr_line' id='line_1_56' title="bbox 1333 674 2329 746; baseline -0.002 -16"><span class='ocrx_word' id='word_1_308' title='bbox 1333 676 1566 746; x_wconf 89' lang='lat' dir='ltr'><strong>symbolo</strong></span> <span class='ocrx_word' id='word_1_309' title='bbox 1588 676 1938 728; x_wconf 87' lang='lat' dir='ltr'><strong>Athanasiano</strong></span> <span class='ocrx_word' id='word_1_310' title='bbox 1964 674 2191 726; x_wconf 82' lang='lat' dir='ltr'><strong>Ecclesia</strong></span> <span class='ocrx_word' id='word_1_311' title='bbox 2214 691 2329 743; x_wconf 86' lang='lat' dir='ltr'><strong>pro·</strong></span> 
     </span>
     <span class='ocr_line' id='line_1_57' title="bbox 1334 748 2328 810; baseline -0.003 -7"><span class='ocrx_word' id='word_1_312' title='bbox 1334 753 1541 803; x_wconf 82' lang='lat' dir='ltr'><strong>fitetur:</strong></span> <span class='ocrx_word' id='word_1_313' title='bbox 1578 751 1847 801; x_wconf 69' lang='lat' dir='ltr'><strong>[inmensus</strong></span> <span class='ocrx_word' id='word_1_314' title='bbox 1867 748 2032 810; x_wconf 81' lang='lat' dir='ltr'><strong>Pater,</strong></span> <span class='ocrx_word' id='word_1_315' title='bbox 2063 748 2328 800; x_wconf 78' lang='lat' dir='ltr'><strong>immensus</strong></span> 
     </span>
     <span class='ocr_line' id='line_1_58' title="bbox 1333 821 2323 890; baseline -0.002 -14"><span class='ocrx_word' id='word_1_316' title='bbox 1333 825 1515 885; x_wconf 71' lang='lat' dir='ltr'><strong>Filius,</strong></span> <span class='ocrx_word' id='word_1_317' title='bbox 1548 825 1811 875; x_wconf 79' lang='lat' dir='ltr'><strong>immensus</strong></span> <span class='ocrx_word' id='word_1_318' title='bbox 1839 821 2060 890; x_wconf 77' lang='lat' dir='ltr'><strong>Spiritus</strong></span> <span class='ocrx_word' id='word_1_319' title='bbox 2098 821 2323 882; x_wconf 67' lang='lat' dir='ltr'><strong>Sanctusg</strong></span> 
     </span>
     <span class='ocr_line' id='line_1_59' title="bbox 1334 896 2326 953; baseline -0.004 -3"><span class='ocrx_word' id='word_1_320' title='bbox 1334 906 1376 950; x_wconf 75' lang='lat' dir='ltr'><strong>et</strong></span> <span class='ocrx_word' id='word_1_321' title='bbox 1405 907 1679 950; x_wconf 73' lang='lat' dir='ltr'><strong>tamennon</strong></span> <span class='ocrx_word' id='word_1_322' title='bbox 1707 905 1801 948; x_wconf 83' lang='lat' dir='ltr'><strong>tres</strong></span> <span class='ocrx_word' id='word_1_323' title='bbox 1822 896 2068 953; x_wconf 80' lang='lat' dir='ltr'><strong>immensi,</strong></span> <span class='ocrx_word' id='word_1_324' title='bbox 2093 896 2175 946; x_wconf 83' lang='lat' dir='ltr'><strong>sed</strong></span> <span class='ocrx_word' id='word_1_325' title='bbox 2197 911 2326 947; x_wconf 80' lang='lat' dir='ltr'><strong>unus</strong></span> 
     </span>
     <span class='ocr_line' id='line_1_60' title="bbox 1333 969 2327 1024; baseline -0.001 -1"><span class='ocrx_word' id='word_1_326' title='bbox 1333 973 1617 1024; x_wconf 77' lang='lat' dir='ltr'><strong>immensus.</strong></span> <span class='ocrx_word' id='word_1_327' title='bbox 1645 971 1699 1023; x_wconf 87' lang='lat' dir='ltr'><strong>ln</strong></span> <span class='ocrx_word' id='word_1_328' title='bbox 1721 970 1878 1022; x_wconf 85' lang='lat' dir='ltr'><strong>Cone.</strong></span> <span class='ocrx_word' id='word_1_329' title='bbox 1905 969 2237 1021; x_wconf 83' lang='lat' dir='ltr'><strong>Lateranensi</strong></span> <span class='ocrx_word' id='word_1_330' title='bbox 2262 969 2327 1023; x_wconf 91' lang='lat' dir='ltr'><strong>lV</strong></span> 
     </span>
     <span class='ocr_line' id='line_1_61' title="bbox 1335 1042 2327 1110; baseline -0.005 -12"><span class='ocrx_word' id='word_1_331' title='bbox 1335 1046 1604 1097; x_wconf 84' lang='lat' dir='ltr'><strong>definitum</strong></span> <span class='ocrx_word' id='word_1_332' title='bbox 1647 1052 1754 1096; x_wconf 81' lang='lat' dir='ltr'><strong>est:</strong></span> <span class='ocrx_word' id='word_1_333' title='bbox 1788 1042 2047 1095; x_wconf 79' lang='lat' dir='ltr'><strong>Credimus</strong></span> <span class='ocrx_word' id='word_1_334' title='bbox 2073 1049 2118 1095; x_wconf 81' lang='lat' dir='ltr'><strong>ct</strong></span> <span class='ocrx_word' id='word_1_335' title='bbox 2141 1043 2327 1110; x_wconf 80' lang='lat' dir='ltr'><strong>simpli-</strong></span> 
     </span>
     <span class='ocr_line' id='line_1_62' title="bbox 1334 1116 2325 1189; baseline -0.005 -17"><span class='ocrx_word' id='word_1_336' title='bbox 1334 1122 1453 1172; x_wconf 77' lang='lat' dir='ltr'><strong>citer</strong></span> <span class='ocrx_word' id='word_1_337' title='bbox 1491 1121 1808 1189; x_wconf 78' lang='lat' dir='ltr'><strong>confitemur,</strong></span> <span class='ocrx_word' id='word_1_338' title='bbox 1854 1117 1981 1184; x_wconf 80' lang='lat' dir='ltr'><strong>quod</strong></span> <span class='ocrx_word' id='word_1_339' title='bbox 2026 1132 2156 1170; x_wconf 76' lang='lat' dir='ltr'><strong>unus</strong></span> <span class='ocrx_word' id='word_1_340' title='bbox 2194 1116 2325 1168; x_wconf 81' lang='lat' dir='ltr'><strong>solus</strong></span> 
     </span>
     <span class='ocr_line' id='line_1_63' title="bbox 1334 1190 2326 1253; baseline -0.003 -9"><span class='ocrx_word' id='word_1_341' title='bbox 1334 1201 1401 1244; x_wconf 83' lang='lat' dir='ltr'><strong>est</strong></span> <span class='ocrx_word' id='word_1_342' title='bbox 1428 1210 1566 1246; x_wconf 69' lang='lat' dir='ltr'><strong>verns</strong></span> <span class='ocrx_word' id='word_1_343' title='bbox 1598 1193 1745 1253; x_wconf 65' lang='lat' dir='ltr'><strong>Dim,</strong></span> <span class='ocrx_word' id='word_1_344' title='bbox 1790 1199 2013 1244; x_wconf 79' lang='lat' dir='ltr'><strong>aeternus</strong></span> <span class='ocrx_word' id='word_1_345' title='bbox 2048 1198 2090 1243; x_wconf 79' lang='lat' dir='ltr'><strong>et</strong></span> <span class='ocrx_word' id='word_1_346' title='bbox 2121 1190 2326 1242; x_wconf 83' lang='lat' dir='ltr'><strong>immen-</strong></span> 
     </span>
     <span class='ocr_line' id='line_1_64' title="bbox 1334 1284 1437 1318; baseline 0.01 -1"><span class='ocrx_word' id='word_1_347' title='bbox 1334 1284 1437 1318; x_wconf 83' lang='lat' dir='ltr'><strong>sus.</strong></span> 
     </span>
    </p>

    <p class='ocr_par' dir='ltr' id='par_1_9' title="bbox 1335 1336 2330 2283">
     <span class='ocr_line' id='line_1_65' title="bbox 1408 1336 2325 1407; baseline -0.002 -17"><span class='ocrx_word' id='word_1_348' title='bbox 1408 1341 1460 1391; x_wconf 77' lang='lat'><strong>5.</strong></span> <span class='ocrx_word' id='word_1_349' title='bbox 1507 1340 1587 1392; x_wconf 64' lang='lat' dir='ltr'><strong>Em</strong></span> <span class='ocrx_word' id='word_1_350' title='bbox 1625 1341 1833 1404; x_wconf 71' lang='lat' dir='ltr'><strong>ratione.</strong></span> <span class='ocrx_word' id='word_1_351' title='bbox 1878 1336 1929 1407; x_wconf 82' lang='lat' dir='ltr'><strong>a)</strong></span> <span class='ocrx_word' id='word_1_352' title='bbox 1971 1337 2110 1388; x_wconf 90' lang='lat' dir='ltr'><strong>Deus</strong></span> <span class='ocrx_word' id='word_1_353' title='bbox 2158 1342 2235 1389; x_wconf 89' lang='lat' dir='ltr'><strong>est</strong></span> <span class='ocrx_word' id='word_1_354' title='bbox 2274 1338 2325 1388; x_wconf 91' lang='lat' dir='ltr'><strong>in</strong></span> 
     </span>
     <span class='ocr_line' id='line_1_66' title="bbox 1335 1410 2330 1481; baseline -0.003 -17"><span class='ocrx_word' id='word_1_355' title='bbox 1335 1414 1469 1465; x_wconf 85' lang='lat' dir='ltr'><strong>omni</strong></span> <span class='ocrx_word' id='word_1_356' title='bbox 1493 1429 1683 1481; x_wconf 77' lang='lat' dir='ltr'><strong>genere</strong></span> <span class='ocrx_word' id='word_1_357' title='bbox 1712 1411 2116 1480; x_wconf 75' lang='lat' dir='ltr'><strong>perfectissimus</strong></span> <span class='ocrx_word' id='word_1_358' title='bbox 2141 1416 2192 1462; x_wconf 89' lang='lat' dir='ltr'><strong>et</strong></span> <span class='ocrx_word' id='word_1_359' title='bbox 2217 1410 2330 1462; x_wconf 82' lang='lat' dir='ltr'><strong>infi-</strong></span> 
     </span>
     <span class='ocr_line' id='line_1_67' title="bbox 1337 1483 2329 1556; baseline -0.003 -18"><span class='ocrx_word' id='word_1_360' title='bbox 1337 1488 1476 1539; x_wconf 87' lang='lat' dir='ltr'><strong>nitus</strong></span> <span class='ocrx_word' id='word_1_361' title='bbox 1507 1528 1518 1548; x_wconf 90' lang='lat'>,</span> <span class='ocrx_word' id='word_1_362' title='bbox 1563 1503 1661 1556; x_wconf 86' lang='lat' dir='ltr'><strong>quo</strong></span> <span class='ocrx_word' id='word_1_363' title='bbox 1696 1485 1822 1538; x_wconf 84' lang='lat' dir='ltr'><strong>nihil</strong></span> <span class='ocrx_word' id='word_1_364' title='bbox 1871 1486 2036 1536; x_wconf 89' lang='lat' dir='ltr'><strong>maius</strong></span> <span class='ocrx_word' id='word_1_365' title='bbox 2078 1483 2329 1536; x_wconf 85' lang='lat' dir='ltr'><strong>meliusve</strong></span> 
     </span>
     <span class='ocr_line' id='line_1_68' title="bbox 1335 1558 2325 1628; baseline -0.001 -17"><span class='ocrx_word' id='word_1_366' title='bbox 1335 1561 1549 1627; x_wconf 86' lang='lat' dir='ltr'><strong>eogitari</strong></span> <span class='ocrx_word' id='word_1_367' title='bbox 1600 1567 1807 1628; x_wconf 83' lang='lat' dir='ltr'><strong>potest3</strong></span> <span class='ocrx_word' id='word_1_368' title='bbox 1852 1558 1970 1610; x_wconf 90' lang='lat' dir='ltr'><strong>talis</strong></span> <span class='ocrx_word' id='word_1_369' title='bbox 2009 1564 2184 1609; x_wconf 89' lang='lat' dir='ltr'><strong>autem</strong></span> <span class='ocrx_word' id='word_1_370' title='bbox 2223 1573 2325 1610; x_wconf 90' lang='lat' dir='ltr'><strong>non</strong></span> 
     </span>
     <span class='ocr_line' id='line_1_69' title="bbox 1336 1627 2330 1699; baseline -0.001 -14"><span class='ocrx_word' id='word_1_371' title='bbox 1336 1641 1490 1695; x_wconf 84' lang='lat' dir='ltr'><strong>esset,</strong></span> <span class='ocrx_word' id='word_1_372' title='bbox 1522 1635 1561 1685; x_wconf 90' lang='lat' dir='ltr'><strong>si</strong></span> <span class='ocrx_word' id='word_1_373' title='bbox 1591 1627 1939 1685; x_wconf 82' lang='lat' dir='ltr'><strong>immensitate</strong></span> <span class='ocrx_word' id='word_1_374' title='bbox 1966 1638 2018 1683; x_wconf 86' lang='lat' dir='ltr'><strong>et</strong></span> <span class='ocrx_word' id='word_1_375' title='bbox 2043 1631 2330 1699; x_wconf 84' lang='lat' dir='ltr'><strong>omniprae-</strong></span> 
     </span>
     <span class='ocr_line' id='line_1_70' title="bbox 1336 1705 2327 1773; baseline -0.003 -13"><span class='ocrx_word' id='word_1_376' title='bbox 1336 1709 1497 1760; x_wconf 88' lang='lat' dir='ltr'><strong>sentia</strong></span> <span class='ocrx_word' id='word_1_377' title='bbox 1539 1714 1772 1771; x_wconf 81' lang='lat' dir='ltr'><strong>careret3</strong></span> <span class='ocrx_word' id='word_1_378' title='bbox 1822 1705 2034 1772; x_wconf 89' lang='lat' dir='ltr'><strong>cogitari</strong></span> <span class='ocrx_word' id='word_1_379' title='bbox 2067 1710 2187 1757; x_wconf 83' lang='lat' dir='ltr'><strong>tune</strong></span> <span class='ocrx_word' id='word_1_380' title='bbox 2211 1721 2327 1773; x_wconf 75' lang='lat' dir='ltr'><strong>pos-</strong></span> 
     </span>
     <span class='ocr_line' id='line_1_71' title="bbox 1335 1779 2327 1847; baseline 0 -15"><span class='ocrx_word' id='word_1_381' title='bbox 1335 1789 1414 1833; x_wconf 86' lang='lat' dir='ltr'><strong>set</strong></span> <span class='ocrx_word' id='word_1_382' title='bbox 1450 1797 1539 1833; x_wconf 90' lang='lat' dir='ltr'><strong>ens</strong></span> <span class='ocrx_word' id='word_1_383' title='bbox 1581 1782 1747 1832; x_wconf 88' lang='lat' dir='ltr'><strong>maius</strong></span> <span class='ocrx_word' id='word_1_384' title='bbox 1789 1779 2096 1846; x_wconf 88' lang='lat' dir='ltr'><strong>meliusque,</strong></span> <span class='ocrx_word' id='word_1_385' title='bbox 2143 1794 2327 1847; x_wconf 89' lang='lat' dir='ltr'><strong>nempe</strong></span> 
     </span>
     <span class='ocr_line' id='line_1_72' title="bbox 1337 1852 2328 1919; baseline 0 -14"><span class='ocrx_word' id='word_1_386' title='bbox 1337 1855 1685 1906; x_wconf 82' lang='lat' dir='ltr'><strong>immensitate</strong></span> <span class='ocrx_word' id='word_1_387' title='bbox 1766 1860 1818 1905; x_wconf 88' lang='lat' dir='ltr'><strong>et</strong></span> <span class='ocrx_word' id='word_1_388' title='bbox 1894 1852 2328 1919; x_wconf 89' lang='lat' dir='ltr'><strong>omnipraesentia</strong></span> 
     </span>
     <span class='ocr_line' id='line_1_73' title="bbox 1337 1926 2328 1995; baseline 0 -16"><span class='ocrx_word' id='word_1_389' title='bbox 1337 1928 1646 1995; x_wconf 81' lang='lat' dir='ltr'><strong>praeditum.</strong></span> <span class='ocrx_word' id='word_1_390' title='bbox 1680 1927 1786 1979; x_wconf 90' lang='lat' dir='ltr'><strong>Imo</strong></span> <span class='ocrx_word' id='word_1_391' title='bbox 1846 1927 1889 1978; x_wconf 88' lang='lat' dir='ltr'><strong>si</strong></span> <span class='ocrx_word' id='word_1_392' title='bbox 1946 1926 2167 1994; x_wconf 87' lang='lat' dir='ltr'><strong>quodam</strong></span> <span class='ocrx_word' id='word_1_393' title='bbox 2221 1926 2328 1979; x_wconf 87' lang='lat' dir='ltr'><strong>loco</strong></span> 
     </span>
     <span class='ocr_line' id='line_1_74' title="bbox 1336 1999 2329 2069; baseline 0.001 -16"><span class='ocrx_word' id='word_1_394' title='bbox 1336 2002 1472 2053; x_wconf 87' lang='lat' dir='ltr'><strong>Deus</strong></span> <span class='ocrx_word' id='word_1_395' title='bbox 1494 2017 1593 2053; x_wconf 90' lang='lat' dir='ltr'><strong>non</strong></span> <span class='ocrx_word' id='word_1_396' title='bbox 1618 2008 1773 2062; x_wconf 85' lang='lat' dir='ltr'><strong>esset,</strong></span> <span class='ocrx_word' id='word_1_397' title='bbox 1805 2001 1907 2052; x_wconf 89' lang='lat' dir='ltr'><strong>iam</strong></span> <span class='ocrx_word' id='word_1_398' title='bbox 1930 2000 2145 2051; x_wconf 88' lang='lat' dir='ltr'><strong>limitem</strong></span> <span class='ocrx_word' id='word_1_399' title='bbox 2175 1999 2329 2069; x_wconf 81' lang='lat' dir='ltr'><strong>habe-</strong></span> 
     </span>
     <span class='ocr_line' id='line_1_75' title="bbox 1337 2073 2326 2141; baseline 0 -14"><span class='ocrx_word' id='word_1_400' title='bbox 1337 2083 1435 2137; x_wconf 88' lang='lat' dir='ltr'><strong>ret,</strong></span> <span class='ocrx_word' id='word_1_401' title='bbox 1468 2076 1749 2127; x_wconf 83' lang='lat' dir='ltr'><strong>existentia</strong></span> <span class='ocrx_word' id='word_1_402' title='bbox 1773 2075 1824 2125; x_wconf 92' lang='lat' dir='ltr'><strong>in</strong></span> <span class='ocrx_word' id='word_1_403' title='bbox 1856 2073 2118 2141; x_wconf 88' lang='lat' dir='ltr'><strong>praedicto</strong></span> <span class='ocrx_word' id='word_1_404' title='bbox 2146 2073 2255 2126; x_wconf 90' lang='lat' dir='ltr'><strong>loco</strong></span> <span class='ocrx_word' id='word_1_405' title='bbox 2281 2075 2326 2127; x_wconf 89' lang='lat' dir='ltr'><strong>ei</strong></span> 
     </span>
     <span class='ocr_line' id='line_1_76' title="bbox 1337 2146 2329 2217; baseline -0.001 -16"><span class='ocrx_word' id='word_1_406' title='bbox 1337 2148 1609 2217; x_wconf 80' lang='lat' dir='ltr'><strong>superaddi</strong></span> <span class='ocrx_word' id='word_1_407' title='bbox 1635 2155 1835 2217; x_wconf 83' lang='lat' dir='ltr'><strong>posset3</strong></span> <span class='ocrx_word' id='word_1_408' title='bbox 1869 2146 2329 2214; x_wconf 87' lang='lat' dir='ltr'><strong>ideoqueinfinitus</strong></span> 
     </span>
     <span class='ocr_line' id='line_1_77' title="bbox 1340 2223 2103 2283; baseline -0.005 -7"><span class='ocrx_word' id='word_1_409' title='bbox 1340 2239 1439 2276; x_wconf 88' lang='lat' dir='ltr'><strong>non</strong></span> <span class='ocrx_word' id='word_1_410' title='bbox 1466 2230 1621 2283; x_wconf 84' lang='lat' dir='ltr'><strong>esset,</strong></span> <span class='ocrx_word' id='word_1_411' title='bbox 1654 2223 1793 2274; x_wconf 90' lang='lat' dir='ltr'><strong>Deus</strong></span> <span class='ocrx_word' id='word_1_412' title='bbox 1821 2237 1921 2273; x_wconf 88' lang='lat' dir='ltr'><strong>non</strong></span> <span class='ocrx_word' id='word_1_413' title='bbox 1950 2226 2103 2273; x_wconf 89' lang='lat' dir='ltr'><strong>esset.</strong></span> 
     </span>
    </p>

    <p class='ocr_par' dir='ltr' id='par_1_10' title="bbox 1337 2294 2332 3247">
     <span class='ocr_line' id='line_1_78' title="bbox 1412 2294 2329 2365; baseline 0 -17"><span class='ocrx_word' id='word_1_414' title='bbox 1412 2296 1462 2365; x_wconf 87' lang='lat' dir='ltr'><strong>b)</strong></span> <span class='ocrx_word' id='word_1_415' title='bbox 1491 2296 1674 2348; x_wconf 89' lang='lat' dir='ltr'><strong>Omnia</strong></span> <span class='ocrx_word' id='word_1_416' title='bbox 1707 2296 1846 2347; x_wconf 84' lang='lat' dir='ltr'><strong>entia</strong></span> <span class='ocrx_word' id='word_1_417' title='bbox 1873 2294 2224 2361; x_wconf 83' lang='lat' dir='ltr'><strong>contingentia</strong></span> <span class='ocrx_word' id='word_1_418' title='bbox 2256 2295 2329 2348; x_wconf 91' lang='lat' dir='ltr'><strong>ni-</strong></span> 
     </span>
     <span class='ocr_line' id='line_1_79' title="bbox 1338 2368 2327 2434; baseline -0.001 -12"><span class='ocrx_word' id='word_1_419' title='bbox 1338 2370 1405 2422; x_wconf 91' lang='lat' dir='ltr'><strong>hil</strong></span> <span class='ocrx_word' id='word_1_420' title='bbox 1430 2378 1551 2422; x_wconf 89' lang='lat' dir='ltr'><strong>sunt</strong></span> <span class='ocrx_word' id='word_1_421' title='bbox 1569 2386 1632 2422; x_wconf 79' lang='lat' dir='ltr'><strong>ex</strong></span> <span class='ocrx_word' id='word_1_422' title='bbox 1657 2385 1731 2434; x_wconf 84' lang='lat' dir='ltr'><strong>se,</strong></span> <span class='ocrx_word' id='word_1_423' title='bbox 1752 2376 1802 2420; x_wconf 90' lang='lat' dir='ltr'><strong>et</strong></span> <span class='ocrx_word' id='word_1_424' title='bbox 1818 2375 1979 2421; x_wconf 90' lang='lat' dir='ltr'><strong>totam</strong></span> <span class='ocrx_word' id='word_1_425' title='bbox 2000 2368 2327 2421; x_wconf 85' lang='lat' dir='ltr'><strong>existentiam</strong></span> 
     </span>
     <span class='ocr_line' id='line_1_80' title="bbox 1337 2442 2329 2511; baseline -0.002 -15"><span class='ocrx_word' id='word_1_426' title='bbox 1337 2460 1483 2496; x_wconf 88' lang='lat' dir='ltr'><strong>suam</strong></span> <span class='ocrx_word' id='word_1_427' title='bbox 1528 2451 1636 2495; x_wconf 87' lang='lat' dir='ltr'><strong>tum</strong></span> <span class='ocrx_word' id='word_1_428' title='bbox 1681 2442 1848 2511; x_wconf 88' lang='lat' dir='ltr'><strong>quoad</strong></span> <span class='ocrx_word' id='word_1_429' title='bbox 1890 2442 2175 2509; x_wconf 85' lang='lat' dir='ltr'><strong>originem,</strong></span> <span class='ocrx_word' id='word_1_430' title='bbox 2218 2448 2329 2494; x_wconf 89' lang='lat' dir='ltr'><strong>tum</strong></span> 
     </span>
     <span class='ocr_line' id='line_1_81' title="bbox 1337 2515 2325 2586; baseline -0.001 -17"><span class='ocrx_word' id='word_1_431' title='bbox 1337 2517 1503 2586; x_wconf 83' lang='lat' dir='ltr'><strong>quoad</strong></span> <span class='ocrx_word' id='word_1_432' title='bbox 1532 2518 1858 2568; x_wconf 80' lang='lat' dir='ltr'><strong>durationem</strong></span> <span class='ocrx_word' id='word_1_433' title='bbox 1894 2517 1981 2567; x_wconf 89' lang='lat' dir='ltr'><strong>ab·</strong></span> <span class='ocrx_word' id='word_1_434' title='bbox 2009 2515 2141 2567; x_wconf 88' lang='lat' dir='ltr'><strong>Ente</strong></span> <span class='ocrx_word' id='word_1_435' title='bbox 2180 2531 2210 2567; x_wconf 87' lang='lat' dir='ltr'><strong>a</strong></span> <span class='ocrx_word' id='word_1_436' title='bbox 2249 2531 2325 2574; x_wconf 85' lang='lat' dir='ltr'><strong>se,</strong></span> 
     </span>
     <span class='ocr_line' id='line_1_82' title="bbox 1337 2589 2330 2656; baseline -0.001 -13"><span class='ocrx_word' id='word_1_437' title='bbox 1337 2592 1501 2652; x_wconf 91' lang='lat' dir='ltr'><strong>idest,</strong></span> <span class='ocrx_word' id='word_1_438' title='bbox 1550 2607 1579 2642; x_wconf 89' lang='lat' dir='ltr'><strong>a</strong></span> <span class='ocrx_word' id='word_1_439' title='bbox 1631 2590 1736 2642; x_wconf 90' lang='lat' dir='ltr'><strong>Deo</strong></span> <span class='ocrx_word' id='word_1_440' title='bbox 1790 2589 2013 2651; x_wconf 86' lang='lat' dir='ltr'><strong>habent3</strong></span> <span class='ocrx_word' id='word_1_441' title='bbox 2069 2589 2155 2656; x_wconf 88' lang='lat' dir='ltr'><strong>qui</strong></span> <span class='ocrx_word' id='word_1_442' title='bbox 2208 2604 2330 2656; x_wconf 84' lang='lat' dir='ltr'><strong>ergo</strong></span> 
     </span>
     <span class='ocr_line' id='line_1_83' title="bbox 1339 2662 2330 2733; baseline -0.003 -17"><span class='ocrx_word' id='word_1_443' title='bbox 1339 2681 1429 2733; x_wconf 85' lang='lat' dir='ltr'><strong>per</strong></span> <span class='ocrx_word' id='word_1_444' title='bbox 1453 2665 1732 2732; x_wconf 88' lang='lat' dir='ltr'><strong>potentiam</strong></span> <span class='ocrx_word' id='word_1_445' title='bbox 1761 2678 1929 2724; x_wconf 87' lang='lat' dir='ltr'><strong>suam,</strong></span> <span class='ocrx_word' id='word_1_446' title='bbox 1961 2677 2093 2730; x_wconf 88' lang='lat' dir='ltr'><strong>quae</strong></span> <span class='ocrx_word' id='word_1_447' title='bbox 2121 2662 2186 2714; x_wconf 90' lang='lat' dir='ltr'><strong>ab</strong></span> <span class='ocrx_word' id='word_1_448' title='bbox 2220 2663 2330 2714; x_wconf 89' lang='lat' dir='ltr'><strong>eius</strong></span> 
     </span>
     <span class='ocr_line' id='line_1_84' title="bbox 1338 2736 2326 2804; baseline -0.005 -13"><span class='ocrx_word' id='word_1_449' title='bbox 1338 2740 1560 2791; x_wconf 89' lang='lat' dir='ltr'><strong>essentia</strong></span> <span class='ocrx_word' id='word_1_450' title='bbox 1601 2737 1811 2789; x_wconf 82' lang='lat' dir='ltr'><strong>realiter</strong></span> <span class='ocrx_word' id='word_1_451' title='bbox 1848 2752 1947 2788; x_wconf 89' lang='lat' dir='ltr'><strong>non</strong></span> <span class='ocrx_word' id='word_1_452' title='bbox 1976 2736 2326 2804; x_wconf 85' lang='lat' dir='ltr'><strong>distinguitur,</strong></span> 
     </span>
     <span class='ocr_line' id='line_1_85' title="bbox 1337 2806 2332 2880; baseline -0.003 -15"><span class='ocrx_word' id='word_1_453' title='bbox 1337 2814 1580 2865; x_wconf 87' lang='lat' dir='ltr'><strong>continuo</strong></span> <span class='ocrx_word' id='word_1_454' title='bbox 1609 2811 1755 2863; x_wconf 89' lang='lat' dir='ltr'><strong>adest</strong></span> <span class='ocrx_word' id='word_1_455' title='bbox 1770 2811 1843 2862; x_wconf 87' lang='lat' dir='ltr'><strong>eis</strong></span> <span class='ocrx_word' id='word_1_456' title='bbox 1861 2808 1995 2880; x_wconf 78' lang='lat' dir='ltr'><strong>(tt).</strong></span> <span class='ocrx_word' id='word_1_457' title='bbox 2015 2806 2063 2878; x_wconf 88' lang='lat' dir='ltr'><strong>e)</strong></span> <span class='ocrx_word' id='word_1_458' title='bbox 2089 2808 2228 2861; x_wconf 88' lang='lat' dir='ltr'><strong>Deus</strong></span> <span class='ocrx_word' id='word_1_459' title='bbox 2253 2816 2332 2862; x_wconf 88' lang='lat' dir='ltr'><strong>est</strong></span> 
     </span>
     <span class='ocr_line' id='line_1_86' title="bbox 1339 2881 2330 2950; baseline -0.004 -12"><span class='ocrx_word' id='word_1_460' title='bbox 1339 2888 1551 2950; x_wconf 86' lang='lat' dir='ltr'><strong>veritas;</strong></span> <span class='ocrx_word' id='word_1_461' title='bbox 1584 2886 1779 2937; x_wconf 87' lang='lat' dir='ltr'><strong>veritas</strong></span> <span class='ocrx_word' id='word_1_462' title='bbox 1800 2890 1995 2944; x_wconf 86' lang='lat' dir='ltr'><strong>autem,</strong></span> <span class='ocrx_word' id='word_1_463' title='bbox 2021 2897 2153 2950; x_wconf 87' lang='lat' dir='ltr'><strong>quae</strong></span> <span class='ocrx_word' id='word_1_464' title='bbox 2174 2881 2330 2934; x_wconf 88' lang='lat' dir='ltr'><strong>etiam</strong></span> 
     </span>
     <span class='ocr_line' id='line_1_87' title="bbox 1337 2955 2332 3025; baseline -0.006 -12"><span class='ocrx_word' id='word_1_465' title='bbox 1337 2962 1482 3013; x_wconf 84' lang='lat' dir='ltr'><strong>iuxta</strong></span> <span class='ocrx_word' id='word_1_466' title='bbox 1513 2965 1747 3012; x_wconf 89' lang='lat' dir='ltr'><strong>nostrum</strong></span> <span class='ocrx_word' id='word_1_467' title='bbox 1788 2963 2094 3025; x_wconf 87' lang='lat' dir='ltr'><strong>conceptum</strong></span> <span class='ocrx_word' id='word_1_468' title='bbox 2140 2955 2332 3023; x_wconf 88' lang='lat' dir='ltr'><strong>simpli-</strong></span> 
     </span>
     <span class='ocr_line' id='line_1_88' title="bbox 1338 3031 2326 3099; baseline -0.007 -12"><span class='ocrx_word' id='word_1_469' title='bbox 1338 3036 1541 3087; x_wconf 86' lang='lat' dir='ltr'><strong>cissima</strong></span> <span class='ocrx_word' id='word_1_470' title='bbox 1571 3040 1649 3085; x_wconf 89' lang='lat' dir='ltr'><strong>cst</strong></span> <span class='ocrx_word' id='word_1_471' title='bbox 1678 3047 1772 3084; x_wconf 87' lang='lat' dir='ltr'><strong>nec</strong></span> <span class='ocrx_word' id='word_1_472' title='bbox 1799 3031 2020 3099; x_wconf 89' lang='lat' dir='ltr'><strong>spatium</strong></span> <span class='ocrx_word' id='word_1_473' title='bbox 2045 3042 2326 3096; x_wconf 84' lang='lat' dir='ltr'><strong>occupans,</strong></span> 
     </span>
     <span class='ocr_line' id='line_1_89' title="bbox 1340 3101 2331 3172; baseline -0.008 -12"><span class='ocrx_word' id='word_1_474' title='bbox 1340 3122 1434 3160; x_wconf 88' lang='lat' dir='ltr'><strong>nee</strong></span> <span class='ocrx_word' id='word_1_475' title='bbox 1465 3108 1573 3158; x_wconf 87' lang='lat' dir='ltr'><strong>loeo</strong></span> <span class='ocrx_word' id='word_1_476' title='bbox 1601 3105 2012 3172; x_wconf 87' lang='lat' dir='ltr'><strong>circumscripta,</strong></span> <span class='ocrx_word' id='word_1_477' title='bbox 2043 3102 2231 3169; x_wconf 79' lang='lat' dir='ltr'><strong>ubique</strong></span> <span class='ocrx_word' id='word_1_478' title='bbox 2254 3101 2331 3153; x_wconf 83' lang='lat' dir='ltr'><strong>lu·</strong></span> 
     </span>
     <span class='ocr_line' id='line_1_90' title="bbox 1337 3175 2330 3247; baseline -0.007 -13"><span class='ocrx_word' id='word_1_479' title='bbox 1337 3188 1419 3234; x_wconf 87' lang='lat' dir='ltr'><strong>cet</strong></span> <span class='ocrx_word' id='word_1_480' title='bbox 1446 3181 1619 3233; x_wconf 91' lang='lat' dir='ltr'><strong>nobis:</strong></span> <span class='ocrx_word' id='word_1_481' title='bbox 1650 3192 1924 3247; x_wconf 89' lang='lat' dir='ltr'><strong>supremus</strong></span> <span class='ocrx_word' id='word_1_482' title='bbox 1953 3175 2235 3245; x_wconf 85' lang='lat' dir='ltr'><strong>Legislator</strong></span> <span class='ocrx_word' id='word_1_483' title='bbox 2273 3190 2330 3228; x_wconf 91' lang='lat' dir='ltr'><strong>u-</strong></span> 
     </span>
    </p>
   </div>
   <div class='ocr_carea' id='block_1_8' title="bbox 1380 3323 2184 3541">
    <p class='ocr_par' dir='ltr' id='par_1_11' title="bbox 1398 3323 1592 3368">
     <span class='ocr_line' id='line_1_91' title="bbox 1398 3323 1592 3368; baseline -0.01 -10"><span class='ocrx_word' id='word_1_484' title='bbox 1398 3323 1433 3368; x_wconf 90' lang='lat'><strong>7)</strong></span> <span class='ocrx_word' id='word_1_485' title='bbox 1457 3323 1535 3357; x_wconf 82' lang='lat' dir='ltr'>Lib.</span> <span class='ocrx_word' id='word_1_486' title='bbox 1562 3324 1592 3357; x_wconf 83' lang='lat'><strong>1.</strong></span> 
     </span>
    </p>

    <p class='ocr_par' dir='ltr' id='par_1_12' title="bbox 1396 3367 1598 3410">
     <span class='ocr_line' id='line_1_92' title="bbox 1396 3367 1598 3410; baseline -0.01 -8"><span class='ocrx_word' id='word_1_487' title='bbox 1396 3367 1431 3406; x_wconf 73' lang='lat'><strong>8)</strong></span> <span class='ocrx_word' id='word_1_488' title='bbox 1457 3369 1539 3410; x_wconf 87' lang='lat' dir='ltr'><strong>Cap.</strong></span> <span class='ocrx_word' id='word_1_489' title='bbox 1565 3367 1598 3400; x_wconf 79' lang='lat'><strong>2.</strong></span> 
     </span>
    </p>

    <p class='ocr_par' dir='ltr' id='par_1_13' title="bbox 1380 3410 1616 3454">
     <span class='ocr_line' id='line_1_93' title="bbox 1380 3410 1616 3454; baseline -0.008 -9"><span class='ocrx_word' id='word_1_490' title='bbox 1380 3411 1430 3454; x_wconf 76' lang='lat'><strong>(9)</strong></span> <span class='ocrx_word' id='word_1_491' title='bbox 1456 3411 1538 3452; x_wconf 75' lang='lat' dir='ltr'><strong>Cap.</strong></span> <span class='ocrx_word' id='word_1_492' title='bbox 1564 3410 1616 3444; x_wconf 80' lang='lat'><strong>16.</strong></span> 
     </span>
    </p>

    <p class='ocr_par' dir='ltr' id='par_1_14' title="bbox 1396 3446 2184 3541">
     <span class='ocr_line' id='line_1_94' title="bbox 1397 3446 2117 3500; baseline -0.004 -11"><span class='ocrx_word' id='word_1_493' title='bbox 1397 3454 1454 3500; x_wconf 86' lang='lat'><strong>10)</strong></span> <span class='ocrx_word' id='word_1_494' title='bbox 1478 3455 1556 3489; x_wconf 87' lang='lat' dir='ltr'><strong>Lib.</strong></span> <span class='ocrx_word' id='word_1_495' title='bbox 1582 3454 1616 3495; x_wconf 85' lang='lat'><strong>7,</strong></span> <span class='ocrx_word' id='word_1_496' title='bbox 1639 3462 1718 3497; x_wconf 75' lang='lat' dir='ltr'><strong>cap,</strong></span> <span class='ocrx_word' id='word_1_497' title='bbox 1745 3451 1796 3488; x_wconf 77' lang='lat'><strong>30.</strong></span> <span class='ocrx_word' id='word_1_498' title='bbox 2098 3446 2117 3469; x_wconf 60' lang='lat'>⁸</span> 
     </span>
     <span class='ocr_line' id='line_1_95' title="bbox 1396 3492 2184 3541; baseline -0.009 -7"><span class='ocrx_word' id='word_1_499' title='bbox 1396 3498 1453 3540; x_wconf 84' lang='lat'><strong>11)</strong></span> <span class='ocrx_word' id='word_1_500' title='bbox 1479 3499 1519 3534; x_wconf 89' lang='lat' dir='ltr'><strong>V.</strong></span> <span class='ocrx_word' id='word_1_501' title='bbox 1544 3498 1609 3533; x_wconf 83' lang='lat' dir='ltr'><strong>Tli.</strong></span> <span class='ocrx_word' id='word_1_502' title='bbox 1635 3507 1718 3541; x_wconf 78' lang='lat' dir='ltr'><strong>gen.</strong></span> <span class='ocrx_word' id='word_1_503' title='bbox 1745 3492 1770 3541; x_wconf 74' lang='lat' dir='ltr'>S</span> <span class='ocrx_word' id='word_1_504' title='bbox 1793 3495 1845 3531; x_wconf 78' lang='lat'><strong>28.</strong></span> <span class='ocrx_word' id='word_1_505' title='bbox 2180 3510 2184 3514; x_wconf 60' lang='lat'>&gt;</span> 
     </span>
    </p>
   </div>
  </div>
 </body>
</html>
