2332 3860
62 125 109 194 ξεί

61 199 105 233 ⁷²
226 187 236 193 ᾗ
672 210 788 248 mas
825 210 896 249 ιιι.
939 210 1104 249 scorto
1140 210 1197 249 ιι.
1240 209 1392 248 οΑιηιτ
1429 211 1467 248 ι.

31 275 127 363 -Jln
167 283 516 362 via'm'salutis
554 290 801 345 reducere
846 299 1063 345 conatus

70 377 170 440 est,
195 363 347 423 ita'ut
387 371 767 420 murmurantes
804 364 1061 419 Pharisaei

57 444 329 498 *dicei-ent:
371 440 465 494 Hic
504 447 772 509 peccatores
811 441 982 509 recipit
1019 448 1062 492 et

49 516 328 573 *manducat
365 530 475 568 cum
532 512 632 566 illis
690 511 786 584 (i).
847 513 1062 566 Divinus

63 597 244 659 ‘autem
287 584 594 656 Redemptor
651 587 750 640 illis
796 588 1058 655 reposuit:

67 661 188 719 ⁸‘Non
226 671 377 731 eqent,
418 663 506 731 qui
542 662 653 714 sani
689 670 823 723 sunt,
865 662 1061 729 medica,

60 738 153 804 ‘sed
190 737 276 808 qui
312 736 438 789 male
478 736 664 788 habent.
692 736 806 788 Non
844 737 953 787 veni
992 751 1065 788 vo-

65 823 182 885 ,care
222 817 369 864 iustos
396 811 479 863 sed
503 818 765 878 peccatores
803 809 866 862 ad
899 811 1063 878 poeni-

68 886 270 939 tentiam
299 883 396 956 (ᾖ).
414 885 753 938 —Eximiam
781 884 913 936 hanc
941 900 1062 951 erga

65 966 365 1030 peccatores
393 959 692 1011 charitatem
729 958 961 1011 Christus
990 957 1063 1009 lu-

74 1033 420 1087 culentissime
460 1034 702 1094 ostendit,
747 1033 869 1084 dum
910 1048 1061 1100 supra

68 1107 264 1162 :fontem
296 1107 441 1160 iacob
469 1107 653 1160 sedens
679 1107 945 1160 mulierem
975 1106 1063 1158 Sa-

72 1184 378 1236 maritanam
430 1183 720 1249 expectavit
768 1188 818 1233 et
856 1195 1066 1233 conver-

75 1257 162 1321 tit3
206 1272 302 1324 qua
343 1258 608 1308 occasione
650 1256 952 1307 mirantibus
992 1256 1066 1307 di-

67 1330 283 1398 scipulis
323 1330 466 1381 dixit:
511 1331 650 1382 Meus
690 1329 821 1382 cibus
860 1338 957 1391 est,
1013 1337 1065 1381 ‘ut

66 1405 253 1473 'faciam
293 1404 574 1457 voluntatem
629 1404 764 1463 eius,
808 1404 896 1472 qui
933 1403 1066 1455 misit

66 1494 185 1537 me,
228 1486 280 1530 ut
328 1479 579 1548 perficiam
638 1494 754 1546 opus
810 1478 912 1529 eius
964 1477 1061 1547 (5).

73 1552 267 1616 Quibus
307 1554 475 1605 verbis
510 1569 634 1621 opus
677 1552 1067 1620 praedicationis

75 1633 127 1679 et
182 1626 543 1694 redemptionis
598 1627 861 1679 hominum
920 1632 1067 1678 vocat

74 1716 252 1761 suum,
296 1702 342 1752 id
386 1707 487 1761 est,
531 1702 623 1753 sibi
667 1702 922 1769 proprium
950 1701 1067 1753 sibi-

75 1791 173 1844 que
213 1777 574 1827 suavissimum
612 1776 799 1842 cibum,
840 1776 954 1843 quia
983 1776 1067 1827 illo

75 1850 218 1902 velut
246 1850 356 1901 cibo
378 1850 736 1903 delicatissimo
764 1851 1068 1918 pascebatur

75 1931 127 1976 et
167 1923 538 1978 delectabatur.

150 1998 204 2052 5.
240 1997 498 2051 Christum
538 1998 820 2051 doctrinam
860 1998 1070 2050 sanctis-

77 2073 256 2125 simam
298 2079 349 2124 et
387 2074 869 2126 excellentissimam
911 2073 1068 2125 homi-

77 2147 228 2199 nibus
266 2149 616 2216 annuntiasse,
658 2149 757 2199 iam
796 2148 914 2199 alibi
958 2164 1068 2215 pro-

77 2221 253 2274 batum
311 2227 389 2273 est
446 2220 542 2291 (lt).
604 2220 887 2274 Coelestem
947 2238 1067 2273 vero

77 2294 211 2350 hanc
250 2294 533 2348 doctrinam
576 2296 727 2348 etiam
769 2296 917 2349 modo
963 2312 1068 2348 ma·

77 2370 214 2422 xime
255 2372 503 2422 concinno
544 2372 822 2438 proposuit,
867 2377 917 2422 et
958 2378 1068 2422 tan-

78 2451 183 2496 tam
224 2445 273 2495 in
311 2445 536 2497 docendo
563 2445 795 2497 exhibuit
832 2444 1070 2513 eloquen-

78 2518 179 2570 tiae
218 2519 321 2570 vim
362 2527 412 2572 et
467 2519 664 2571 dicendi
723 2520 1064 2578 suavitatem,

78 2598 136 2644 ut
173 2607 351 2646 omnes
389 2594 440 2645 in
482 2594 559 2645 sui
615 2601 816 2659 raperet
855 2594 1070 2647 admira-

77 2667 287 2721 tionem.
337 2664 540 2735 Legitur
578 2667 733 2719 enim:
768 2666 968 2719 Docebat
993 2683 1070 2718 eos

77 2748 133 2792 in
169 2739 430 2810 Synayopis
480 2756 666 2802 eorum,
710 2742 778 2793 ita
830 2749 882 2793 ut
921 2742 1070 2794 mira-

78 2822 252 2866 rentur
300 2823 343 2867 ct
393 2815 640 2867 dicerent:
684 2815 807 2867 unde
847 2815 958 2867 huic
996 2832 1070 2867 sa-

76 2889 259 2957 pientia
279 2888 428 2941 haec?
449 2887 546 2959 (ὅ).
574 2919 645 2927 -
667 2888 838 2941 Omnes
861 2890 1067 2942 testimo-

77 2963 296 3015 monium
335 2962 412 3014 itti
450 2963 644 3022 dabant,
687 2971 729 3015 et
756 2963 1069 3015 mirabantur

78 3037 132 3089 in
170 3037 322 3091 verbis
348 3037 556 3104 aretine,
599 3053 722 3105 quae
758 3038 1067 3106 procedebant

78 3111 136 3163 de
172 3127 255 3163 ore
293 3111 445 3180 ipsius
479 3108 576 3182 (6).
622 3111 836 3163 Ministri
877 3128 906 3164 a
946 3110 1070 3164 Pon-

79 3183 299 3239 tificibus
354 3184 417 3237 ad
457 3185 760 3253 capiendum
810 3184 1069 3241 Christum

81 3259 247 3322 missi,
288 3275 439 3329 quem
498 3259 877 3327 praedicantem
926 3261 1068 3314 inve-

80 3339 288 3396 nerunt,
332 3333 570 3387 facundia
597 3340 649 3387 et
686 3334 938 3389 suavitate
966 3351 1070 3388 ser-

141 3491 178 3569 g)
200 3492 288 3570 {tucn
312 3493 367 3534 15,
391 3493 445 3529 12.

216 3546 296 3571 oan.
329 3538 362 3580 4,
387 3538 441 3573 34.

125 3580 158 3625 (Ι.
200 3581 270 3619 Tu.
295 3591 417 3626 gener.
441 3582 467 3629 s
492 3583 566 3628 122,
592 3584 669 3621 125.

768 3493 818 3540 (2)
841 3495 929 3535 Luc.
946 3495 979 3540 δ,
1003 3495 1055 3532 31.

1927 198 2034 253 525

1124 305 1333 346 monum
1369 291 1528 360 ipsius
1576 292 1648 347 ita
1684 293 1820 362 capti
1859 303 2011 359 sunt,
2053 304 2108 350 ut

1122 366 1346 419 eundem
1379 365 1632 432 attingere
1683 383 1784 420 non
1830 369 2106 427 auderent.

1123 447 1174 493 et
1235 438 1563 494 Pontificibus
1604 433 1616 445 ⁵
1638 440 2104 508 interrogantibus:

1123 529 1275 583 quare
1322 529 1419 566 non
1469 513 1745 567 adduxistis
1795 515 1968 569 illum?
2006 525 2109 571 stu·

1126 594 1302 656 pentes
1329 587 1713 655 responderent:
1746 588 2017 659 Nunquam
2046 593 2110 644 sic

1125 662 1310 715 locutus
1348 669 1415 714 est
1442 661 1580 713 homo
1599 661 1722 714 sicut
1749 662 1825 715 hic
1846 664 1982 717 bomo
2010 663 2107 736 (7).

1198 737 1250 789 lt.
1295 735 1528 788 Christus
1567 735 1708 788 nulla
1748 735 1920 790 habita
1949 755 2113 807 perso-

1126 825 1308 863 narum
1347 811 1561 876 ratione,
1596 809 1753 863 libere
1774 816 1826 863 et
1863 812 2112 881 intrepide

1124 883 1239 937 fidei
1296 884 1536 936 veritates
1593 890 1646 936 et
1702 900 1901 938 morum
1962 886 2115 939 docu-

1128 965 1298 1010 menta
1351 958 1680 1026 praedicavit.
1744 959 1889 1013 Hanc
1925 960 2116 1013 dicendi

1126 1031 1424 1093 libertatem,
1485 1047 1617 1101 quae
1672 1035 1779 1086 veri
1841 1034 2116 1102 prophetae

1128 1108 1413 1159 necessaria
1455 1106 1543 1159 dos
1571 1113 1667 1166 est,
1711 1108 1803 1176 ipsi
1844 1108 2034 1164 inimici
2063 1109 2114 1161 in

1126 1180 1324 1233 Ghristo
1364 1187 1704 1252 agnoverunt.
1747 1182 1985 1251 Maqister
2028 1184 2117 1235 sci-

1126 1271 1260 1317 mus,
1303 1258 1419 1323 quia
1459 1271 1608 1308 veroa:
1656 1271 1729 1316 ea,
1785 1263 1829 1308 et
1866 1256 1996 1309 viam
2029 1256 2117 1309 Dei

1128 1333 1179 1381 in
1225 1330 1419 1381 veritate
1463 1329 1595 1381 doces
1620 1347 1643 1392 ;
1688 1336 1731 1380 et
1781 1346 1878 1382 non
1925 1338 1990 1383 est
2030 1330 2116 1383 tibi

1127 1419 1246 1456 cura
1297 1404 1352 1455 de
1389 1403 1580 1471 aliquo,
1641 1420 1737 1455 non
1793 1405 1924 1456 enim
1969 1406 2119 1473 respi-

1127 1479 1194 1530 cis
1214 1494 1469 1547 personam
1499 1477 1747 1530 hominum
1770 1473 1844 1549 (8)
1874 1507 1947 1519 —-
1975 1479 2119 1532 Hanc

1128 1554 1369 1605 orationis
1419 1553 1703 1605 libertatem
1751 1553 2119 1607 demonstravit

1130 1628 1245 1679 data
1304 1627 1530 1696 qualibet
1586 1627 1890 1689 occasione,
1945 1643 2121 1697 quam·

1132 1704 1207 1754 vis
1248 1718 1453 1767 eorum,
1502 1717 1717 1770 quorum
1766 1703 1887 1754 vitia
1939 1717 2119 1772 argue·

1132 1777 1250 1843 bat,
1290 1776 1403 1828 odia
1450 1783 1501 1828 et
1548 1778 1924 1844 persecutiones
1977 1792 2121 1846 prae-

1131 1851 1346 1902 videret.
1410 1849 1483 1901 lta
1530 1850 1782 1918 intrepide
1827 1850 2121 1904 Scribarum

1130 1931 1180 1976 et
1223 1922 1627 1990 Pharisaeorum,
1655 1925 1738 1990 qui
1773 1940 1957 1993 magna
1999 1932 2122 1978 tunc

1130 1998 1264 2066 apud
1306 1998 1550 2068 populum
1607 2000 1911 2051 auctoritate
1971 1999 2123 2068 polle-

1133 2077 1281 2133 bant,
1326 2073 1446 2124 vitia
1489 2073 1798 2140 increpavit,
1842 2079 1996 2142 atque
2054 2074 2124 2126 su-

1130 2147 1367 2214 giendam
1419 2163 1531 2198 esse
1577 2158 1753 2199 eorum
1806 2147 2121 2217 hypocrisin,

1130 2222 1459 2274 ambitionem
1480 2228 1579 2273 etc.
1607 2221 1805 2289 publice
1826 2223 1997 2275 docuit
2021 2221 2118 2293 (9).

1135 2296 1192 2347 Et
1214 2297 1450 2365 quamvis
1478 2296 1770 2347 carnalibus
1799 2295 1998 2349 Iudaeis
2025 2297 2124 2350 dis-

1134 2371 1598 2437 pliceret‚attamen
1621 2370 1977 2436 humilitatem,
2001 2387 2123 2439 pau-

1134 2451 1399 2512 pertatem,
1440 2459 1612 2496 rerum
1641 2450 1963 2499 terrenarum
2002 2461 2123 2498 con-

1134 2525 1422 2586 temptum,
1490 2519 1660 2586 iugem
1719 2519 2122 2573 inordinatarum

1134 2594 1423 2661 passionum
1480 2593 1894 2660 abnegationem,
1942 2594 2122 2663 suique

1135 2666 1573 2720 mortificationem
1599 2669 1887 2736 praecipere
1918 2674 1971 2722 et
1990 2683 2124 2722 com·

1132 2743 1375 2794 mendare
1416 2757 1516 2793 non
1558 2741 1767 2795 destitit.

1206 2817 1255 2869 5.
1301 2812 1533 2873 Christus
1573 2817 1624 2867 in
1654 2830 1865 2868 munere
1905 2815 2120 2885 propbe-

1131 2891 1230 2944 tico
1269 2890 1558 2943 exercendo
1609 2891 1861 2958 insignem
1902 2890 2122 2958 pruden-

1132 2967 1254 3018 tiam
1312 2965 1674 3017 manifestavit.
1738 2963 1845 3017 lam
1902 2965 2025 3020 dum
2065 2973 2123 3020 ut

1133 3055 1256 3109 puer
1295 3039 1561 3093 duodecim
1599 3053 1850 3091 annorum
1899 3039 1952 3092 in
1999 3046 2122 3094 tem·

1133 3115 1212 3183 plo
1251 3113 1452 3166 sederet
1489 3114 1540 3165 in
1597 3113 1764 3167 medio
1815 3113 2077 3172 doctorum
2105 3155 2119 3178 ‚

1130 3189 1344 3240 audiens
1383 3187 1497 3241 illos
1549 3193 1601 3240 et
1637 3187 1962 3256 interrogans
2001 3205 2116 3251 θος,

1129 3261 1447 3330 stupebant...
1491 3277 1686 3325 omnes,
1741 3263 1829 3330 qui
1872 3278 1983 3316 eum
2028 3279 2118 3316 au-

1130 3336 1339 3396 diebant,
1379 3352 1525 3405 super
1545 3336 1809 3406 prudent-ia
1847 3344 1891 3391 et
1927 3353 2120 3407 respon-

1173 3495 1210 3538 (5
1249 3497 1372 3531 Matth.
1398 3495 1452 3536 13,
1478 3495 1534 3533 54.

1189 3542 1210 3575 6
1246 3542 1332 3575 Luc.
1359 3540 1391 3582 4,
1412 3541 1464 3575 22.

1770 3539 1823 3585 (vi
1846 3542 1945 3574 man.
1971 3538 2005 3581 -ι,
2031 3538 2083 3575 ta

1189 3584 1227 3631 8)
1250 3584 1376 3623 natm.
1398 3586 1454 3630 τε,
1478 3585 1533 3622 ιιι.

1775 3584 1828 3630 (9)
1855 3585 1978 3620 Matth-
2007 3583 2064 3620 2³.
