2332 3860
258 127 368 180 20⁰

178 225 307 294 quit.
350 215 481 277 Cum
519 223 661 276 enim
718 222 897 276 omnia
961 223 1011 275 in
1073 220 1178 282 Deo

175 298 377 352 infinita
418 297 541 359 sint,
586 298 750 351 etiam
793 298 1172 365 processiones,

174 372 453 426 relationes
492 378 544 424 et
585 387 836 439 personas
878 371 1009 423 tales
1067 387 1178 424 esse

174 453 406 514 oportet,
436 452 494 498 ut
520 462 549 498 a
578 453 753 498 mente
779 445 923 498 finita
946 461 1178 514 compre-

140 514 330 584 {hendi
379 527 659 588 nequeant.

140 585 157 662 ῗ,
250 592 405 647 Nola.
450 593 755 663 Mysterium
807 593 1073 646 Trinitatis
1106 610 1174 649 ,ex

174 668 282 721 sola
307 669 505 720 ratione
527 668 866 721 demonstrari
894 683 1059 734 posse,
1090 684 1180 734 pu-

140 748 353 795 ?tarunt
393 741 567 793 Petrus
610 741 912 794 Abae'lardus
960 747 1010 792 et
1053 741 1178 810 Ray-

141 817 387 868 'munclus
425 814 619 867 Luticia.
680 816 919 884 Eiusdem
970 823 1177 867 senten-

176 892 278 943 tiae
316 896 438 943 sunt
467 889 699 941 nonnulli
732 891 1066 950 recentioreS,
1091 890 1173 959 qui

176 964 348 1016 omnia
391 965 635 1032 mysteria
673 979 699 1014 e
742 963 1006 1030 Religione
1038 979 1179 1015 reve-

177 1038 280 1091 lata
320 1053 623 1106 expungere
666 1044 890 1090 tentant.
923 1037 1062 1101 Quae
1088 1054 1178 1090 no-

176 1112 255 1164 bis
294 1112 540 1164 obiiciunt
568 1111 716 1163 facile
756 1111 1048 1163 solvuntur.

254 1184 360 1238 Obi.
390 1186 467 1238 Η
498 1185 787 1252 Philosophi
815 1186 1036 1253 gentiles
1070 1185 1175 1238 sola

178 1260 379 1311 ratione
445 1275 554 1311 esse
607 1260 659 1319 in
720 1259 826 1311 Deo
875 1259 1173 1311 Trinitatem

180 1339 526 1400 agnoverunt.
587 1331 799 1386 Celebre
855 1341 933 1385 cst
984 1334 1177 1385 dictum

180 1406 428 1459 Mercurii
471 1405 794 1474 Trismeqisli:
833 1427 854 1455 «
888 1407 1064 1459 il‘loiias
1091 1424 1176 1475 gc-

179 1479 292 1533 nuit
335 1480 627 1542 monadem,
661 1488 712 1532 ct
753 1483 803 1533 in
832 1498 886 1532 sc
922 1497 1074 1533 suum
1104 1498 1177 1532 re-

179 1553 323 1606 ssexit
350 1555 607 1607 ardorem.
632 1574 658 1603 »
690 1554 745 1605 In
775 1554 1033 1607 Zoroastri
1068 1572 1178 1607 ora-

180 1627 310 1680 culis
349 1630 563 1695 magicis
605 1628 732 1680 haec
788 1629 942 1681 verba
997 1630 1175 1695 legun-

180 1709 282 1753 tur:
334 1722 356 1751 «
402 1702 456 1753 ln
501 1708 606 1754 toto
650 1702 840 1755 mundo
883 1703 1176 1770 resplendet

175 1775 428 1837 Trinitas,
473 1778 619 1827 cuius
666 1777 836 1828 unitas
877 1784 955 1828 est
996 1778 1177 1844 princi-

183 1850 344 1907 pium.
409 1868 435 1897 »
497 1848 835 1916 Pylhaqoraei
903 1865 1177 1903 numerum

184 1922 480 1975 Ternarium
520 1930 926 1985 sacrosanctum,
951 1931 1002 1975 et
1032 1932 1176 1976 nalu-

179 2013 268 2048 rae
309 1997 613 2065 mysterium
674 1998 1055 2050 existimarunt..
1103 1999 1175 2051 lta

178 2071 371 2138 pariter
411 2071 462 2121 in
504 2068 778 2131 Aristotele,
810 2087 870 2123 ac
905 2074 1175 2140 praecipue

180 2145 232 2195 in
275 2144 481 2196 Platone
540 2144 772 2196 doctrina
813 2145 874 2196 de
930 2162 1029 2198 uno
1071 2147 1175 2198 Deo

179 2223 232 2270 et
271 2218 433 2271 tribus
469 2219 698 2285 personis
739 2219 925 2270 divinis
974 2221 1173 2272 inveni-

180 2296 305 2343 tur:
360 2291 489 2344 baec
539 2308 660 2359 ergo
713 2308 778 2344 ex
830 2293 937 2345 sola
980 2295 1176 2347 ratione

181 2366 420 2431 cognosci
461 2372 513 2417 et
555 2366 752 2432 probari
798 2375 982 2433 potest.

254 2438 395 2508 Resp.
439 2438 517 2491 Ad
559 2441 693 2491 hanc
719 2441 1059 2494 obiectionem
1086 2442 1176 2494 du-

183 2512 299 2580 plex
340 2514 603 2582 responsio
644 2513 816 2568 datur.
857 2514 906 2586 a)
936 2516 1175 2568 Nonnulli

185 2594 397 2670 negant,
445 2588 779 2656 philosophos
819 2591 1041 2656 gentiles
1092 2607 1177 2658 ge-

184 2661 393 2713 nuinam
434 2662 496 2712 de
536 2661 786 2714 Trinitate
828 2665 1057 2716 notitiam
1088 2664 1177 2716 lia-

182 2734 372 2787 buisse.
415 2735 545 2787 Nam
587 2735 784 2788 dictum
839 2736 1171 2806 Trismeyisti,

186 2813 243 2858 ut
283 2807 394 2860 vult
433 2808 490 2861 S.
540 2809 747 2862 Thomas
775 2808 872 2881 (l):
910 2831 934 2858 «
966 2811 1074 2863 Non
1101 2818 1178 2863 est

183 2880 510 2933 referendum
539 2883 601 2934 ad
627 2885 1015 2948 generationem
1038 2884 1172 2946 Filii,

184 2953 266 3005 vel
310 2961 685 3022 processionem
725 2958 945 3026 Spiritus
984 2958 1177 3026 Sancti,

183 3027 271 3079 sed
312 3027 376 3080 ad
418 3029 805 3095 productionem
832 3033 1032 3097 mundi3
1059 3049 1176 3084 nam

186 3117 320 3154 unus
360 3100 497 3153 Deus
537 3105 779 3171 produxit
818 3122 977 3158 unum
1032 3123 1179 3158 mun-

54 3218 60 3226 s
98 3218 104 3220 ,
187 3174 307 3227 dum
350 3182 556 3243 propter
586 3179 660 3228 sui
694 3181 849 3246 ipsius
876 3196 1124 3233 amorem
1149 3201 1175 3230 »

184 3247 292 3301 lmo
308 3249 500 3316 scripta
530 3249 833 3319 Trismcqisci
860 3256 1180 3324 supposititia

166 3337 322 3381 ·,esse
365 3337 484 3374 cum
523 3321 708 3375 Huetio
735 3327 817 3378 alii
871 3330 1033 3381 critici
1064 3344 1181 3381 con-

187 3395 442 3449 tendunt:
497 3395 630 3448 idem
672 3397 945 3455 dicendum
1002 3410 1080 3456 est
1118 3403 1181 3456 de

234 3494 288 3540 (1)
311 3496 342 3539 1,
362 3504 402 3537 α.
427 3495 482 3534 38,
509 3501 577 3534 art.
602 3495 636 3534 1.
658 3498 716 3533 ad.
743 3497 775 3534 1.

886 142 950 180 m!
988 142 1082 181 ΠΕΟ
1119 141 1181 179 ΙΝ-
1206 140 1265 180 SE
1301 140 1565 181 secerno.

1243 222 1754 279 oraculisZoroastri.
1771 221 2115 276 Doctissimus
2149 255 2153 258 <
2235 221 2245 239 ¹
2280 278 2318 299 ,ἢ

1240 296 1937 357 dinalisBessarionmonuit
1957 297 2261 373 doctrinam
2326 337 2332 370 3

1241 370 1550 430 Aristotelis,
1576 371 1800 427 Platonis
1816 379 1868 424 et
1883 371 2100 424 aliorum
2122 382 2248 441 gen·
2282 418 2325 443 ,ξ

1242 445 1408 497 tilium
1449 444 1513 498 de
1537 443 1801 498 Trinitate
1830 461 1859 498 a
1892 446 2131 513 dogmate
2157 421 2332 531 cei-{³}

1243 518 1430 571 tholico
1459 533 1558 573 non
1590 534 1773 587 parum
1798 519 2021 572 differre.
2054 519 2100 589 b)
2141 519 2240 577 Alii
2263 526 2332 597 25}

1242 608 1363 646 vero
1414 593 1724 654 admittunt,
1779 594 1998 661 vestigia
2038 593 2101 646 de
2139 593 2293 647 fide
2278 611 2332 658 ,3

1242 666 1289 718 in
1312 666 1472 719 Deum
1495 681 1656 719 unum
1676 673 1727 719 et
1750 668 1940 720 trinum
1965 675 2072 720 tum
2102 667 2239 734 apud
2274 663 2287 694 *⁵
2316 663 2327 668 ”

1243 741 1606 809 philosopliOS‚
1655 748 1765 794 tum
1818 739 1953 808 apud
2002 741 2239 808 profanas

1239 822 1420 883 gentes
1460 815 1721 883 inveniri3
1767 814 1902 867 hanc
1950 831 2073 867 vero
2110 817 2272 867 noti-'

1242 889 1364 940 tiam
1385 889 1651 941 Trinitatis
1680 905 1779 941 non
1810 906 1875 941 ex
1904 891 2123 950 ratione,
2148 889 2238 948 sed
2309 894 2332 944 ,ἶ

1240 978 1305 1016 ex
1348 963 1661 1015 revelatione
1715 964 1823 1016 sive
1863 964 2085 1029 scripta,
2129 965 2238 1016 sive
2320 1024 2325 1025 ⁷

1240 1053 1327 1089 ore
1350 1044 1502 1089 tenus
1524 1038 1712 1090 tradita
1741 1037 2071 1104 repetendam
2099 1053 2232 1090 esse.
2283 1067 2293 1072 -
2325 1035 2332 1037 ’

1240 1110 1542 1179 Mysterium
1585 1115 1721 1163 enim
1757 1111 2019 1164 Trinitatis
2059 1112 2158 1163 iam
2186 1113 2238 1165 in

1239 1184 1291 1236 S.
1335 1184 1600 1253 Scriptura
1641 1185 1704 1238 V.
1749 1184 1805 1238 T.
1864 1186 2193 1251 indigitatum
2221 1227 2233 1248 ,

1240 1266 1291 1310 et
1328 1259 1517 1311 clarius
1573 1259 1883 1312 patriarchis
1946 1259 2238 1311 manifesta·

1242 1339 1347 1383 tum
1390 1334 1512 1394 fuit,
1557 1335 1641 1402 qui
1684 1340 1949 1400 acceptam
1991 1333 2237 1386 divinitus

1242 1408 1473 1458 notitiam
1510 1407 1575 1458 ad
1605 1415 1833 1475 posteros
1865 1414 2232 1475 propagarunt,

1239 1481 1373 1548 apud
1434 1497 1560 1549 quos
1595 1475 1862 1550 'equidem
1924 1480 2237 1547 pedetentim

1239 1563 1506 1622 corrupta,
1551 1555 1640 1606 sed
1683 1572 1782 1607 non
1827 1555 2030 1622 penitus
2069 1557 2250 1607 extin-

1239 1635 1319 1680 cta
1362 1630 1475 1681 suit.
1521 1627 1732 1681 Constat
1786 1644 1967 1697 porro,
2014 1628 2233 1697 philoso-
2270 1632 2298 1662 ⁴

1241 1703 1365 1769 phos
1406 1704 1590 1755 itinera
1631 1703 1913 1755 instituisse
1941 1744 1952 1763 ,
2009 1709 2061 1755 et
2118 1719 2237 1756 cum

1241 1777 1484 1828 Hebraeis
1498 1784 1832 1829 conversatos
1855 1792 1987 1837 esse,
2005 1793 2034 1828 a
2051 1777 2235 1845 quibus
2275 1795 2300 1810 “

1242 1851 1468 1917 puriores
1529 1851 1734 1902 notitias
1786 1851 2083 1902 hauxerunt
2132 1849 2231 1922 (⁸2).

1313 1922 1419 1976 Oba.
1467 1925 1549 1975 :23²
1601 1923 1719 1976 Sola
1781 1926 1908 1976 ratio
1950 1925 2231 1993 perspicit,

1240 1996 1400 2049 Deum
1446 1998 1734 2051 necessario
1775 1999 1998 2066 seipsum
2047 2015 2235 2067 cogno-

1239 2087 1382 2123 scere
1422 2080 1471 2123 et
1512 2088 1715 2133 amare,
1760 2079 1914 2141 atque
1968 2072 2079 2124 ideo
2124 2089 2233 2141 pro-

1240 2146 1426 2198 ducere
1476 2147 1740 2205 Verbum,
1801 2163 1891 2198 seu
1953 2147 2234 2215 imaginem

1239 2220 1331 2271 sibi
1354 2220 1622 2288 aequalem
1642 2228 1692 2272 et
1715 2221 2228 2283 consubstantialem,

1239 2300 1290 2345 et
1309 2294 1504 2361 spirare
1526 2310 1751 2346 amorem
1778 2294 2060 2362 perfeetum
2083 2301 2135 2347 et
2156 2296 2232 2348 in·

1242 2367 1463 2419 finitum:
1510 2370 1725 2435 cognitis
1755 2369 1850 2421 hoc
1879 2369 2027 2421 modo
2070 2369 2232 2423 tribus

1241 2443 1471 2508 personis
1530 2445 1686 2494 etiam
1747 2443 2078 2503 declaratur,
2138 2459 2230 2495 cur

1242 2517 1494 2583 processio
1554 2516 1811 2568 secundae
1870 2531 2119 2582 personae
2158 2517 2231 2568 di-

1240 2597 1386 2642 catur
1424 2592 1708 2657 generatio,
1742 2605 1842 2641 non
1872 2590 1994 2641 item
2025 2590 2229 2652 tertiae,

1239 2670 1290 2715 et
1329 2680 1421 2715 cur
1464 2664 1662 2715 nonnisi
1707 2663 1840 2716 duae
1880 2665 2233 2731 processiones

1240 2739 1288 2788 in
1332 2737 1435 2789 Deo
1477 2738 1683 2789 dentur:
1716 2754 1837 2806 ergo
1877 2737 1985 2789 sola
2013 2739 2142 2791 ratio
2168 2738 2234 2791 ad

1242 2818 1430 2862 rectam
1473 2810 1738 2864 Trinitatis
1754 2812 2099 2879 cognitionem
2123 2828 2235 2881 per·

1241 2886 1399 2936 ducit.
2303 2937 2305 2944 ,

1314 2958 1454 3027 Hesp.
1501 2958 1745 3022 Quamvis
1769 2975 1858 3028 per
1881 2959 2135 3012 rationem
2157 2975 2237 3012 coe

1240 3049 1572 3099 gnoscamuS,
1616 3034 1780 3086 Deum
1823 3033 2111 3088 necessario
2157 3049 2236 3086 se-
2305 3064 2318 3071 -

1243 3109 1409 3174 ipsum
1450 3123 1763 3172 cognoscere
1789 3114 1842 3160 et
1880 3122 2075 3168 amare,
2106 3107 2237 3162 ratio

1242 3188 1414 3232 tamen
1455 3182 1547 3232 sibi
1579 3181 1755 3232 relicta
1795 3195 2055 3249 nunquam
2095 3179 2160 3232 ad
2189 3180 2239 3233 id

1244 3254 1513 3322 pervenire
1554 3257 1822 3322 potuisset,
1868 3261 1924 3307 ut
1962 3269 2239 3321 cognosce·

1243 3333 1359 3388 ret,
1397 3342 1486 3395 per
1525 3330 1870 3397 cognitionem
1911 3334 1962 3379 et
2008 3322 2332 3416 amorem-⁴32}

1291 3457 1340 3502 (Β)
1365 3457 1416 3491 Gt.
1446 3458 1533 3491 Dan.
1563 3458 1672 3492 Huet.
1698 3465 1734 3501 q.
1760 3459 1875 3494 Alnct.
1901 3450 2240 3506 1.1,ο.3.οοω.
2287 3455 2298 3487 ἶ

1242 3502 1288 3538 de
1310 3502 1488 3545 Stolberg.
1514 3501 1546 3537 T
1568 3502 1600 3545 1,
1624 3502 1788 3546 Append.
1926 3533 1928 3538 ,
2164 3545 2165 3549 Ἰ
2290 3523 2292 3526 -
