2332 3860
253 165 361 215 522¹

179 265 269 312 tuo
309 260 448 317 enim
491 256 744 321 ChristuS,
767 257 891 312 dum
929 259 983 311 in
1028 258 1178 311 terris

179 339 496 397 versaretur,
516 333 925 402 praeclarissima
943 331 1177 385 exhibuit

179 405 437 476 exempla,
481 407 666 477 quibus
707 407 940 460 homines
978 422 1008 459 a
1036 406 1177 458 vitiis

179 496 241 534 ac
267 484 540 551 praecipue
566 498 596 534 a
623 482 1037 550 concupiscentia
1065 495 1176 532 car-

179 557 279 618 niS,
322 572 351 609 a
389 556 805 624 concupiscentia
832 554 1099 608 oculorum
1126 561 1177 606 et

180 644 211 682 a
249 630 487 698 superbia
527 632 663 683 vitae
702 630 1058 690 abstraheret,
1101 634 1177 681 at-

180 718 281 772 que
319 703 384 756 ad
410 706 655 765 virtutes,
687 712 870 772 nempe
907 703 972 756 ad
1013 702 1178 755 cbari-

183 783 343 830 tatem
373 777 463 831 Dei
491 786 543 831 et
571 780 808 847 proximi,
839 778 900 830 ad
937 793 1176 835 mansue-

182 852 414 905 tudinem
466 859 517 904 et
567 853 863 920 patientiam
905 853 956 904 in
996 852 1178 904 adver-

181 925 417 979 sitatibus
458 926 736 978 tolerandis
763 927 960 978 fortiter
999 926 1178 978 incita-

183 1006 277 1052 ret.
294 1000 612 1069 Quapropter
627 1008 700 1067 ut
729 1016 881 1076 quam
903 1000 1177 1052 excellenti

183 1074 495 1142 perfectione
537 1073 772 1128 Christus
813 1090 1026 1126 munere
1067 1090 1180 1143 pro-

183 1147 387 1217 phetico
427 1149 635 1201 functus
667 1149 759 1210 sit,
804 1149 954 1216 plene
994 1163 1180 1217 cogno·

182 1230 359 1276 scatur
383 1264 395 1285 ‚
440 1223 694 1291 integram
734 1224 842 1275 eius
901 1224 1062 1276 vitam
1101 1230 1181 1276 at-

183 1303 327 1351 tente
365 1297 692 1350 considerare
731 1303 948 1367 oportet.

572 1471 613 1531 S
643 1471 784 1519 259.

410 1566 439 1602 1.
464 1567 516 1604 De
539 1567 615 1604 vita
644 1568 775 1604 Christi
799 1568 952 1613 privata.

260 1664 312 1718 1.
337 1664 517 1719 Merito
539 1683 783 1736 praesepe
807 1666 1184 1721 bethlehemiti-

187 1755 303 1793 cum
344 1757 372 1792 a
411 1740 492 1794 Ss.
538 1743 774 1795 Patribus
822 1742 1050 1795 cathedra
1099 1758 1184 1795 no-

185 1816 445 1877 minatur,
488 1817 539 1868 in
579 1833 678 1886 qua
719 1816 950 1869 Christus
991 1818 1093 1870 iam
1133 1818 1183 1868 in

187 1905 279 1942 sua
320 1890 593 1943 nativitate
631 1891 759 1943 falsa
787 1891 963 1943 mundi
999 1892 1184 1960 princi-

189 1964 272 2033 pia
311 1964 576 2025 confudit,
627 1966 973 2018 inordinatum
1029 1966 1185 2018 bono-

189 2054 307 2091 rum
346 2039 671 2091 terrestrium
708 2055 936 2093 amorem
978 2039 1186 2091 damna·

189 2113 281 2181 vit,
306 2113 798 2184 perfectissimasque
822 2115 1036 2167 virtutes
1053 2130 1185 2167 com-

190 2187 475 2240 mendavit.

262 2262 313 2316 2.
352 2261 512 2315 Sicuti
554 2269 940 2331 protoparentes
980 2263 1186 2315 manda-

191 2343 302 2389 tum
352 2337 585 2389 divinum
634 2344 829 2391 temere
878 2339 1182 2407 transgressi

189 2417 330 2472 sunt,
374 2412 444 2463 ita
483 2418 536 2465 et
561 2427 739 2465 eorum
768 2413 953 2480 posteri
982 2414 1186 2480 spuriae

189 2484 442 2538 libertatis
482 2487 735 2555 cupedine
783 2486 942 2539 illecti
985 2486 1184 2554 legibus

190 2558 376 2613 divinis
415 2562 522 2613 sive
552 2577 642 2630 per
669 2562 937 2627 rationem,
980 2562 1089 2613 sive
1115 2568 1186 2614 et-

190 2634 292 2685 iam
332 2649 423 2702 per
462 2635 830 2688 revelationem
875 2636 1093 2703 cognitis
1131 2651 1186 2688 se

190 2708 442 2761 subiicere
499 2716 804 2763 renuerunt.
864 2707 931 2762 Ut
989 2711 1186 2776 gravis-

192 2782 320 2835 simo
359 2783 480 2835 huic
507 2785 640 2844 malo
668 2782 866 2836 medela
893 2782 1182 2845 afferretur,

192 2855 298 2922 ipse
340 2855 499 2910 Filius
549 2853 640 2910 Dei
687 2859 985 2910 incarnatus
1026 2858 1186 2925 perfe-

193 2931 473 2984 ctissimam
513 2949 635 3002 erga
667 2931 908 2984 mandata
936 2931 1109 2984 divina
1135 2948 1188 2983 o-

194 3003 502 3059 bedientiam
542 3009 791 3059 exercere
821 3005 1071 3067 decrevit,
1102 3007 1185 3074 qui

195 3078 340 3146 proin
382 3095 470 3147 per
511 3078 764 3133 Psalmist.
809 3079 1023 3133 effatur:
1068 3080 1189 3133 Eece

196 3154 349 3205 venio·
406 3153 466 3204 ln
503 3155 657 3221 capite
696 3154 813 3207 libri
849 3154 1083 3222 scriptum
1122 3163 1187 3206 est

196 3225 252 3278 de
277 3241 370 3287 me,
400 3235 465 3285 ut,
478 3231 686 3294 tacerem
711 3228 1005 3281 voluntatem
1032 3238 1189 3280 tuam.-

196 3298 329 3362 Dens
365 3315 499 3354 meus
536 3301 682 3360 volui,
719 3309 762 3354 et
791 3302 936 3371 leyem
977 3310 1110 3354 tuam
1136 3302 1188 3354 in

197 3374 353 3427 medio
390 3374 548 3428 cordis
585 3376 680 3426 mei
719 3374 816 3446 (l).
873 3375 1188 3443 Promptissi-

199 3462 336 3503 mam
393 3449 528 3501 banc
565 3448 906 3503 obedientiam
957 3447 1190 3503 Christus

244 3547 294 3594 ει)
319 3546 444 3591 meo,
469 3546 502 3584 ε.

588 178 651 215 DE
688 178 780 215 ΠΕΟ
819 175 958 216 LArst
996 176 1183 216 HUMAN!
1221 177 1424 216 GEszs
1460 177 1796 220 nssnssmr'ronn.

1239 273 1360 311 mox
1414 267 1527 329 post
1576 262 1899 317 nativitatem
1945 255 2267 349 conspicqu
2245 218 2332 294 ’ἕ
2304 251 2332 334 {⁹}

1238 333 1388 385 modo
1427 336 1678 398 exercuit,
1721 335 1864 399 dum,
1906 339 2142 408 quamvis
2165 355 2226 393 o-
2252 329 2332 412 Ξ

1241 406 1413 460 mnino
1436 408 1681 463 innocens
1702 416 1752 464 et
1775 411 1973 465 infinite
1998 419 2225 481 sanctuS‚
2260 456 2271 470 ,
2295 438 2332 486 ..g

1238 496 1294 533 se
1332 486 1505 535 tamen
1544 482 1946 539 circumcisionis
1983 486 2085 555 legi
2111 487 2230 541 sub·
2276 469 2332 521 ⁴2²

1239 555 1374 608 iecit.
2272 552 2326 583 '‘

1313 627 1468 681 5.1n
1494 628 1902 701 Ss.Evange1iis
1929 649 2092 702 pauca
2119 612 2310 707 qui-12²

1240 702 1356 755 dem
1395 704 1459 756 de
1499 706 1604 757 vita
1643 704 1828 759 Christi
1869 709 2096 776 privata,
2139 702 2292 760 sed

1240 783 1411 832 tamen
1439 778 1561 830 talia
1589 789 2074 849 commemorantur,
2102 797 2232 851 quae
2272 769 2332 858 {gf

1241 851 1580 908 saluberrima
1609 855 1751 907 nobis
1777 855 2082 909 documenta
2110 872 2227 924 sup·
2280 851 2332 946 ἐξ

1244 926 1489 993 peditent.
1534 927 1765 980 Christus
1815 931 1952 982 enim
1993 931 2229 998 exemplo
2286 930 2332 1001 ἒξ

1241 1016 1332 1052 suo
1374 1002 1645 1070 praecipua
1676 1004 1819 1056 nobis
1849 1005 2119 1057 ostendere
2151 1020 2235 1056 vo·
2279 1003 2332 1074 Τ

1244 1073 1337 1126 luit
1376 1072 1537 1128 officia
1577 1091 1691 1144 crya
1728 1077 1918 1139 Deum,
1974 1094 2087 1146 erqa
2119 1093 2234 1147 pro·

1242 1149 1434 1200 mimam
1474 1157 1526 1201 et
1576 1166 1691 1218 erqa
1747 1153 1960 1220 seipsum
2016 1152 2234 1205 fideliter
2300 1167 2332 1220 fg}

1243 1222 1588 1291 adimplenda.
1623 1224 1829 1292 Legitur
1858 1227 1995 1278 enim
2024 1226 2146 1279 Luc.
2177 1226 2232 1287 Q,
2289 1220 2323 1313 :ii

1246 1297 1307 1348 [(1
1354 1305 1453 1350 etc
1499 1263 1760 1351 Christuom
1793 1315 1910 1353 cum
1940 1300 2235 1368 parentibus
2299 1293 2332 1359 Ξ

1244 1372 1350 1422 suis
1388 1373 1647 1424 secundam
1699 1374 2094 1426 consuetudinem
2142 1374 2238 1426 diei
2294 1368 2332 1446 {0}

1244 1445 1353 1511 festi
1379 1445 1745 1515 lerosolymam
1783 1449 2095 1510 ascendisse,
2128 1454 2238 1516 post
2303 1436 2332 1501 Ξζὲ

1247 1518 1527 1573 discessum
1570 1529 1838 1588 parentum
1889 1523 1955 1575 ibi
2004 1538 2241 1591 perman«
2295 1518 2332 1600 {51}

1246 1594 1406 1652 sisse,
1452 1603 1503 1648 et
1544 1602 1656 1663 post
1694 1597 1920 1652 triduum
1970 1597 2234 1649 inventum

1247 1683 1357 1719 esse
1398 1671 1449 1720 in
1490 1669 1656 1738 templo
1695 1671 1928 1723 sedentem
1982 1674 2036 1723 in
2080 1671 2236 1724 medio

1246 1742 1512 1804 doctorum,
1554 1744 1833 1797 audientem
1861 1746 1965 1798 illos
2005 1753 2048 1798 et
2087 1746 2239 1797 inter·
2299 1754 2332 1814 4.

1246 1825 1492 1884 royantem
1530 1835 1644 1883 e033
1699 1835 1830 1889 quae
1886 1820 2057 1873 omnia
2116 1834 2240 1887 puer

1248 1890 1514 1943 duodecim
1535 1909 1788 1946 annorum
1817 1910 1915 1947 non
1945 1895 2044 1947 alia
2073 1909 2139 1945 ex
2166 1909 2242 1946 ra·
2294 1895 2330 1955 ‘5¹

1248 1966 1384 2017 tione
1408 1968 1621 2035 peregit,
1648 1968 1741 2020 nisi
1774 1966 1846 2037 (v.
1874 1966 1964 2038 [(9)
1989 1975 2045 2021 ut
2073 1964 2237 2019 Deum
2299 1961 2328 2029 {J

1249 2040 1449 2093 Patrem
1490 2057 1642 2094 suum
1680 2042 2008 2110 glorificaret.
2056 2041 2240 2098 Exem·

1249 2114 1388 2182 plum
1411 2115 1545 2167 istud
1565 2114 1676 2168 Filii
1705 2116 1794 2168 Dei
1823 2116 2075 2169 incarnati
2104 2116 2242 2168 clare

1246 2189 1501 2250 ostendit,
1546 2191 1680 2242 inter
1718 2188 1881 2243 officia
1938 2190 2043 2242 Deo
2095 2189 2242 2242 exbi—
2304 2189 2322 2204 ’”

1248 2263 1414 2316 benda
1452 2264 1587 2315 istud
1626 2271 1870 2334 tanquam
1911 2264 2240 2333 praecipuum
2287 2292 2315 2327 ,τ

1248 2353 1360 2389 esse
1399 2337 1712 2399 habendum,
1758 2347 1812 2391 ut
1853 2340 2084 2392 homines
2136 2339 2241 2391 die-

1250 2412 1342 2464 bus
1384 2411 1523 2464 festis
1552 2413 1602 2463 in
1630 2412 1871 2466 Ecclesiis
1910 2413 2094 2465 devote
2121 2428 2240 2465 con·
2303 2474 2305 2480 Ι

1249 2486 1497 2546 veniant,
1542 2487 1656 2538 viva
1697 2487 1832 2553 fide,
1875 2503 1964 2555 spe
2003 2486 2150 2538 firma
2189 2492 2242 2539 et
2291 2484 2305 2525 ’-

1249 2560 1445 2612 ardenti
1467 2560 1716 2612 charitate
1737 2561 1947 2613 animati
1969 2567 2242 2613 externum
2303 2606 2306 2610 .

1249 2634 1353 2686 Deo
1392 2634 1588 2686 cultum
1628 2634 1879 2697 deferant,
1923 2635 2243 2703 verbumque
2284 2651 2303 2694 j

1249 2708 1479 2759 divinum
1506 2714 1700 2763 attente
1739 2709 1916 2760 audire
1957 2725 2058 2761 non
2087 2708 2244 2775 negli-
2284 2713 2310 2747 -s

1247 2788 1389 2850 gant.
1420 2811 1494 2821 —
1512 2780 1648 2834 lnter
1675 2779 1837 2835 officia
1859 2799 1989 2852 quae
2013 2784 2242 2851 proximo
2278 2787 2310 2839 ᾗ(

1250 2857 1520 2918 debentur,
1552 2859 1842 2909 reverentia
1869 2864 1920 2909 et
1954 2857 2240 2910 obedientia
2278 2904 2299 2919 .,,

1249 2946 1370 2996 erga
1399 2937 1638 2998 parentes
1666 2931 1943 2999 principem
1973 2932 2140 2983 locum
2170 2937 2243 2982 le·
2284 2943 2305 2954 ²>

1251 3011 1393 3057 nent.
1458 3004 1685 3056 Eandem
1734 3004 1966 3057 Christus
2005 3003 2295 3072 exemplos

1249 3095 1341 3131 suo
1387 3077 1678 3131 hominibus
1723 3078 2017 3131 inculcavit.
2053 3097 2079 3127 (ε
2109 3076 2290 3140 Quid-

1249 3154 1407 3213 enim,
1449 3153 1522 3204 ait
1558 3151 1610 3204 S.
1658 3151 1946 3205 Ambrosius
1986 3149 2083 3222 (2),
2138 3166 2243 3210 ma«
2277 3190 2280 3200 .

1249 3227 1407 3293 gister
1445 3227 1651 3278 virtutis
1685 3227 1778 3278 nisi
1807 3223 2029 3279 officium
2081 3225 2289 3303 pieta-js*

1251 3301 1315 3352 tis
1353 3298 1614 3367 impleret?
1643 3319 1670 3349 ι»
1699 3329 1771 3340 -
1797 3299 2010 3352 Divinus
2049 3294 2290 3373 eteniQ

1251 3388 1396 3442 puer,
1441 3379 1570 3426 teste
1609 3372 1959 3456 Evangelista,
2001 3386 2119 3424 cum
2153 3386 2261 3450 pin-3

1250 3446 1480 3501 rentibus
1517 3446 1624 3500 suis
1675 3446 1799 3498 venit
1855 3443 2142 3509 Nazareth,
2248 3456 2267 3475 '¹¹

1293 3546 1346 3593 (9)
1370 3546 1532 3585 comem.
1546 3548 1582 3582 in
1607 3546 1691 3583 Luc.
1705 3554 1783 3591 cup.
1807 3545 1838 3582 Ω.
