2332 3860
612 103 623 109 ἃ
648 131 970 169 lN‘rssonuc'rto
1011 132 1060 168 ΙΝ
1097 132 1406 170 THEOLOGIAM
1443 102 1803 172 ‘rnssonss'rmA‘tvL

617 239 656 298 ς
693 241 786 285 24.

683 345 721 397 Ι.

356 446 551 482 Obiectum
582 446 802 489 'theologiae
826 447 1054 489 dogmaticae

523 511 578 541 est
600 505 885 540 nobilissimum.

287 584 336 635 1.
382 582 609 635 Scientia
649 597 707 633 eo
749 581 1085 633 excellentior
1126 585 1203 632 esi-

210 656 448 717 ·licenda‚
469 672 568 725 quo
593 655 811 707 nobilius
828 662 903 707 est
921 656 1198 714 obiectum,

209 732 345 783 circa
374 731 506 799 quod
536 736 838 798 occupatur.
871 727 963 780 Ast
991 727 1203 779 Theolo-

209 806 291 872 gia
313 805 601 872 dogmatica
626 811 730 855 tota
747 804 882 854 circa
906 803 1069 855 Deum
1089 819 1200 853 ver·

209 886 373 937 satur,
410 879 559 930 cuius
588 877 814 929 infinitas
843 877 1199 945 perfectiones,

210 953 589 1021 sapientissima
618 952 852 1012 consilia,
884 952 1204 1018 omnipoten-

209 1034 318 1089 teS,
368 1028 674 1079 iustissimas
721 1033 772 1077 et
812 1026 1205 1092 benignissimas

211 1103 536 1168 operationes
576 1099 839 1165 expendit.
868 1099 1001 1151 Nihil
1031 1107 1206 1151 autem

209 1174 318 1228 Deo
349 1176 695 1244 praestantius
723 1180 774 1226 et
802 1174 1081 1233 excelsius,
1127 1175 1203 1224 ni-

213 1249 283 1300 hil
315 1250 539 1301 consiliis
569 1248 1089 1309 divinissublimius‚
1135 1248 1206 1298 ni·

213 1323 279 1374 bil
317 1323 701 1390 operationibus
723 1323 813 1374 Dei
842 1323 1134 1388 augustius,
1157 1328 1207 1372 et

213 1398 552 1449 admiratione
576 1397 780 1463 dignius
803 1397 1084 1461 excogitari
1102 1403 1207 1463 pot·

213 1479 310 1523 est.
369 1470 526 1523 Recte
574 1472 728 1535 igitur
779 1470 1082 1536 Theologiae
1123 1470 1210 1520 do-

215 1545 473 1611 gmaticae
531 1544 733 1596 ratione
771 1545 953 1595 obiecti
982 1544 1209 1594 maxima

217 1619 527 1670 excellentia
583 1619 894 1679 vindic-atur,
940 1619 1073 1685 quod
1114 1617 1205 1668 SS.

217 1693 396 1744 Patres
422 1693 609 1759 passim
638 1697 1016 1743 contestantur.
1044 1691 1210 1742 Etiam

218 1766 498 1818 Aristoteles
541 1765 618 1836 (l)
659 1767 931 1817 seientiam
971 1765 1033 1815 de
1073 1765 1206 1825 De0‚

221 1841 477 1907 rebusque
530 1840 720 1890 divinis
772 1838 1100 1890 commendat
1140 1839 1211 1889 di-

221 1929 374 1966 cens:
406 1933 431 1961 (ι
465 1911 671 1964 Nullam
698 1929 758 1965 ea
789 1915 1211 1980 praestantiorem

223 2003 335 2040 esse
391 1988 709 2050 doctrinam3
775 2002 906 2054 quae
947 1987 1086 2037 enim
1138 1987 1203 2037 di-

222 2062 490 2112 vinissima
515 2067 612 2122 est,
650 2060 830 2111 eadem
879 2067 956 2111 est
995 2067 1046 2111 et
1074 2075 1216 2127 prae-

223 2136 560 2187 stantissima.
592 2154 616 2183 »
645 2134 708 2186 Et
731 2135 808 2187 M.
843 2133 894 2185 T.
925 2134 1092 2185 Cicero
1121 2135 1214 2185 ini·

224 2210 293 2261 tio
332 2208 446 2261 libri
491 2209 640 2275 primi
675 2209 738 2259 de
774 2215 957 2259 natura
990 2207 1213 2259 Deorum

224 2283 411 2350 inquit,
461 2283 728 2334 scientiam
769 2282 832 2333 de
871 2281 995 2341 Dec,
1043 2283 1215 2333 rebus-

224 2373 333 2425 que·
377 2357 564 2408 divinis
621 2377 647 2404 «
690 2363 741 2407 et
787 2356 849 2406 ad
902 2356 1217 2422 agnitionem

224 2432 380 2492 animi
430 2430 831 2497 pulcherrimam
869 2445 1012 2491 esse,
1057 2436 1107 2480 et
1153 2430 1214 2480 ad

225 2504 596 2558 moderandam
673 2503 976 2572 religionem
1043 2519 1217 2555 neces-

227 2579 437 2630 sariam.
476 2598 500 2627 »

303 2652 356 2702 ⁸2.
391 2650 640 2719 Equidem
667 2648 943 2717 Theologia
990 2665 1213 2718 quoque,

229 2740 360 2792 quae
390 2724 635 2777 maliuolis
663 2725 872 2785 dicitur,
917 2724 979 2775 de
1007 2724 1112 2775 Deo
1141 2741 1221 2776 re-

229 2798 424 2866 busque
472 2799 660 2850 divinis
706 2798 852 2864 agit3
909 2797 1045 2849 hanc
1097 2813 1220 2849 vero

227 2871 504 2939 Theologia
545 2873 835 2938 dogmatica
884 2871 1036 2939 longe
1075 2877 1221 2923 ante-

227 2945 401 3004 cellit,
437 2961 568 3013 quae
610 2962 711 2997 non
765 2944 931 2997 solum
972 2945 1219 2996 veritates

228 3018 423 3086 lumine
452 3019 672 3071 naturali
699 3019 933 3086 cognitas
954 3019 1216 3086 expendit,

227 3091 316 3143 sed
347 3092 463 3144 illas
500 3107 704 3160 quoque
744 3099 1045 3160 pertractat,
1090 3109 1221 3160 quae

230 3165 444 3219 rationis
483 3172 693 3232 captum
721 3173 990 3234 superant,
1038 3181 1222 3234 nempe

231 3239 481 3307 mysteria
513 3254 580 3290 ex
618 3240 804 3307 quibus
842 3241 1115 3309 sapientia,
1148 3241 1224 3291 iu-

1187 254 1222 261 .,
1261 213 1326 266 Et
1355 205 1492 266 'dum
1540 208 1814 284 Theologia
1865 215 2259 272 naturalis²soii³

1263 288 1447 340 rationi
1499 287 1757 341 humanae
1802 290 2075 353 innititur,
2116 302 2247 359 quae

1255 361 1467 413 ‚infirma
1507 370 1608 423 est,
1652 363 1873 415 deficere
1919 370 1971 416 et
2005 365 2248 416 aberrare

1266 429 1430 500 potest
1448 453 1463 498 3
1515 434 1791 503 Theologia
1847 437 2137 504 dogmatica
2187 438 2250 490 de

1265 508 1389 567 Deo,
1435 509 1690 578 rebusque
1730 510 1916 562 divinis
1941 512 2251 564 tractatsub

1266 583 1460 633 iumine
1489 581 1694 635 divinae
1720 583 2088 647 RevelationiS‚
2119 601 2251 653 quae

1266 656 1370 706 falli
1412 663 1462 706 et
1503 655 1679 708 fallere
1722 659 1917 725 nequit.
1951 658 2108 710 Recte
2127 674 2249 726 ergo

1256 727 1568 789 affirmatur,
1625 730 1955 797 Theologiam
2002 732 2251 798 dogmati·

1266 819 1379 855 cam
1411 820 1528 870 prae
1551 806 1768 856 caeteris
1808 806 2037 857 scientiis
2063 806 2255 856 altioris

1267 878 1460 929 ordinis
1513 893 1643 939 esse,
1687 881 1929 946 quoniam
1970 880 2081 930 eius
2121 879 2256 931 obie-

1267 958 1405 1003 ctum
1451 959 1557 1003 tum
1588 953 1875 1015 materiale,
1911 959 2019 1006 tum
2047 953 2258 1006 formale

1267 1031 1642 1095 supernaturale
1670 1034 1766 1079 est.

1677 1172 1716 1231 ἓ
1748 1173 1847 1220 ⁶35.

1735 1292 1797 1346 11.

1446 1396 1577 1430 Fontes
1599 1394 1764 1430 eiusdem
1788 1400 1875 1430 sunt
1899 1395 2075 1439 insigues.

1343 1471 1395 1523 Si
1418 1479 1613 1523 attente
1641 1473 2037 1540 perpendamuS‚
2065 1488 2129 1524 ex
2157 1472 2265 1540 qui-

1273 1546 1367 1598 bus
1394 1546 1620 1598 fontibus
1660 1546 1936 1609 Theologia
1977 1546 2266 1612 dogmatica

1275 1620 1519 1671 veritates
1558 1637 1587 1671 a
1622 1637 1675 1670 se
1707 1620 2098 1687 pertractandas
2139 1620 2265 1671 hau·

1276 1694 1390 1752 rint,
1424 1702 1474 1745 et
1503 1694 1687 1761 quibus
1708 1693 2037 1745 adminiculis
2066 1699 2263 1753 utatur,

1274 1767 1421 1818 facile
1451 1767 1822 1833 intelligenmS‚
1869 1767 2047 1818 laudes
2087 1774 2138 1818 et
2179 1783 2266 1818 en·

1275 1842 1469 1904 comia,
1528 1843 1712 1908 quibus
1755 1842 1925 1892 variae
1966 1841 2267 1909 disciplinae

1278 1914 1594 1981 theologicae
1621 1922 1672 1966 et
1702 1914 2079 1982 philosophicae
2107 1915 2268 1966 extol-

1279 1989 1493 2045 luntur.
1551 1989 1602 2039 in
1658 1989 2004 2054 dogmaticam
2064 2003 2266 2058 quoque

1276 2062 1602 2126 'l'heologiam
1646 2063 1951 2115 redundare.

1352 2137 1403 2187 1.
1437 2136 1672 2188 Studium
1701 2136 1927 2187 biblicum
1955 2134 2102 2187 multi
2131 2150 2269 2186 sum·

1280 2211 1374 2260 mis
1403 2209 1638 2261 laudibus
1653 2211 1936 2269 celebrant,
1967 2225 2063 2262 nec
2092 2209 2281 2260 imme·-¹

1282 2285 1396 2346 rit03
1431 2299 1551 2334 nam
1577 2283 1853 2350 Apostolus
1882 2283 1958 2354 (9.)
1986 2284 2077 2335 ait:
2099 2282 2269 2335 Omnis

1279 2362 1530 2424 scriptura
1584 2359 1818 2410 fininitus
1855 2358 2097 2427 inspirata
2129 2356 2268 2409 utilis

1279 2439 1346 2481 est
1383 2433 1448 2482 ad
1487 2432 1750 2499 docendum
1790 2438 1871 2482 etc
1905 2473 1916 2490 ‚
1955 2440 2007 2483 et
2033 2430 2125 2482 SS.
2178 2430 2270 2482 Pa-

1283 2511 1385 2556 tres
1409 2505 1669 2556 assiduam
1692 2505 1772 2556 Ss.
1794 2504 2075 2560 Bibliorum
2099 2504 2272 2555 lectio·

1284 2594 1400 2629 nem
1428 2586 1480 2629 et
1519 2578 1905 2630 meditationem
1946 2593 2273 2644 summopere

1281 2652 1650 2703 commendant
1701 2650 1799 2721 (5).
1851 2651 1943 2703 Ast
1995 2651 2272 2718 Theologia

1283 2725 1571 2790 dogmatica
1612 2724 1667 2776 S.
1718 2725 1985 2793 Scriptura
2027 2732 2272 2793 tanquam

1285 2801 1557 2866 praecipuo
1598 2799 1735 2859 fonte
1789 2801 1993 2860 utitur,
2056 2813 2121 2850 ex
2171 2813 2273 2865 quo

1285 2873 1503 2939 plurima
1533 2872 1777 2924 caelestia
1805 2873 2047 2938 dogmata
2075 2871 2269 2922 haurit.

1287 2946 1389 2998 [mo
1429 2948 1481 2998 in
1523 2947 1619 2998 ista
1660 2942 1930 3013 disciplina
1981 2944 2273 2997 testimonia

1284 3020 1489 3081 biblica,
1533 3035 1665 3087 quae
1706 3021 1948 3072 veritates
1987 3017 2272 3070 credendas

1286 3100 1618 3162 proponunt,
1677 3093 1767 3144 sed
1813 3093 1867 3144 in
1921 3092 2076 3144 variis
2126 3089 2269 3142 libris

1283 3183 1458 3234 sparsa
1515 3166 1887 3233 reperiuntur,
1943 3181 2034 3233 pro
2090 3163 2272 3232 quovis

1283 3239 1532 3307 singulari
1554 3240 1792 3305 dogmate
1811 3239 2146 3306 colliguntur,
2175 3236 2271 3288 suh

193 3313 392 3375 stitia,
431 3312 634 3364 bonitas
675 3313 785 3373 Dei,
829 3313 1032 3383 aliaque
1078 3314 1223 3367 att-ri·
1287 3329 1387 3365 uno
1425 3313 1610 3366 obtutu
1642 3312 1982 3372 collocantur.
2026 3310 2173 3362 iuxta
2196 3311 2272 3362 in-

216 3386 355 3439 buta
375 3385 546 3439 divina
561 3384 845 3440 clarissime
866 3387 1218 3456 resplendent.

262 3484 331 3528 n)
355 3486 391 3522 L.
420 3485 452 3530 1,
478 3486 565 3524 Met.
589 3495 624 3523 c.
650 3483 682 3523 ι,

1312 3439 1380 3529 ,ἕὶὶ
1405 3441 1439 3475 Π
1462 3439 1556 3476 Tim.
1583 3440 1617 3483 3,
1641 3439 1696 3477 lo„
1902 3452 1905 3455 ·
2070 3454 2074 3456 Ἴ
2155 3445 2237 3476 ,’,ι;

1346 3485 1382 3524 3)
1405 3485 1470 3519 Th.
1489 3493 1572 3528 gen.
1595 3484 1620 3528 S
1640 3482 1718 3520 180.
2216 3493 2233 3514 :2
2277 3507 2283 3513 .
