2332 3860
36 279 38 281 ‚
124 258 131 263 ᾖ
676 219 804 260 uns
841 222 914 259 m.
957 220 1120 261 sno-rio
1155 221 1212 260 ιι.
1255 219 1405 260 cnm·
1441 223 1496 261 ιι.
1941 198 2086 286 851

8 303 264 372 ς.’ί;,·οιιιιιία
293 299 527 358 sacrificii
572 301 816 370 requisita
854 315 976 354 vere
1013 317 1075 355 ac
1134 302 1362 356 cinianos
1400 317 1462 355 ea>
1522 301 1575 357 S.
1640 301 1898 374 Scriptura
1959 306 2039 360 Vq
2081 314 2126 361 et

14 365 677 467 &fa-,pffipi-ieinveniuntur.
698 373 853 459 Atqui
874 375 925 428 in
946 391 1076 429 mor·
1134 376 1205 430 Ν.
1253 373 1563 457 Testamenti,
1597 431 1610 446 ,
1630 385 1682 432 et
1743 394 1806 432 ea:
1846 378 2125 436 Traditione

7 471 10 475 ·
53 452 145 511 &te
178 469 210 507 a
247 449 446 505 Christo
484 450 536 502 in
558 463 646 502 ara
674 464 840 502 crucis
862 449 1075 503 tolerata
1138 451 1396 520 probatur.

7 558 10 590 ς
48 466 259 600 {omnia
297 523 532 579 sacrificii
571 523 814 593 requisita
853 538 975 576 vere
1014 539 1075 576 ac
1211 524 1261 578 t.
1323 524 1567 578 Doctrina
1627 525 1878 579 catholica
1934 528 2125 582 invicte

47 599 291 675 'Z'aeproprie
329 598 679 651 inveniuntur.
723 596 982 650 Christum
1024 613 1077 650 e-

8 704 22 721 :
67 672 197 730 '·-nim
262 681 505 743 tanquam
570 687 753 724 verum
816 670 1073 724 hominem

58 749 259 809 ,anima
298 753 350 800 et
387 760 599 814 corpore
646 747 871 798 humano
930 747 1088 814 prae-'

91 823 254 876 ditum
293 835 400 873 rem
441 835 552 873 esse
592 828 860 874 externam
887 825 938 872 et
965 835 1074 872 sen-

27 891 226 959 ,gsibus
266 895 569 955 subiectam,
636 895 731 962 ipsi
795 893 1072 947 adversarii

89 985 190 1024 non
230 969 543 1022 inficiantur.
589 968 746 1021 Iidem
772 967 1069 1030 admittunt,

88 1043 345 1099 Christum
386 1059 508 1095 vere
535 1049 794 1095 mortuum
821 1058 952 1105 esse,
983 1059 1072 1095 seu

88 1119 243 1171 vitam
284 1117 443 1186 ipsius
481 1118 731 1186 sanguine
786 1117 897 1170 fuso
954 1133 1073 1170 vere

89 1191 400 1245 destructam
439 1191 613 1244 fuisse.
657 1190 927 1244 Praeterea
966 1207 1074 1244 cer-

90 1271 201 1319 tum
240 1272 338 1327 est,
381 1265 511 1335 quod
573 1266 896 1334 praecedenti
956 1267 1075 1319 arti-

89 1340 206 1394 culo
246 1339 516 1408 probatum
557 1340 669 1402 fuit,
702 1339 958 1392 Christum
989 1357 1074 1393 ve-

87 1430 202 1469 rum
240 1413 601 1477 Sacerdotem,
643 1414 870 1484 adeoque
912 1415 1073 1483 legiti-

71 1504 229 1542 mum
268 1490 559 1541 ministrum
600 1504 731 1550 esse,
778 1496 829 1541 et
883 1490 933 1540 in
1001 1506 1075 1542 se-

88 1563 260 1633 quenti
300 1562 515 1615 articulo
555 1563 716 1616 fusius
755 1563 1069 1631 probabitur,

88 1637 342 1690 Christum
407 1636 565 1690 libere
629 1639 957 1705 semetipsum
1021 1640 1071 1690 in

87 1727 176 1764 ara
214 1713 381 1764 crucis
420 1711 683 1764 obtulisse.
727 1711 953 1764 Tandem
989 1728 1073 1764 ne-

86 1801 186 1854 que
225 1785 287 1837 de
327 1793 507 1854 quarto
547 1787 788 1855 requisito
853 1786 1071 1839 dubitari

85 1866 271 1927 potest.
315 1858 548 1912 Christus
588 1862 724 1912 enim
751 1876 872 1913 vere
896 1877 1073 1929 passus

88 1940 139 1986 et
175 1941 409 1988 mortuus
449 1942 546 1996 est,
590 1951 679 1986 seu
738 1936 962 2003 seipsum
1022 1938 1071 1988 in

86 2023 174 2060 ara
214 2011 381 2061 crucis
421 2015 664 2077 tanquam
716 2009 933 2062 hostiam
992 2011 1074 2063 ob-

90 2081 226 2143 tulit,
293 2091 350 2135 ut
432 2083 633 2135 divinae
696 2083 918 2137 iustitiae
984 2101 1072 2153 pro

88 2157 312 2224 peccatis
363 2157 549 2210 nostris
614 2158 947 2220 satisfaceret,
992 2159 1074 2210 de-

86 2230 192 2283 hita
233 2237 404 2284 nostra
446 2231 687 2293 solveret,
721 2233 966 2302 nobisque
994 2249 1073 2285 re-

86 2303 380 2356 missionem
446 2312 767 2374 peccatorum
831 2323 892 2360 ac
956 2323 1071 2360 cum

85 2377 191 2431 Deo
230 2380 694 2433 reconciliationem
736 2390 1066 2449 promereret.

86 2451 193 2505 Hoc
231 2459 402 2506 autem
444 2456 647 2523 penitus
685 2463 875 2524 negant
937 2455 1073 2508 Soci-

87 2527 270 2592 niani3
314 2527 424 2580 ideo
466 2529 735 2597 praecipue
786 2530 920 2582 circa
979 2530 1073 2583 hoc

88 2608 328 2668 quartum
367 2603 664 2672 requisitum
695 2605 1073 2657 controversiae

89 2674 241 2728 cardo
281 2677 517 2730 vertitur.
556 2707 629 2715 —-
655 2677 850 2745 Dogma
890 2694 1072 2747 nempe

91 2748 399 2803 catholicum
439 2758 536 2814 est,
580 2750 839 2804 Christum
876 2769 930 2806 se
969 2753 1073 2806 Deo

90 2829 334 2891 tanquam
376 2825 686 2892 piacularem
726 2826 944 2880 hostiam
989 2828 1074 2881 ob-

91 2897 287 2959 tulisse,
330 2899 636 2951 sacrificium
677 2902 853 2953 mortis
893 2902 1000 2954 eius
1021 2903 1070 2955 in

89 2987 179 3024 ara
218 2972 385 3024 crucis
424 2973 650 3026 oblatum
691 2990 812 3026 vere
841 2977 1074 3044 propitia·

89 3046 275 3098 torium
299 3086 311 3108 ,
378 3053 430 3098 et
486 3046 742 3100 Christum
804 3050 855 3100 in
920 3066 1070 3103 sensu

90 3120 266 3172 stricto
329 3119 722 3189 Redemptorem
781 3138 922 3185 esse,
990 3126 1072 3194 qui

92 3192 256 3246 soluto
296 3196 458 3263 pretio
498 3195 726 3250 homines
765 3213 794 3249 a
854 3200 1075 3266 peccatis

93 3273 144 3319 et
181 3270 356 3336 poenis
419 3273 642 3322 aeternis
698 3270 952 3335 liberavit,
1025 3280 1075 3326 et

1138 599 1379 666 probatur
1393 599 1459 652 ex
1479 598 1810 652 celeberrimo
1830 600 1991 655 Isaiae
2012 618 2124 672 cap.

1135 671 1263 735 Lm,
1306 673 1439 744 quod
1480 674 1582 726 iam
1623 680 1825 727 veteres
1863 675 2035 729 ludaei
2062 678 2126 729 de

1137 746 1318 800 Messia
1357 747 1745 809 intellexerunt,
1790 755 1842 801 et
1879 750 2011 818 quod
2070 752 2122 804 in

1134 819 1196 873 N.
1240 820 1378 875 Test.
1425 821 1501 893 (t)
1549 821 1611 874 de
1651 820 1850 875 Christo
1901 825 2123 892 explica-

1136 901 1239 947 tur.
1284 894 1602 965 Quapropter
1641 896 1734 965 ipsi
1773 896 2030 951 Sociniani
2071 900 2123 951 in

1135 968 1221 1021 illo
1288 970 1350 1022 de
1406 969 1604 1023 Christo
1668 986 1954 1025 sermonem
2014 988 2124 1026 esse

1137 1059 1239 1095 non
1278 1042 1577 1097 diffitentur.
1623 1043 1677 1097 ln
1708 1045 2001 1114 hoc-capite
2029 1048 2126 1116 pri-

1136 1133 1276 1170 mum
1315 1120 1632 1172 atrocissima
1678 1118 1893 1172 Messiae
1959 1122 2123 1189 passio

1136 1191 1476 1246 describitur:
1528 1192 1754 1247 Vidimus
1793 1210 1922 1256 eum,
1954 1204 1999 1247 et
2027 1212 2124 1248 non

1135 1276 1240 1318 erat
1279 1276 1511 1336 aspectus,
1536 1275 1579 1319 et
1600 1268 1978 1322 desideravimus
1994 1285 2125 1323 eum.-

1135 1341 1400 1410 despectum
1439 1350 1480 1394 et
1526 1343 1837 1396 novissimam
1876 1343 2118 1407 virorum,

1136 1416 1295 1468 ciram
1333 1416 1552 1468 dolorum
1591 1425 1633 1468 et
1671 1418 1892 1469 scientem
1916 1418 2125 1487 infirmi·

1137 1496 1346 1543 tatem...
1391 1491 1516 1543 ande
1547 1507 1630 1543 nec
1650 1493 1985 1560 reputavimus
2013 1508 2123 1545 eum

1136 1563 1232 1634 (Q),
1277 1564 1405 1617 Dein
1434 1565 1571 1618 clare
1592 1567 1858 1627 asseritur,
1883 1566 2121 1619 Messiam

1137 1655 1235 1691 non
1276 1639 1338 1691 ob
1381 1640 1579 1707 propria
1620 1647 1827 1708 peccata
1850 1657 2123 1708 passurum

1135 1729 1266 1772 esse,
1310 1715 1551 1782 quoniam
1594 1714 1751 1767 iustus
1809 1730 1973 1767 servus
2030 1715 2121 1769 Dei

1135 1787 1441 1855 appellatur,
1479 1795 1528 1840 et
1556 1797 1730 1857 aperte
1758 1788 1962 1851 dicitur,
1988 1789 2120 1860 quod

1135 1863 1441 1930 iniquitatem
1480 1879 1575 1914 non
1614 1863 1799 1930 fecerit,
1841 1879 1990 1931 neque
2043 1865 2124 1916 do-

1136 1936 1209 1988 las
1274 1937 1426 2004 faerit
1491 1937 1542 1988 in
1606 1953 1686 1989 ore
1726 1938 1828 1989 eius
1870 1937 1965 2007 (5).
2009 1935 2124 1990 Alia

1135 2011 1289 2079 igitur
1330 2011 1574 2078 passionis
1615 2018 1665 2063 et
1704 2012 1882 2063 mortis
1909 2011 2123 2065 Messiae

1134 2086 1423 2151 assignatur
1462 2100 1638 2145 causa,
1682 2100 1866 2153 nempe
1914 2092 2124 2154 peccata

1135 2159 1418 2220 hominum,
1462 2175 1677 2227 quorum
1734 2175 1924 2228 poenas
1984 2159 2126 2212 luen-

1136 2234 1223 2285 das
1263 2235 1312 2285 in
1354 2250 1408 2286 se
1448 2234 1691 2302 suscepit,
1735 2240 1786 2285 et
1827 2250 1914 2302 pro
1941 2235 2126 2303 quibus

1134 2309 1354 2376 seipsum
1397 2307 1533 2359 Patri
1591 2314 1834 2376 tanquam
1902 2308 2126 2375 piacula-

1136 2398 1241 2434 rem
1291 2383 1550 2434 victimam
1615 2381 1816 2434 obtulit.
1885 2381 2126 2434 Dissertis

1135 2457 1304 2509 verbis
1343 2456 1392 2507 id
1434 2455 1723 2508 declaratur
1782 2471 1833 2508 v.
1881 2455 1933 2507 lt:
2013 2456 2127 2509 Vere

1136 2531 1391 2599 languores
1429 2538 1617 2582 nestros
1657 2530 1754 2598 ipse
1796 2528 1925 2590 tul-it,
1963 2537 2006 2582 et
2047 2530 2128 2583 do·

1135 2605 1255 2656 lores
1318 2612 1503 2656 nostros
1572 2606 1670 2671 ipse
1719 2605 1948 2672 portavit,
1992 2604 2028 2656 i.
2072 2620 2120 2658 e.

1136 2694 1322 2746 poenas
1362 2684 1685 2746 peccatorum
1730 2678 1874 2731 nohis
1913 2677 2126 2733 luendas

1135 2752 1405 2818 toleravit3
1450 2769 1500 2806 V.
1548 2753 1610 2803 5:
1677 2751 1783 2820 Ipse
1847 2751 2127 2806 vulne-ratus

1133 2835 1199 2879 est
1230 2836 1429 2897 propter
1466 2827 1751 2895 iniquitates
1791 2834 2000 2888 nostras,
2056 2834 2126 2880 at·

1135 2903 1284 2954 tritus
1322 2909 1390 2955 est
1421 2909 1619 2971 propter
1677 2900 1852 2954 scelera
1915 2909 2082 2955 nostra
2101 2921 2126 2964 ;

1135 2977 1389 3046 disciplina
1420 2977 1557 3046 pacis
1594 2984 1787 3028 nostrae
1824 2992 1972 3044 supe-r
1992 2992 2122 3039 eum,

1135 3058 1176 3103 et
1215 3051 1360 3104 livore
1398 3052 1501 3102 eins
1539 3050 1699 3101 sanati
1743 3066 1930 3112 sumus,
1974 3051 2008 3104 i.
2074 3066 2120 3104 e.

1136 3125 1226 3192 ipsi
1270 3125 1500 3178 incubuit
1540 3123 1820 3193 disciplina,
1889 3139 1978 3177 seu
2038 3140 2125 3177 ne-

1134 3199 1327 3265 gotium
1365 3202 1494 3268 pacis
1533 3199 1668 3251 inter
1706 3197 1873 3254 Deum
1914 3205 1965 3252 et
2030 3215 2124 3251 nos

1138 3274 1500 3334 restituendae,
1546 3279 1597 3325 et
1637 3288 1735 3325 non
1776 3272 1883 3326 solo
1949 3289 2124 3326 exem-

93 3340 228 3394 vitae
265 3349 503 3396 aeternae
527 3345 795 3413 participes
833 3347 1069 3400 reddidit.
1139 3347 1217 3415 plo
1259 3348 1553 3415 patientiae,
1584 3347 1716 3417 quod
1757 3348 2010 3407 exhibuit,
2034 3346 2123 3399 sed

92 3413 287 3483 Dogma
325 3416 421 3470 hoc
459 3418 766 3472 catholicum
787 3427 962 3474 contra
991 3421 1076 3475 So·
1137 3422 1289 3474 livore
1325 3422 1449 3484 cias,
1491 3422 1526 3474 i.
1570 3438 1618 3475 e.
1680 3423 1789 3492 ipsa
1850 3420 2122 3475 afflictione

142 3545 188 3587 (2)
213 3545 299 3580 Luc.
324 3546 382 3587 22⁴.
405 3547 459 3583 3⁷.
485 3549 650 3593 Mattu.8,
679 3549 729 3585 17.
756 3554 831 3586 Act.
858 3553 919 3596 Ap.
944 3552 979 3595 8,
1021 3552 1073 3588 32.

91 3594 132 3629 at
156 3590 171 3624 1
193 3590 286 3626 Petri
306 3590 341 3635 2,
363 3591 416 3628 2«.
1183 3595 1234 3639 (2)
1256 3595 1370 3641 1253,
1395 3595 1415 3630 2
1437 3601 1506 3633 etc.

1783 3594 1836 3640 (a)
1860 3595 1910 3630 lh.
1938 3605 1970 3630 v.
1998 3593 2031 3637 υ,
2058 3593 2110 3630 11.
2187 3604 2191 3607 ·
