<?xml version="1.0" encoding="UTF-8"?>
<!DOCTYPE html PUBLIC "-//W3C//DTD XHTML 1.0 Transitional//EN"
    "http://www.w3.org/TR/xhtml1/DTD/xhtml1-transitional.dtd">
<html xmlns="http://www.w3.org/1999/xhtml" xml:lang="en" lang="en">
 <head>
  <title>
</title>
<meta http-equiv="Content-Type" content="text/html;charset=utf-8" />
  <meta name='ocr-system' content='tesseract 3.04.00' />
  <meta name='ocr-capabilities' content='ocr_page ocr_carea ocr_par ocr_line ocrx_word'/>
</head>
<body>
  <div class='ocr_page' id='page_1' title='image "./theologiae00knoluoft_0436.png"; bbox 0 0 2332 3860; ppageno 0'>
   <div class='ocr_carea' id='block_1_1' title="bbox 285 169 392 225">
    <p class='ocr_par' dir='ltr' id='par_1_1' title="bbox 285 169 392 225">
     <span class='ocr_line' id='line_1_1' title="bbox 285 169 392 225; baseline 0.019 -2"><span class='ocrx_word' id='word_1_1' title='bbox 285 169 392 225; x_wconf 63' lang='lat'>[128</span> 
     </span>
    </p>
   </div>
   <div class='ocr_carea' id='block_1_2' title="bbox 619 163 2311 233">
    <p class='ocr_par' dir='ltr' id='par_1_2' title="bbox 619 163 2311 233">
     <span class='ocr_line' id='line_1_2' title="bbox 619 163 2311 233; baseline 0.004 -6"><span class='ocrx_word' id='word_1_2' title='bbox 619 189 683 227; x_wconf 70' lang='lat' dir='ltr'>oz</span> <span class='ocrx_word' id='word_1_3' title='bbox 720 189 814 228; x_wconf 70' lang='lat' dir='ltr'>nno</span> <span class='ocrx_word' id='word_1_4' title='bbox 851 189 986 228; x_wconf 60' lang='lat' dir='ltr'>mast</span> <span class='ocrx_word' id='word_1_5' title='bbox 1024 189 1213 230; x_wconf 73' lang='lat' dir='ltr'>numm</span> <span class='ocrx_word' id='word_1_6' title='bbox 1249 188 1458 227; x_wconf 63' lang='lat' dir='ltr'>cananis</span> <span class='ocrx_word' id='word_1_7' title='bbox 1494 188 1832 229; x_wconf 61' lang='lat' dir='ltr'>niz-omont.</span> <span class='ocrx_word' id='word_1_8' title='bbox 2140 163 2142 165; x_wconf 39' lang='grc'><strong><em>’</em></strong></span> <span class='ocrx_word' id='word_1_9' title='bbox 2247 191 2259 205; x_wconf 72' lang='lat'><em>³</em></span> <span class='ocrx_word' id='word_1_10' title='bbox 2281 204 2311 233; x_wconf 33' lang='grc' dir='ltr'>ῆι</span> 
     </span>
    </p>
   </div>
   <div class='ocr_carea' id='block_1_3' title="bbox 2250 0 2332 200">
    <p class='ocr_par' dir='ltr' id='par_1_3' title="bbox 2250 0 2332 200">
     <span class='ocr_line' id='line_1_3' title="bbox 2250 0 2332 200; baseline 0 0"><span class='ocrx_word' id='word_1_11' title='bbox 2250 0 2332 200; x_wconf 95' lang='lat' dir='ltr'>  </span> 
     </span>
    </p>
   </div>
   <div class='ocr_carea' id='block_1_4' title="bbox 2272 157 2332 204">
    <p class='ocr_par' dir='ltr' id='par_1_4' title="bbox 2272 157 2332 204">
     <span class='ocr_line' id='line_1_4' title="bbox 2272 157 2332 204; baseline 0 0"><span class='ocrx_word' id='word_1_12' title='bbox 2272 170 2275 171; x_wconf 70' lang='grc'>’</span> <span class='ocrx_word' id='word_1_13' title='bbox 2289 157 2332 204; x_wconf 68' lang='lat' dir='ltr'>,i</span> 
     </span>
    </p>
   </div>
   <div class='ocr_carea' id='block_1_5' title="bbox 205 242 2332 493">
    <p class='ocr_par' dir='ltr' id='par_1_5' title="bbox 205 242 2332 493">
     <span class='ocr_line' id='line_1_5' title="bbox 205 242 2332 343; baseline 0.001 -21"><span class='ocrx_word' id='word_1_14' title='bbox 205 268 393 335; x_wconf 71' lang='lat' dir='ltr'>faciam</span> <span class='ocrx_word' id='word_1_15' title='bbox 430 266 724 323; x_wconf 78' lang='lat' dir='ltr'>voluntatem</span> <span class='ocrx_word' id='word_1_16' title='bbox 760 286 920 326; x_wconf 84' lang='lat' dir='ltr'>meam</span> <span class='ocrx_word' id='word_1_17' title='bbox 944 314 957 333; x_wconf 85' lang='lat'>,</span> <span class='ocrx_word' id='word_1_18' title='bbox 1012 273 1094 326; x_wconf 83' lang='lat' dir='ltr'>sed</span> <span class='ocrx_word' id='word_1_19' title='bbox 1136 288 1209 325; x_wconf 77' lang='lat' dir='ltr'>oo-</span> <span class='ocrx_word' id='word_1_20' title='bbox 1268 271 1515 336; x_wconf 84' lang='lat' dir='ltr'>humana,</span> <span class='ocrx_word' id='word_1_21' title='bbox 1557 287 1690 343; x_wconf 84' lang='lat' dir='ltr'>quae</span> <span class='ocrx_word' id='word_1_22' title='bbox 1728 287 1784 326; x_wconf 86' lang='lat' dir='ltr'>se</span> <span class='ocrx_word' id='word_1_23' title='bbox 1812 270 1972 326; x_wconf 83' lang='lat' dir='ltr'>libere</span> <span class='ocrx_word' id='word_1_24' title='bbox 2003 242 2332 343; x_wconf 64' lang='lat' dir='ltr'>voluntatl&#39;{{²</span> 
     </span>
     <span class='ocr_line' id='line_1_6' title="bbox 207 341 2332 419; baseline -0.006 -6"><span class='ocrx_word' id='word_1_25' title='bbox 207 341 439 396; x_wconf 54' lang='lat' dir='ltr'>&#39;amalfim</span> <span class='ocrx_word' id='word_1_26' title='bbox 468 347 605 406; x_wconf 67' lang='lat' dir='ltr'>eius,</span> <span class='ocrx_word' id='word_1_27' title='bbox 636 345 725 414; x_wconf 80' lang='lat' dir='ltr'>qui</span> <span class='ocrx_word' id='word_1_28' title='bbox 760 347 898 400; x_wconf 78' lang='lat' dir='ltr'>misit</span> <span class='ocrx_word' id='word_1_29' title='bbox 924 362 998 399; x_wconf 82' lang='lat' dir='ltr'>me</span> <span class='ocrx_word' id='word_1_30' title='bbox 1026 345 1123 417; x_wconf 80' lang='lat' dir='ltr'>(l).</span> <span class='ocrx_word' id='word_1_31' title='bbox 1148 345 1204 399; x_wconf 93' lang='lat' dir='ltr'>ln</span> <span class='ocrx_word' id='word_1_32' title='bbox 1272 346 1432 400; x_wconf 83' lang='lat' dir='ltr'>Patris</span> <span class='ocrx_word' id='word_1_33' title='bbox 1471 347 1706 400; x_wconf 87' lang='lat' dir='ltr'>subiecit.</span> <span class='ocrx_word' id='word_1_34' title='bbox 1754 377 1829 386; x_wconf 92' lang='lat'><strong>—</strong></span> <span class='ocrx_word' id='word_1_35' title='bbox 1866 345 1985 399; x_wconf 88' lang='lat' dir='ltr'>ldeo</span> <span class='ocrx_word' id='word_1_36' title='bbox 2024 341 2332 419; x_wconf 34' lang='lat' dir='ltr'>Christus&amp;</span> 
     </span>
     <span class='ocr_line' id='line_1_7' title="bbox 209 418 2332 493; baseline 0.001 -25"><span class='ocrx_word' id='word_1_37' title='bbox 209 422 428 487; x_wconf 79' lang='lat' dir='ltr'>utroque</span> <span class='ocrx_word' id='word_1_38' title='bbox 468 425 617 471; x_wconf 86' lang='lat' dir='ltr'>textu</span> <span class='ocrx_word' id='word_1_39' title='bbox 658 418 891 474; x_wconf 85' lang='lat' dir='ltr'>Christus</span> <span class='ocrx_word' id='word_1_40' title='bbox 939 421 1206 488; x_wconf 79' lang='lat' dir='ltr'>distinguit</span> <span class='ocrx_word' id='word_1_41' title='bbox 1267 422 1423 472; x_wconf 90' lang='lat' dir='ltr'>etiam</span> <span class='ocrx_word' id='word_1_42' title='bbox 1455 420 1652 474; x_wconf 68' lang='lat' dir='ltr'>dicitur</span> <span class='ocrx_word' id='word_1_43' title='bbox 1676 419 1894 474; x_wconf 79' lang='lat' dir='ltr'>obediens</span> <span class='ocrx_word' id='word_1_44' title='bbox 1924 422 2111 474; x_wconf 73' lang='lat' dir='ltr'>fuisset</span> <span class='ocrx_word' id='word_1_45' title='bbox 2153 420 2332 493; x_wconf 39' lang='lat' dir='ltr'>flu-,33</span> 
     </span>
    </p>
   </div>
   <div class='ocr_carea' id='block_1_6' title="bbox 205 493 1207 564">
    <p class='ocr_par' dir='ltr' id='par_1_6' title="bbox 205 493 1207 564">
     <span class='ocr_line' id='line_1_8' title="bbox 205 493 1207 564; baseline 0.005 -22"><span class='ocrx_word' id='word_1_46' title='bbox 205 505 357 544; x_wconf 88' lang='lat' dir='ltr'>suam</span> <span class='ocrx_word' id='word_1_47' title='bbox 381 493 722 555; x_wconf 88' lang='lat' dir='ltr'>voluntatem,</span> <span class='ocrx_word' id='word_1_48' title='bbox 749 511 902 563; x_wconf 91' lang='lat' dir='ltr'>quam</span> <span class='ocrx_word' id='word_1_49' title='bbox 927 511 1024 547; x_wconf 94' lang='lat' dir='ltr'>non</span> <span class='ocrx_word' id='word_1_50' title='bbox 1055 511 1207 564; x_wconf 91' lang='lat' dir='ltr'>quae·</span> 
     </span>
    </p>
   </div>
   <div class='ocr_carea' id='block_1_7' title="bbox 194 566 1204 3366">
    <p class='ocr_par' dir='ltr' id='par_1_7' title="bbox 194 566 1204 3366">
     <span class='ocr_line' id='line_1_9' title="bbox 206 566 1202 635; baseline 0.005 -20"><span class='ocrx_word' id='word_1_51' title='bbox 206 566 294 627; x_wconf 83' lang='lat' dir='ltr'>rit,</span> <span class='ocrx_word' id='word_1_52' title='bbox 337 572 390 618; x_wconf 89' lang='lat' dir='ltr'>et</span> <span class='ocrx_word' id='word_1_53' title='bbox 431 583 531 619; x_wconf 93' lang='lat' dir='ltr'>non</span> <span class='ocrx_word' id='word_1_54' title='bbox 575 584 665 635; x_wconf 85' lang='lat' dir='ltr'>pro</span> <span class='ocrx_word' id='word_1_55' title='bbox 704 570 965 621; x_wconf 86' lang='lat' dir='ltr'>actionum</span> <span class='ocrx_word' id='word_1_56' title='bbox 993 585 1202 622; x_wconf 87' lang='lat' dir='ltr'>suarum</span> 
     </span>
     <span class='ocr_line' id='line_1_10' title="bbox 205 638 1203 705; baseline 0.006 -16"><span class='ocrx_word' id='word_1_57' title='bbox 205 638 387 705; x_wconf 83' lang='lat' dir='ltr'>regula</span> <span class='ocrx_word' id='word_1_58' title='bbox 419 657 508 693; x_wconf 85' lang='lat' dir='ltr'>seu</span> <span class='ocrx_word' id='word_1_59' title='bbox 552 643 742 694; x_wconf 89' lang='lat' dir='ltr'>motivo</span> <span class='ocrx_word' id='word_1_60' title='bbox 783 644 958 704; x_wconf 91' lang='lat' dir='ltr'>sumit,</span> <span class='ocrx_word' id='word_1_61' title='bbox 1022 659 1052 695; x_wconf 85' lang='lat' dir='ltr'>a.</span> <span class='ocrx_word' id='word_1_62' title='bbox 1117 659 1203 695; x_wconf 92' lang='lat' dir='ltr'>vo-</span> 
     </span>
     <span class='ocr_line' id='line_1_11' title="bbox 207 709 1203 785; baseline 0.006 -22"><span class='ocrx_word' id='word_1_63' title='bbox 207 709 409 765; x_wconf 86' lang='lat' dir='ltr'>luntate</span> <span class='ocrx_word' id='word_1_64' title='bbox 451 715 637 778; x_wconf 85' lang='lat' dir='ltr'>Patris,</span> <span class='ocrx_word' id='word_1_65' title='bbox 681 732 834 785; x_wconf 90' lang='lat' dir='ltr'>quam</span> <span class='ocrx_word' id='word_1_66' title='bbox 887 717 1089 785; x_wconf 86' lang='lat' dir='ltr'>quaerit</span> <span class='ocrx_word' id='word_1_67' title='bbox 1152 724 1203 769; x_wconf 84' lang='lat' dir='ltr'>et</span> 
     </span>
     <span class='ocr_line' id='line_1_12' title="bbox 203 786 1204 857; baseline 0.006 -20"><span class='ocrx_word' id='word_1_68' title='bbox 203 786 472 855; x_wconf 81' lang='lat' dir='ltr'>adimplet.</span> <span class='ocrx_word' id='word_1_69' title='bbox 518 789 612 842; x_wconf 83' lang='lat' dir='ltr'>Ast</span> <span class='ocrx_word' id='word_1_70' title='bbox 654 806 742 857; x_wconf 86' lang='lat' dir='ltr'>per</span> <span class='ocrx_word' id='word_1_71' title='bbox 782 806 930 842; x_wconf 91' lang='lat' dir='ltr'>suam</span> <span class='ocrx_word' id='word_1_72' title='bbox 972 790 1204 843; x_wconf 89' lang='lat' dir='ltr'>volunta-</span> 
     </span>
     <span class='ocr_line' id='line_1_13' title="bbox 204 859 1200 933; baseline 0.004 -21"><span class='ocrx_word' id='word_1_73' title='bbox 204 866 309 912; x_wconf 89' lang='lat' dir='ltr'>tem</span> <span class='ocrx_word' id='word_1_74' title='bbox 349 859 581 914; x_wconf 80' lang='lat' dir='ltr'>Christus</span> <span class='ocrx_word' id='word_1_75' title='bbox 621 862 703 915; x_wconf 85' lang='lat' dir='ltr'>hie</span> <span class='ocrx_word' id='word_1_76' title='bbox 742 880 841 916; x_wconf 90' lang='lat' dir='ltr'>non</span> <span class='ocrx_word' id='word_1_77' title='bbox 871 865 1200 933; x_wconf 87' lang='lat' dir='ltr'>potuitintel-</span> 
     </span>
     <span class='ocr_line' id='line_1_14' title="bbox 204 931 1200 1001; baseline 0.006 -17"><span class='ocrx_word' id='word_1_78' title='bbox 204 931 364 1001; x_wconf 85' lang='lat' dir='ltr'>ligere</span> <span class='ocrx_word' id='word_1_79' title='bbox 404 935 674 1001; x_wconf 85' lang='lat' dir='ltr'>divinam3</span> <span class='ocrx_word' id='word_1_80' title='bbox 719 937 845 990; x_wconf 88' lang='lat' dir='ltr'>haec</span> <span class='ocrx_word' id='word_1_81' title='bbox 886 940 1022 990; x_wconf 92' lang='lat' dir='ltr'>enim</span> <span class='ocrx_word' id='word_1_82' title='bbox 1084 956 1200 990; x_wconf 88' lang='lat' dir='ltr'>cum</span> 
     </span>
     <span class='ocr_line' id='line_1_15' title="bbox 202 1009 1199 1077; baseline 0.005 -18"><span class='ocrx_word' id='word_1_83' title='bbox 202 1009 270 1060; x_wconf 88' lang='lat' dir='ltr'>sit</span> <span class='ocrx_word' id='word_1_84' title='bbox 308 1009 415 1077; x_wconf 89' lang='lat' dir='ltr'>ipsa</span> <span class='ocrx_word' id='word_1_85' title='bbox 457 1011 680 1063; x_wconf 82' lang='lat' dir='ltr'>essentia</span> <span class='ocrx_word' id='word_1_86' title='bbox 722 1011 834 1072; x_wconf 91' lang='lat' dir='ltr'>Dei,</span> <span class='ocrx_word' id='word_1_87' title='bbox 882 1028 981 1064; x_wconf 84' lang='lat' dir='ltr'>una</span> <span class='ocrx_word' id='word_1_88' title='bbox 1011 1018 1088 1064; x_wconf 86' lang='lat' dir='ltr'>est</span> <span class='ocrx_word' id='word_1_89' title='bbox 1110 1013 1199 1064; x_wconf 86' lang='lat' dir='ltr'>Pa-</span> 
     </span>
     <span class='ocr_line' id='line_1_16' title="bbox 203 1081 1202 1150; baseline 0.006 -18"><span class='ocrx_word' id='word_1_90' title='bbox 203 1081 297 1133; x_wconf 86' lang='lat' dir='ltr'>tris</span> <span class='ocrx_word' id='word_1_91' title='bbox 335 1089 387 1135; x_wconf 90' lang='lat' dir='ltr'>et</span> <span class='ocrx_word' id='word_1_92' title='bbox 426 1081 539 1135; x_wconf 83' lang='lat' dir='ltr'>Filii</span> <span class='ocrx_word' id='word_1_93' title='bbox 581 1085 672 1150; x_wconf 86' lang='lat' dir='ltr'>ita,</span> <span class='ocrx_word' id='word_1_94' title='bbox 718 1091 774 1136; x_wconf 90' lang='lat' dir='ltr'>ut</span> <span class='ocrx_word' id='word_1_95' title='bbox 829 1086 964 1137; x_wconf 81' lang='lat' dir='ltr'>inter</span> <span class='ocrx_word' id='word_1_96' title='bbox 1022 1087 1202 1138; x_wconf 87' lang='lat' dir='ltr'>volun-</span> 
     </span>
     <span class='ocr_line' id='line_1_17' title="bbox 204 1156 1196 1213; baseline 0.007 -7"><span class='ocrx_word' id='word_1_97' title='bbox 204 1160 363 1208; x_wconf 86' lang='lat' dir='ltr'>tatem</span> <span class='ocrx_word' id='word_1_98' title='bbox 407 1156 571 1209; x_wconf 82' lang='lat' dir='ltr'>Patris</span> <span class='ocrx_word' id='word_1_99' title='bbox 610 1165 662 1210; x_wconf 91' lang='lat' dir='ltr'>et</span> <span class='ocrx_word' id='word_1_100' title='bbox 703 1158 835 1211; x_wconf 85' lang='lat' dir='ltr'>inter</span> <span class='ocrx_word' id='word_1_101' title='bbox 883 1159 1196 1213; x_wconf 90' lang='lat' dir='ltr'>voluntatem</span> 
     </span>
     <span class='ocr_line' id='line_1_18' title="bbox 203 1228 1197 1301; baseline 0.006 -21"><span class='ocrx_word' id='word_1_102' title='bbox 203 1228 433 1282; x_wconf 91' lang='lat' dir='ltr'>divinam</span> <span class='ocrx_word' id='word_1_103' title='bbox 473 1230 586 1283; x_wconf 91' lang='lat' dir='ltr'>Filii</span> <span class='ocrx_word' id='word_1_104' title='bbox 617 1232 757 1284; x_wconf 88' lang='lat' dir='ltr'>nulla</span> <span class='ocrx_word' id='word_1_105' title='bbox 789 1249 995 1301; x_wconf 83' lang='lat' dir='ltr'>prorsus</span> <span class='ocrx_word' id='word_1_106' title='bbox 1017 1234 1197 1285; x_wconf 90' lang='lat' dir='ltr'>distin-</span> 
     </span>
     <span class='ocr_line' id='line_1_19' title="bbox 203 1302 1199 1375; baseline 0.006 -22"><span class='ocrx_word' id='word_1_107' title='bbox 203 1303 302 1354; x_wconf 88' lang='lat' dir='ltr'>ctio</span> <span class='ocrx_word' id='word_1_108' title='bbox 343 1302 512 1355; x_wconf 89' lang='lat' dir='ltr'>locum</span> <span class='ocrx_word' id='word_1_109' title='bbox 555 1305 760 1367; x_wconf 81' lang='lat' dir='ltr'>habeat,</span> <span class='ocrx_word' id='word_1_110' title='bbox 804 1308 937 1375; x_wconf 91' lang='lat' dir='ltr'>quod</span> <span class='ocrx_word' id='word_1_111' title='bbox 967 1306 1199 1359; x_wconf 78' lang='lat' dir='ltr'>Christus</span> 
     </span>
     <span class='ocr_line' id='line_1_20' title="bbox 204 1376 1199 1449; baseline 0.006 -22"><span class='ocrx_word' id='word_1_112' title='bbox 204 1376 313 1443; x_wconf 89' lang='lat' dir='ltr'>ipse</span> <span class='ocrx_word' id='word_1_113' title='bbox 354 1377 522 1430; x_wconf 85' lang='lat' dir='ltr'>innuit</span> <span class='ocrx_word' id='word_1_114' title='bbox 562 1378 769 1431; x_wconf 88' lang='lat' dir='ltr'>dicens:</span> <span class='ocrx_word' id='word_1_115' title='bbox 813 1380 917 1449; x_wconf 74' lang='lat' dir='ltr'>Eyo</span> <span class='ocrx_word' id='word_1_116' title='bbox 956 1390 999 1432; x_wconf 84' lang='lat' dir='ltr'>et</span> <span class='ocrx_word' id='word_1_117' title='bbox 1055 1381 1199 1434; x_wconf 84' lang='lat' dir='ltr'>Pater</span> 
     </span>
     <span class='ocr_line' id='line_1_21' title="bbox 201 1452 1198 1522; baseline 0.007 -22"><span class='ocrx_word' id='word_1_118' title='bbox 201 1465 361 1501; x_wconf 81' lang='lat' dir='ltr'>unum</span> <span class='ocrx_word' id='word_1_119' title='bbox 399 1467 569 1504; x_wconf 79' lang='lat' dir='ltr'>sumus</span> <span class='ocrx_word' id='word_1_120' title='bbox 598 1452 697 1522; x_wconf 63' lang='lat' dir='ltr'><strong>(Q),</strong></span> <span class='ocrx_word' id='word_1_121' title='bbox 733 1453 784 1505; x_wconf 88' lang='lat' dir='ltr'>Si</span> <span class='ocrx_word' id='word_1_122' title='bbox 825 1462 999 1506; x_wconf 87' lang='lat' dir='ltr'>autem</span> <span class='ocrx_word' id='word_1_123' title='bbox 1064 1457 1198 1508; x_wconf 84' lang='lat' dir='ltr'>iuter</span> 
     </span>
     <span class='ocr_line' id='line_1_22' title="bbox 203 1523 1194 1582; baseline 0.011 -11"><span class='ocrx_word' id='word_1_124' title='bbox 203 1523 525 1578; x_wconf 89' lang='lat' dir='ltr'>voluntatem</span> <span class='ocrx_word' id='word_1_125' title='bbox 567 1526 733 1579; x_wconf 79' lang='lat' dir='ltr'>Patris</span> <span class='ocrx_word' id='word_1_126' title='bbox 772 1535 824 1580; x_wconf 92' lang='lat' dir='ltr'>et</span> <span class='ocrx_word' id='word_1_127' title='bbox 875 1528 1194 1582; x_wconf 87' lang='lat' dir='ltr'>voluntatem</span> 
     </span>
     <span class='ocr_line' id='line_1_23' title="bbox 201 1596 1198 1671; baseline 0.007 -23"><span class='ocrx_word' id='word_1_128' title='bbox 201 1596 429 1651; x_wconf 89' lang='lat' dir='ltr'>divinam</span> <span class='ocrx_word' id='word_1_129' title='bbox 471 1599 583 1652; x_wconf 89' lang='lat' dir='ltr'>Filii</span> <span class='ocrx_word' id='word_1_130' title='bbox 641 1600 785 1654; x_wconf 88' lang='lat' dir='ltr'>nulla</span> <span class='ocrx_word' id='word_1_131' title='bbox 851 1618 1059 1671; x_wconf 85' lang='lat' dir='ltr'>prorsus</span> <span class='ocrx_word' id='word_1_132' title='bbox 1124 1604 1198 1655; x_wconf 91' lang='lat' dir='ltr'>di-</span> 
     </span>
     <span class='ocr_line' id='line_1_24' title="bbox 200 1672 1196 1737; baseline 0.006 -14"><span class='ocrx_word' id='word_1_133' title='bbox 200 1672 406 1725; x_wconf 88' lang='lat' dir='ltr'>stinctio</span> <span class='ocrx_word' id='word_1_134' title='bbox 446 1674 616 1726; x_wconf 89' lang='lat' dir='ltr'>locum</span> <span class='ocrx_word' id='word_1_135' title='bbox 655 1675 829 1737; x_wconf 88' lang='lat' dir='ltr'>habet,</span> <span class='ocrx_word' id='word_1_136' title='bbox 874 1682 926 1729; x_wconf 86' lang='lat' dir='ltr'>et</span> <span class='ocrx_word' id='word_1_137' title='bbox 965 1676 1196 1730; x_wconf 82' lang='lat' dir='ltr'>Christus</span> 
     </span>
     <span class='ocr_line' id='line_1_25' title="bbox 203 1750 1199 1804; baseline 0.007 -7"><span class='ocrx_word' id='word_1_138' title='bbox 203 1751 372 1798; x_wconf 90' lang='lat' dir='ltr'>tamen</span> <span class='ocrx_word' id='word_1_139' title='bbox 414 1764 561 1800; x_wconf 89' lang='lat' dir='ltr'>suam</span> <span class='ocrx_word' id='word_1_140' title='bbox 604 1750 922 1803; x_wconf 90' lang='lat' dir='ltr'>voluntatem</span> <span class='ocrx_word' id='word_1_141' title='bbox 964 1767 991 1802; x_wconf 92' lang='lat' dir='ltr'>a</span> <span class='ocrx_word' id='word_1_142' title='bbox 1021 1751 1199 1804; x_wconf 84' lang='lat' dir='ltr'>volun·</span> 
     </span>
     <span class='ocr_line' id='line_1_26' title="bbox 207 1820 1192 1891; baseline 0.007 -21"><span class='ocrx_word' id='word_1_143' title='bbox 207 1825 313 1872; x_wconf 90' lang='lat' dir='ltr'>tate</span> <span class='ocrx_word' id='word_1_144' title='bbox 353 1820 519 1875; x_wconf 80' lang='lat' dir='ltr'>Patris</span> <span class='ocrx_word' id='word_1_145' title='bbox 577 1823 874 1891; x_wconf 85' lang='lat' dir='ltr'>distinguit,</span> <span class='ocrx_word' id='word_1_146' title='bbox 908 1832 1080 1877; x_wconf 84' lang='lat' dir='ltr'>·certe</span> <span class='ocrx_word' id='word_1_147' title='bbox 1144 1827 1192 1877; x_wconf 90' lang='lat' dir='ltr'>in</span> 
     </span>
     <span class='ocr_line' id='line_1_27' title="bbox 200 1892 1197 1966; baseline 0.007 -22"><span class='ocrx_word' id='word_1_148' title='bbox 200 1892 400 1947; x_wconf 81' lang='lat' dir='ltr'>Christo</span> <span class='ocrx_word' id='word_1_149' title='bbox 439 1895 539 1948; x_wconf 88' lang='lat' dir='ltr'>alia</span> <span class='ocrx_word' id='word_1_150' title='bbox 579 1897 820 1950; x_wconf 84' lang='lat' dir='ltr'>voluntas</span> <span class='ocrx_word' id='word_1_151' title='bbox 860 1906 1063 1966; x_wconf 84' lang='lat' dir='ltr'>praeter</span> <span class='ocrx_word' id='word_1_152' title='bbox 1127 1900 1197 1951; x_wconf 92' lang='lat' dir='ltr'>di-</span> 
     </span>
     <span class='ocr_line' id='line_1_28' title="bbox 202 1967 1194 2040; baseline 0.008 -23"><span class='ocrx_word' id='word_1_153' title='bbox 202 1967 375 2020; x_wconf 89' lang='lat' dir='ltr'>vinam</span> <span class='ocrx_word' id='word_1_154' title='bbox 416 1969 735 2023; x_wconf 88' lang='lat' dir='ltr'>admittenda</span> <span class='ocrx_word' id='word_1_155' title='bbox 764 1979 862 2032; x_wconf 83' lang='lat' dir='ltr'>est,</span> <span class='ocrx_word' id='word_1_156' title='bbox 897 1988 1078 2040; x_wconf 83' lang='lat' dir='ltr'>nempe</span> <span class='ocrx_word' id='word_1_157' title='bbox 1101 1972 1194 2025; x_wconf 90' lang='lat' dir='ltr'>hu—</span> 
     </span>
     <span class='ocr_line' id='line_1_29' title="bbox 200 2045 1193 2116; baseline 0.007 -24"><span class='ocrx_word' id='word_1_158' title='bbox 200 2055 385 2104; x_wconf 87' lang='lat' dir='ltr'>mana,</span> <span class='ocrx_word' id='word_1_159' title='bbox 454 2050 506 2096; x_wconf 92' lang='lat' dir='ltr'>et</span> <span class='ocrx_word' id='word_1_160' title='bbox 569 2045 773 2113; x_wconf 91' lang='lat' dir='ltr'>quidem</span> <span class='ocrx_word' id='word_1_161' title='bbox 841 2046 999 2098; x_wconf 82' lang='lat' dir='ltr'>libera</span> <span class='ocrx_word' id='word_1_162' title='bbox 1065 2064 1193 2116; x_wconf 91' lang='lat' dir='ltr'>quae</span> 
     </span>
     <span class='ocr_line' id='line_1_30' title="bbox 201 2116 1193 2188; baseline 0.007 -22"><span class='ocrx_word' id='word_1_163' title='bbox 201 2116 423 2183; x_wconf 84' lang='lat' dir='ltr'>quaerit,</span> <span class='ocrx_word' id='word_1_164' title='bbox 468 2124 518 2169; x_wconf 88' lang='lat' dir='ltr'>et</span> <span class='ocrx_word' id='word_1_165' title='bbox 557 2120 728 2171; x_wconf 86' lang='lat' dir='ltr'>activa</span> <span class='ocrx_word' id='word_1_166' title='bbox 767 2135 900 2188; x_wconf 88' lang='lat' dir='ltr'>quae</span> <span class='ocrx_word' id='word_1_167' title='bbox 940 2121 1061 2172; x_wconf 85' lang='lat' dir='ltr'>facit</span> <span class='ocrx_word' id='word_1_168' title='bbox 1106 2138 1193 2173; x_wconf 91' lang='lat' dir='ltr'>vo-</span> 
     </span>
     <span class='ocr_line' id='line_1_31' title="bbox 202 2187 1193 2247; baseline 0.007 -7"><span class='ocrx_word' id='word_1_169' title='bbox 202 2187 452 2245; x_wconf 89' lang='lat' dir='ltr'>luntatem</span> <span class='ocrx_word' id='word_1_170' title='bbox 480 2191 663 2246; x_wconf 77' lang='lat' dir='ltr'>Patris,</span> <span class='ocrx_word' id='word_1_171' title='bbox 694 2224 767 2232; x_wconf 91' lang='lat'>—</span> <span class='ocrx_word' id='word_1_172' title='bbox 796 2195 949 2246; x_wconf 78' lang='lat' dir='ltr'>Porro</span> <span class='ocrx_word' id='word_1_173' title='bbox 972 2195 1193 2247; x_wconf 84' lang='lat' dir='ltr'>instante</span> 
     </span>
     <span class='ocr_line' id='line_1_32' title="bbox 202 2264 1193 2331; baseline 0.007 -17"><span class='ocrx_word' id='word_1_174' title='bbox 202 2264 436 2331; x_wconf 85' lang='lat' dir='ltr'>passione</span> <span class='ocrx_word' id='word_1_175' title='bbox 477 2265 546 2318; x_wconf 88' lang='lat' dir='ltr'>ita</span> <span class='ocrx_word' id='word_1_176' title='bbox 588 2265 820 2320; x_wconf 81' lang='lat' dir='ltr'>Christus</span> <span class='ocrx_word' id='word_1_177' title='bbox 859 2269 1058 2320; x_wconf 87' lang='lat' dir='ltr'>oravit:</span> <span class='ocrx_word' id='word_1_178' title='bbox 1090 2269 1193 2321; x_wconf 84' lang='lat' dir='ltr'>Pa-</span> 
     </span>
     <span class='ocr_line' id='line_1_33' title="bbox 203 2339 1192 2408; baseline 0.007 -20"><span class='ocrx_word' id='word_1_179' title='bbox 203 2345 275 2388; x_wconf 83' lang='lat' dir='ltr'>ter</span> <span class='ocrx_word' id='word_1_180' title='bbox 314 2339 404 2400; x_wconf 79' lang='lat' dir='ltr'>mi,</span> <span class='ocrx_word' id='word_1_181' title='bbox 447 2339 493 2391; x_wconf 80' lang='lat' dir='ltr'>si</span> <span class='ocrx_word' id='word_1_182' title='bbox 526 2341 749 2408; x_wconf 79' lang='lat' dir='ltr'>possibile</span> <span class='ocrx_word' id='word_1_183' title='bbox 787 2349 874 2403; x_wconf 85' lang='lat' dir='ltr'>est,</span> <span class='ocrx_word' id='word_1_184' title='bbox 920 2351 1136 2395; x_wconf 81' lang='lat' dir='ltr'>transeat</span> <span class='ocrx_word' id='word_1_185' title='bbox 1163 2361 1192 2396; x_wconf 91' lang='lat' dir='ltr'>a</span> 
     </span>
     <span class='ocr_line' id='line_1_34' title="bbox 199 2412 1193 2470; baseline 0.007 -7"><span class='ocrx_word' id='word_1_186' title='bbox 199 2426 274 2463; x_wconf 84' lang='lat' dir='ltr'>me</span> <span class='ocrx_word' id='word_1_187' title='bbox 313 2412 447 2465; x_wconf 69' lang='lat' dir='ltr'>caliz·</span> <span class='ocrx_word' id='word_1_188' title='bbox 486 2415 606 2466; x_wconf 82' lang='lat' dir='ltr'>iste:</span> <span class='ocrx_word' id='word_1_189' title='bbox 648 2425 960 2469; x_wconf 72' lang='lat' dir='ltr'>veruntamen</span> <span class='ocrx_word' id='word_1_190' title='bbox 998 2433 1095 2470; x_wconf 78' lang='lat' dir='ltr'>non</span> <span class='ocrx_word' id='word_1_191' title='bbox 1126 2419 1193 2470; x_wconf 80' lang='lat' dir='ltr'>si-</span> 
     </span>
     <span class='ocr_line' id='line_1_35' title="bbox 199 2487 1189 2561; baseline 0.007 -25"><span class='ocrx_word' id='word_1_192' title='bbox 199 2492 278 2537; x_wconf 82' lang='lat' dir='ltr'>cut</span> <span class='ocrx_word' id='word_1_193' title='bbox 316 2502 398 2554; x_wconf 74' lang='lat' dir='ltr'>eqo</span> <span class='ocrx_word' id='word_1_194' title='bbox 439 2487 559 2549; x_wconf 74' lang='lat' dir='ltr'>volo,</span> <span class='ocrx_word' id='word_1_195' title='bbox 602 2489 684 2541; x_wconf 86' lang='lat' dir='ltr'>sed</span> <span class='ocrx_word' id='word_1_196' title='bbox 719 2490 845 2542; x_wconf 74' lang='lat' dir='ltr'>sicut</span> <span class='ocrx_word' id='word_1_197' title='bbox 885 2500 936 2543; x_wconf 85' lang='lat' dir='ltr'>tu</span> <span class='ocrx_word' id='word_1_198' title='bbox 964 2491 1063 2561; x_wconf 79' lang='lat'>(5);</span> <span class='ocrx_word' id='word_1_199' title='bbox 1108 2492 1189 2544; x_wconf 85' lang='lat' dir='ltr'>vel</span> 
     </span>
     <span class='ocr_line' id='line_1_36' title="bbox 201 2557 1192 2627; baseline 0.008 -17"><span class='ocrx_word' id='word_1_200' title='bbox 201 2565 256 2610; x_wconf 88' lang='lat' dir='ltr'>ut</span> <span class='ocrx_word' id='word_1_201' title='bbox 295 2557 482 2627; x_wconf 82' lang='lat' dir='ltr'>legitur</span> <span class='ocrx_word' id='word_1_202' title='bbox 523 2561 643 2615; x_wconf 88' lang='lat' dir='ltr'>Luc.</span> <span class='ocrx_word' id='word_1_203' title='bbox 676 2563 769 2623; x_wconf 64' lang='lat'>2⁰2,</span> <span class='ocrx_word' id='word_1_204' title='bbox 801 2564 905 2616; x_wconf 60' lang='lat' dir='ltr'>th:</span> <span class='ocrx_word' id='word_1_205' title='bbox 946 2565 1060 2618; x_wconf 84' lang='lat' dir='ltr'>Non</span> <span class='ocrx_word' id='word_1_206' title='bbox 1086 2581 1192 2618; x_wconf 82' lang='lat' dir='ltr'>mea</span> 
     </span>
     <span class='ocr_line' id='line_1_37' title="bbox 199 2632 1190 2709; baseline 0.009 -26"><span class='ocrx_word' id='word_1_207' title='bbox 199 2632 422 2687; x_wconf 74' lang='lat' dir='ltr'>voluntas</span> <span class='ocrx_word' id='word_1_208' title='bbox 460 2636 544 2686; x_wconf 83' lang='lat' dir='ltr'>sed</span> <span class='ocrx_word' id='word_1_209' title='bbox 584 2643 667 2689; x_wconf 84' lang='lat' dir='ltr'>tua</span> <span class='ocrx_word' id='word_1_210' title='bbox 705 2638 831 2707; x_wconf 78' lang='lat' dir='ltr'>fiat:</span> <span class='ocrx_word' id='word_1_211' title='bbox 873 2638 952 2691; x_wconf 92' lang='lat' dir='ltr'>his</span> <span class='ocrx_word' id='word_1_212' title='bbox 990 2656 1190 2709; x_wconf 90' lang='lat' dir='ltr'>quoque</span> 
     </span>
     <span class='ocr_line' id='line_1_38' title="bbox 198 2706 1193 2766; baseline 0.009 -9"><span class='ocrx_word' id='word_1_213' title='bbox 198 2706 249 2758; x_wconf 91' lang='lat' dir='ltr'>in</span> <span class='ocrx_word' id='word_1_214' title='bbox 292 2709 463 2761; x_wconf 82' lang='lat' dir='ltr'>verbis</span> <span class='ocrx_word' id='word_1_215' title='bbox 503 2708 736 2763; x_wconf 79' lang='lat' dir='ltr'>Christus</span> <span class='ocrx_word' id='word_1_216' title='bbox 775 2728 923 2765; x_wconf 89' lang='lat' dir='ltr'>suam</span> <span class='ocrx_word' id='word_1_217' title='bbox 959 2713 1193 2766; x_wconf 87' lang='lat' dir='ltr'>volunta-</span> 
     </span>
     <span class='ocr_line' id='line_1_39' title="bbox 198 2783 1190 2839; baseline 0.008 -8"><span class='ocrx_word' id='word_1_218' title='bbox 198 2786 300 2832; x_wconf 86' lang='lat' dir='ltr'>tem</span> <span class='ocrx_word' id='word_1_219' title='bbox 363 2783 775 2838; x_wconf 82' lang='lat' dir='ltr'>manifestissime</span> <span class='ocrx_word' id='word_1_220' title='bbox 832 2802 863 2838; x_wconf 90' lang='lat' dir='ltr'>a</span> <span class='ocrx_word' id='word_1_221' title='bbox 923 2787 1190 2839; x_wconf 88' lang='lat' dir='ltr'>voluntate</span> 
     </span>
     <span class='ocr_line' id='line_1_40' title="bbox 198 2852 1191 2926; baseline 0.008 -21"><span class='ocrx_word' id='word_1_222' title='bbox 198 2852 366 2907; x_wconf 82' lang='lat' dir='ltr'>Patris</span> <span class='ocrx_word' id='word_1_223' title='bbox 405 2857 702 2926; x_wconf 86' lang='lat' dir='ltr'>distinguit3</span> <span class='ocrx_word' id='word_1_224' title='bbox 740 2860 842 2912; x_wconf 92' lang='lat' dir='ltr'>imo</span> <span class='ocrx_word' id='word_1_225' title='bbox 888 2876 1036 2912; x_wconf 89' lang='lat' dir='ltr'>suam</span> <span class='ocrx_word' id='word_1_226' title='bbox 1102 2877 1191 2913; x_wconf 90' lang='lat' dir='ltr'>vo-</span> 
     </span>
     <span class='ocr_line' id='line_1_41' title="bbox 198 2926 1189 3003; baseline 0.009 -25"><span class='ocrx_word' id='word_1_227' title='bbox 198 2926 450 2981; x_wconf 89' lang='lat' dir='ltr'>luntatem</span> <span class='ocrx_word' id='word_1_228' title='bbox 511 2933 763 2986; x_wconf 87' lang='lat' dir='ltr'>voluntati</span> <span class='ocrx_word' id='word_1_229' title='bbox 821 2933 986 2987; x_wconf 84' lang='lat' dir='ltr'>Patris</span> <span class='ocrx_word' id='word_1_230' title='bbox 1028 2935 1189 3003; x_wconf 83' lang='lat' dir='ltr'>perfe-</span> 
     </span>
     <span class='ocr_line' id='line_1_42' title="bbox 197 3002 1191 3061; baseline 0.008 -9"><span class='ocrx_word' id='word_1_231' title='bbox 197 3002 424 3055; x_wconf 88' lang='lat' dir='ltr'>ctissime</span> <span class='ocrx_word' id='word_1_232' title='bbox 452 3005 692 3059; x_wconf 83' lang='lat' dir='ltr'>subiicit:</span> <span class='ocrx_word' id='word_1_233' title='bbox 735 3014 815 3060; x_wconf 89' lang='lat' dir='ltr'>ast</span> <span class='ocrx_word' id='word_1_234' title='bbox 843 3007 1083 3061; x_wconf 89' lang='lat' dir='ltr'>voluntas</span> <span class='ocrx_word' id='word_1_235' title='bbox 1116 3009 1191 3060; x_wconf 93' lang='lat' dir='ltr'>di-</span> 
     </span>
     <span class='ocr_line' id='line_1_43' title="bbox 198 3075 1189 3149; baseline 0.008 -24"><span class='ocrx_word' id='word_1_236' title='bbox 198 3075 317 3127; x_wconf 88' lang='lat' dir='ltr'>vina</span> <span class='ocrx_word' id='word_1_237' title='bbox 358 3075 469 3128; x_wconf 89' lang='lat' dir='ltr'>Filii</span> <span class='ocrx_word' id='word_1_238' title='bbox 512 3095 676 3149; x_wconf 85' lang='lat' dir='ltr'>neque</span> <span class='ocrx_word' id='word_1_239' title='bbox 715 3098 745 3133; x_wconf 92' lang='lat' dir='ltr'>a</span> <span class='ocrx_word' id='word_1_240' title='bbox 778 3081 1050 3136; x_wconf 79' lang='lat' dir='ltr'>.voluntate</span> <span class='ocrx_word' id='word_1_241' title='bbox 1098 3082 1189 3134; x_wconf 86' lang='lat' dir='ltr'>Pa-</span> 
     </span>
     <span class='ocr_line' id='line_1_44' title="bbox 195 3148 1188 3225; baseline 0.009 -26"><span class='ocrx_word' id='word_1_242' title='bbox 195 3149 290 3201; x_wconf 85' lang='lat' dir='ltr'>tris</span> <span class='ocrx_word' id='word_1_243' title='bbox 330 3148 595 3218; x_wconf 85' lang='lat' dir='ltr'>distingui,</span> <span class='ocrx_word' id='word_1_244' title='bbox 659 3171 825 3224; x_wconf 89' lang='lat' dir='ltr'>neque</span> <span class='ocrx_word' id='word_1_245' title='bbox 886 3156 1188 3225; x_wconf 89' lang='lat' dir='ltr'>sibimetipsi</span> 
     </span>
     <span class='ocr_line' id='line_1_45' title="bbox 195 3222 1186 3296; baseline 0.011 -23"><span class='ocrx_word' id='word_1_246' title='bbox 195 3222 376 3274; x_wconf 89' lang='lat' dir='ltr'>subiici</span> <span class='ocrx_word' id='word_1_247' title='bbox 419 3231 621 3292; x_wconf 87' lang='lat' dir='ltr'>potest:</span> <span class='ocrx_word' id='word_1_248' title='bbox 665 3244 786 3296; x_wconf 79' lang='lat' dir='ltr'>crgo</span> <span class='ocrx_word' id='word_1_249' title='bbox 816 3231 1107 3283; x_wconf 84' lang='lat' dir='ltr'>necessario</span> <span class='ocrx_word' id='word_1_250' title='bbox 1136 3232 1186 3282; x_wconf 91' lang='lat' dir='ltr'>in</span> 
     </span>
     <span class='ocr_line' id='line_1_46' title="bbox 194 3294 1188 3366; baseline 0.009 -18"><span class='ocrx_word' id='word_1_251' title='bbox 194 3294 398 3350; x_wconf 80' lang='lat' dir='ltr'>Christo</span> <span class='ocrx_word' id='word_1_252' title='bbox 436 3303 762 3366; x_wconf 82' lang='lat' dir='ltr'>agnoscenda</span> <span class='ocrx_word' id='word_1_253' title='bbox 818 3310 897 3358; x_wconf 89' lang='lat' dir='ltr'>est</span> <span class='ocrx_word' id='word_1_254' title='bbox 948 3304 1188 3359; x_wconf 85' lang='lat' dir='ltr'>voluntas</span> 
     </span>
    </p>
   </div>
   <div class='ocr_carea' id='block_1_8' title="bbox 237 3454 1074 3593">
    <p class='ocr_par' dir='ltr' id='par_1_8' title="bbox 237 3454 1074 3593">
     <span class='ocr_line' id='line_1_47' title="bbox 237 3454 600 3589; baseline 0.008 -55"><span class='ocrx_word' id='word_1_255' title='bbox 237 3454 293 3589; x_wconf 58' lang='lat'>33}</span> <span class='ocrx_word' id='word_1_256' title='bbox 315 3455 521 3543; x_wconf 50' lang='lat' dir='ltr'>tassia,</span> <span class='ocrx_word' id='word_1_257' title='bbox 545 3499 600 3538; x_wconf 72' lang='lat'>3⁰.</span> 
     </span>
     <span class='ocr_line' id='line_1_48' title="bbox 255 3542 1074 3593; baseline 0.009 -14"><span class='ocrx_word' id='word_1_258' title='bbox 255 3542 276 3579; x_wconf 70' lang='lat' dir='ltr'><strong>u</strong></span> <span class='ocrx_word' id='word_1_259' title='bbox 315 3543 411 3593; x_wconf 54' lang='lat' dir='ltr'>tude</span> <span class='ocrx_word' id='word_1_260' title='bbox 432 3544 570 3582; x_wconf 72' lang='lat' dir='ltr'>meai-n.</span> <span class='ocrx_word' id='word_1_261' title='bbox 603 3549 638 3583; x_wconf 73' lang='grc' dir='ltr'>ιι</span> <span class='ocrx_word' id='word_1_262' title='bbox 662 3549 791 3582; x_wconf 79' lang='lat' dir='ltr'>contra</span> <span class='ocrx_word' id='word_1_263' title='bbox 814 3546 936 3584; x_wconf 71' lang='lat' dir='ltr'>Arian-</span> <span class='ocrx_word' id='word_1_264' title='bbox 961 3557 998 3587; x_wconf 89' lang='lat' dir='ltr'>u.</span> <span class='ocrx_word' id='word_1_265' title='bbox 1020 3549 1074 3586; x_wconf 71' lang='lat' dir='ltr'>nt.</span> 
     </span>
    </p>
   </div>
   <div class='ocr_carea' id='block_1_9' title="bbox 879 3460 1168 3506">
    <p class='ocr_par' dir='ltr' id='par_1_9' title="bbox 879 3460 1168 3506">
     <span class='ocr_line' id='line_1_49' title="bbox 879 3460 1168 3506; baseline 0.003 -10"><span class='ocrx_word' id='word_1_266' title='bbox 879 3460 933 3506; x_wconf 60' lang='grc' dir='ltr'>(ε)</span> <span class='ocrx_word' id='word_1_267' title='bbox 957 3464 1008 3496; x_wconf 86' lang='lat'>10.</span> <span class='ocrx_word' id='word_1_268' title='bbox 1034 3461 1089 3500; x_wconf 80' lang='grc' dir='ltr'>ιο,</span> <span class='ocrx_word' id='word_1_269' title='bbox 1113 3462 1168 3498; x_wconf 79' lang='lat'>3⁰.</span> 
     </span>
    </p>
   </div>
   <div class='ocr_carea' id='block_1_10' title="bbox 881 3503 1419 3550">
    <p class='ocr_par' dir='ltr' id='par_1_10' title="bbox 881 3503 1419 3550">
     <span class='ocr_line' id='line_1_50' title="bbox 881 3503 1419 3550; baseline 0 -10"><span class='ocrx_word' id='word_1_270' title='bbox 881 3506 933 3548; x_wconf 69' lang='grc'>(4)</span> <span class='ocrx_word' id='word_1_271' title='bbox 958 3507 1046 3540; x_wconf 75' lang='lat' dir='ltr'>l‘tiit.</span> <span class='ocrx_word' id='word_1_272' title='bbox 1073 3506 1106 3550; x_wconf 76' lang='lat'>2,</span> <span class='ocrx_word' id='word_1_273' title='bbox 1130 3505 1164 3544; x_wconf 87' lang='lat'>8.</span> <span class='ocrx_word' id='word_1_274' title='bbox 1246 3507 1316 3541; x_wconf 84' lang='lat' dir='ltr'>col.</span> <span class='ocrx_word' id='word_1_275' title='bbox 1341 3503 1419 3540; x_wconf 70' lang='lat'><strong>(352.</strong></span> 
     </span>
    </p>
   </div>
   <div class='ocr_carea' id='block_1_11' title="bbox 1250 492 2332 3370">
    <p class='ocr_par' dir='ltr' id='par_1_11' title="bbox 1261 492 2332 1508">
     <span class='ocr_line' id='line_1_51' title="bbox 1267 492 2332 566; baseline 0.004 -21"><span class='ocrx_word' id='word_1_276' title='bbox 1267 494 1474 547; x_wconf 73' lang='lat' dir='ltr'>miliavit</span> <span class='ocrx_word' id='word_1_277' title='bbox 1512 496 1821 564; x_wconf 81' lang='lat' dir='ltr'>semetipsum</span> <span class='ocrx_word' id='word_1_278' title='bbox 1852 496 2012 563; x_wconf 78' lang='lat' dir='ltr'>factus</span> <span class='ocrx_word' id='word_1_279' title='bbox 2038 495 2256 549; x_wconf 79' lang='lat' dir='ltr'>obediens</span> <span class='ocrx_word' id='word_1_280' title='bbox 2278 492 2332 566; x_wconf 50' lang='lat' dir='ltr'>gf}-</span> 
     </span>
     <span class='ocr_line' id='line_1_52' title="bbox 1267 569 2310 636; baseline 0.001 -16"><span class='ocrx_word' id='word_1_281' title='bbox 1267 585 1416 636; x_wconf 83' lang='lat' dir='ltr'>usque</span> <span class='ocrx_word' id='word_1_282' title='bbox 1462 569 1527 621; x_wconf 86' lang='lat' dir='ltr'>ad</span> <span class='ocrx_word' id='word_1_283' title='bbox 1564 578 1785 629; x_wconf 87' lang='lat' dir='ltr'>mortem,</span> <span class='ocrx_word' id='word_1_284' title='bbox 1840 577 2042 621; x_wconf 84' lang='lat' dir='ltr'>mortem</span> <span class='ocrx_word' id='word_1_285' title='bbox 2095 577 2255 621; x_wconf 79' lang='lat' dir='ltr'>autem</span> <span class='ocrx_word' id='word_1_286' title='bbox 2283 580 2310 631; x_wconf 48' lang='grc' dir='ltr'>ἐκ,</span> 
     </span>
     <span class='ocr_line' id='line_1_53' title="bbox 1264 639 2256 712; baseline -0.002 -18"><span class='ocrx_word' id='word_1_287' title='bbox 1264 643 1424 694; x_wconf 78' lang='lat' dir='ltr'>crucis</span> <span class='ocrx_word' id='word_1_288' title='bbox 1461 639 1559 712; x_wconf 68' lang='lat' dir='ltr'>(li).</span> <span class='ocrx_word' id='word_1_289' title='bbox 1616 641 1831 694; x_wconf 83' lang='lat' dir='ltr'>Obedire</span> <span class='ocrx_word' id='word_1_290' title='bbox 1870 650 2044 694; x_wconf 87' lang='lat' dir='ltr'>autem</span> <span class='ocrx_word' id='word_1_291' title='bbox 2083 643 2256 696; x_wconf 88' lang='lat' dir='ltr'>nullus</span> 
     </span>
     <span class='ocr_line' id='line_1_54' title="bbox 1265 715 2256 785; baseline 0.001 -18"><span class='ocrx_word' id='word_1_292' title='bbox 1265 716 1364 768; x_wconf 91' lang='lat' dir='ltr'>dici</span> <span class='ocrx_word' id='word_1_293' title='bbox 1405 722 1572 785; x_wconf 86' lang='lat' dir='ltr'>potest</span> <span class='ocrx_word' id='word_1_294' title='bbox 1614 716 1707 767; x_wconf 91' lang='lat' dir='ltr'>nisi</span> <span class='ocrx_word' id='word_1_295' title='bbox 1748 716 1834 785; x_wconf 93' lang='lat' dir='ltr'>qui</span> <span class='ocrx_word' id='word_1_296' title='bbox 1874 732 2024 768; x_wconf 88' lang='lat' dir='ltr'>suam</span> <span class='ocrx_word' id='word_1_297' title='bbox 2074 715 2256 768; x_wconf 88' lang='lat' dir='ltr'>volun·</span> 
     </span>
     <span class='ocr_line' id='line_1_55' title="bbox 1267 789 2302 842; baseline -0.003 -1"><span class='ocrx_word' id='word_1_298' title='bbox 1267 797 1422 842; x_wconf 84' lang='lat' dir='ltr'>tatem</span> <span class='ocrx_word' id='word_1_299' title='bbox 1466 789 1624 842; x_wconf 81' lang='lat' dir='ltr'>libere</span> <span class='ocrx_word' id='word_1_300' title='bbox 1664 789 1920 842; x_wconf 86' lang='lat' dir='ltr'>voluntati</span> <span class='ocrx_word' id='word_1_301' title='bbox 1943 790 2157 842; x_wconf 82' lang='lat' dir='ltr'>alterius</span> <span class='ocrx_word' id='word_1_302' title='bbox 2177 806 2255 842; x_wconf 90' lang='lat' dir='ltr'>su·</span> <span class='ocrx_word' id='word_1_303' title='bbox 2298 829 2302 838; x_wconf 90' lang='lat'><em>.</em></span> 
     </span>
     <span class='ocr_line' id='line_1_56' title="bbox 1264 862 2256 926; baseline 0 -10"><span class='ocrx_word' id='word_1_304' title='bbox 1264 864 1420 916; x_wconf 83' lang='lat' dir='ltr'>biicit.</span> <span class='ocrx_word' id='word_1_305' title='bbox 1465 863 1607 926; x_wconf 88' lang='lat' dir='ltr'>Quod</span> <span class='ocrx_word' id='word_1_306' title='bbox 1641 865 1681 915; x_wconf 91' lang='lat' dir='ltr'>si</span> <span class='ocrx_word' id='word_1_307' title='bbox 1722 862 1955 915; x_wconf 84' lang='lat' dir='ltr'>Christus</span> <span class='ocrx_word' id='word_1_308' title='bbox 1993 864 2155 916; x_wconf 85' lang='lat' dir='ltr'>solam</span> <span class='ocrx_word' id='word_1_309' title='bbox 2183 864 2256 916; x_wconf 91' lang='lat' dir='ltr'>di·</span> 
     </span>
     <span class='ocr_line' id='line_1_57' title="bbox 1266 936 2296 1000; baseline 0.005 -13"><span class='ocrx_word' id='word_1_310' title='bbox 1266 939 1435 990; x_wconf 85' lang='lat' dir='ltr'>vinam</span> <span class='ocrx_word' id='word_1_311' title='bbox 1467 938 1785 989; x_wconf 89' lang='lat' dir='ltr'>voluntatem</span> <span class='ocrx_word' id='word_1_312' title='bbox 1811 936 2092 1000; x_wconf 86' lang='lat' dir='ltr'>habuisset,</span> <span class='ocrx_word' id='word_1_313' title='bbox 2114 937 2255 992; x_wconf 87' lang='lat' dir='ltr'>nullo</span> <span class='ocrx_word' id='word_1_314' title='bbox 2287 959 2296 979; x_wconf 63' lang='lat' dir='ltr'>r</span> 
     </span>
     <span class='ocr_line' id='line_1_58' title="bbox 1264 1011 2332 1080; baseline 0.002 -17"><span class='ocrx_word' id='word_1_315' title='bbox 1264 1012 1410 1064; x_wconf 82' lang='lat' dir='ltr'>modo</span> <span class='ocrx_word' id='word_1_316' title='bbox 1437 1012 1679 1064; x_wconf 86' lang='lat' dir='ltr'>obediens</span> <span class='ocrx_word' id='word_1_317' title='bbox 1699 1027 1810 1063; x_wconf 87' lang='lat' dir='ltr'>esse</span> <span class='ocrx_word' id='word_1_318' title='bbox 1833 1012 2100 1079; x_wconf 89' lang='lat' dir='ltr'>potuisset,</span> <span class='ocrx_word' id='word_1_319' title='bbox 2137 1011 2253 1080; x_wconf 86' lang='lat' dir='ltr'>quia</span> <span class='ocrx_word' id='word_1_320' title='bbox 2327 1038 2332 1040; x_wconf 94' lang='lat'><em>·</em></span> 
     </span>
     <span class='ocr_line' id='line_1_59' title="bbox 1262 1085 2252 1154; baseline 0.002 -17"><span class='ocrx_word' id='word_1_321' title='bbox 1262 1085 1433 1139; x_wconf 91' lang='lat' dir='ltr'>divina</span> <span class='ocrx_word' id='word_1_322' title='bbox 1476 1085 1713 1138; x_wconf 87' lang='lat' dir='ltr'>voluntas</span> <span class='ocrx_word' id='word_1_323' title='bbox 1735 1086 2063 1138; x_wconf 88' lang='lat' dir='ltr'>subiectionis</span> <span class='ocrx_word' id='word_1_324' title='bbox 2091 1102 2252 1154; x_wconf 81' lang='lat' dir='ltr'>capax</span> 
     </span>
     <span class='ocr_line' id='line_1_60' title="bbox 1263 1159 2300 1227; baseline 0.001 -16"><span class='ocrx_word' id='word_1_325' title='bbox 1263 1176 1363 1212; x_wconf 95' lang='lat' dir='ltr'>non</span> <span class='ocrx_word' id='word_1_326' title='bbox 1405 1167 1521 1212; x_wconf 85' lang='lat' dir='ltr'>est:</span> <span class='ocrx_word' id='word_1_327' title='bbox 1565 1160 1908 1212; x_wconf 83' lang='lat' dir='ltr'>obedientiam</span> <span class='ocrx_word' id='word_1_328' title='bbox 1951 1175 2074 1227; x_wconf 82' lang='lat' dir='ltr'>ergo</span> <span class='ocrx_word' id='word_1_329' title='bbox 2114 1159 2251 1213; x_wconf 87' lang='lat' dir='ltr'>Chri·</span> <span class='ocrx_word' id='word_1_330' title='bbox 2294 1215 2300 1226; x_wconf 66' lang='lat'>-‚</span> 
     </span>
     <span class='ocr_line' id='line_1_61' title="bbox 1263 1232 2251 1303; baseline 0 -17"><span class='ocrx_word' id='word_1_331' title='bbox 1263 1242 1372 1286; x_wconf 88' lang='lat' dir='ltr'>stus</span> <span class='ocrx_word' id='word_1_332' title='bbox 1414 1235 1665 1303; x_wconf 82' lang='lat' dir='ltr'>praestitit</span> <span class='ocrx_word' id='word_1_333' title='bbox 1695 1249 1783 1302; x_wconf 77' lang='lat' dir='ltr'>pei·</span> <span class='ocrx_word' id='word_1_334' title='bbox 1810 1232 2132 1286; x_wconf 90' lang='lat' dir='ltr'>voluntatem</span> <span class='ocrx_word' id='word_1_335' title='bbox 2160 1233 2251 1287; x_wconf 92' lang='lat' dir='ltr'>hu·</span> 
     </span>
     <span class='ocr_line' id='line_1_62' title="bbox 1263 1307 2254 1376; baseline 0.003 -18"><span class='ocrx_word' id='word_1_336' title='bbox 1263 1324 1489 1369; x_wconf 89' lang='lat' dir='ltr'>manam‚</span> <span class='ocrx_word' id='word_1_337' title='bbox 1532 1323 1687 1376; x_wconf 89' lang='lat' dir='ltr'>quam</span> <span class='ocrx_word' id='word_1_338' title='bbox 1726 1309 1776 1359; x_wconf 90' lang='lat' dir='ltr'>in</span> <span class='ocrx_word' id='word_1_339' title='bbox 1818 1307 2086 1360; x_wconf 85' lang='lat' dir='ltr'>subeunda</span> <span class='ocrx_word' id='word_1_340' title='bbox 2146 1324 2254 1376; x_wconf 89' lang='lat' dir='ltr'>pas-</span> 
     </span>
     <span class='ocr_line' id='line_1_63' title="bbox 1261 1381 2254 1435; baseline 0.001 -2"><span class='ocrx_word' id='word_1_341' title='bbox 1261 1382 1402 1434; x_wconf 89' lang='lat' dir='ltr'>sione</span> <span class='ocrx_word' id='word_1_342' title='bbox 1443 1388 1494 1434; x_wconf 84' lang='lat' dir='ltr'>et</span> <span class='ocrx_word' id='word_1_343' title='bbox 1534 1381 1799 1434; x_wconf 85' lang='lat' dir='ltr'>toleranda</span> <span class='ocrx_word' id='word_1_344' title='bbox 1826 1388 1990 1435; x_wconf 87' lang='lat' dir='ltr'>morte</span> <span class='ocrx_word' id='word_1_345' title='bbox 2030 1381 2168 1435; x_wconf 86' lang='lat' dir='ltr'>Patri</span> <span class='ocrx_word' id='word_1_346' title='bbox 2197 1382 2254 1434; x_wconf 92' lang='lat' dir='ltr'>li·</span> 
     </span>
     <span class='ocr_line' id='line_1_64' title="bbox 1261 1455 1645 1508; baseline 0 -1"><span class='ocrx_word' id='word_1_347' title='bbox 1261 1455 1380 1508; x_wconf 84' lang='lat' dir='ltr'>bere</span> <span class='ocrx_word' id='word_1_348' title='bbox 1410 1456 1645 1508; x_wconf 89' lang='lat' dir='ltr'>subiecit.</span> 
     </span>
    </p>

    <p class='ocr_par' dir='ltr' id='par_1_12' title="bbox 1250 1528 2332 3370">
     <span class='ocr_line' id='line_1_65' title="bbox 1331 1528 2313 1586; baseline 0.002 -6"><span class='ocrx_word' id='word_1_349' title='bbox 1331 1530 1384 1582; x_wconf 58' lang='lat'>¹2.</span> <span class='ocrx_word' id='word_1_350' title='bbox 1411 1528 1495 1583; x_wconf 81' lang='lat' dir='ltr'>Ss.</span> <span class='ocrx_word' id='word_1_351' title='bbox 1528 1529 1695 1581; x_wconf 77' lang='lat' dir='ltr'>Patres</span> <span class='ocrx_word' id='word_1_352' title='bbox 1723 1529 1978 1581; x_wconf 87' lang='lat' dir='ltr'>constanti</span> <span class='ocrx_word' id='word_1_353' title='bbox 2000 1543 2252 1582; x_wconf 88' lang='lat' dir='ltr'>consensu</span> <span class='ocrx_word' id='word_1_354' title='bbox 2302 1550 2313 1586; x_wconf 74' lang='grc' dir='ltr'><strong><em>ς</em></strong></span> 
     </span>
     <span class='ocr_line' id='line_1_66' title="bbox 1259 1598 2321 1671; baseline 0.003 -18"><span class='ocrx_word' id='word_1_355' title='bbox 1259 1602 1387 1656; x_wconf 91' lang='lat' dir='ltr'>duas</span> <span class='ocrx_word' id='word_1_356' title='bbox 1427 1605 1478 1655; x_wconf 90' lang='lat' dir='ltr'>in</span> <span class='ocrx_word' id='word_1_357' title='bbox 1544 1602 1743 1655; x_wconf 83' lang='lat' dir='ltr'>Christo</span> <span class='ocrx_word' id='word_1_358' title='bbox 1791 1602 2084 1656; x_wconf 89' lang='lat' dir='ltr'>voluntates</span> <span class='ocrx_word' id='word_1_359' title='bbox 2136 1619 2251 1671; x_wconf 84' lang='lat' dir='ltr'>pro·</span> <span class='ocrx_word' id='word_1_360' title='bbox 2308 1598 2321 1616; x_wconf 78' lang='grc'><em>”</em></span> 
     </span>
     <span class='ocr_line' id='line_1_67' title="bbox 1260 1674 2250 1749; baseline 0.002 -22"><span class='ocrx_word' id='word_1_361' title='bbox 1260 1676 1375 1730; x_wconf 85' lang='lat' dir='ltr'>fessi</span> <span class='ocrx_word' id='word_1_362' title='bbox 1417 1684 1558 1730; x_wconf 87' lang='lat' dir='ltr'>sunt.</span> <span class='ocrx_word' id='word_1_363' title='bbox 1615 1676 1668 1729; x_wconf 91' lang='lat' dir='ltr'>S.</span> <span class='ocrx_word' id='word_1_364' title='bbox 1711 1674 2012 1728; x_wconf 76' lang='lat' dir='ltr'>Athanasius</span> <span class='ocrx_word' id='word_1_365' title='bbox 2068 1674 2143 1749; x_wconf 74' lang='lat'>(5)</span> <span class='ocrx_word' id='word_1_366' title='bbox 2197 1677 2250 1729; x_wconf 91' lang='lat' dir='ltr'>in</span> 
     </span>
     <span class='ocr_line' id='line_1_68' title="bbox 1260 1748 2300 1821; baseline 0.001 -20"><span class='ocrx_word' id='word_1_367' title='bbox 1260 1751 1346 1803; x_wconf 90' lang='lat' dir='ltr'>illa</span> <span class='ocrx_word' id='word_1_368' title='bbox 1389 1752 1582 1804; x_wconf 82' lang='lat' dir='ltr'>verba:</span> <span class='ocrx_word' id='word_1_369' title='bbox 1652 1750 1796 1803; x_wconf 83' lang='lat' dir='ltr'>Pater</span> <span class='ocrx_word' id='word_1_370' title='bbox 1853 1752 1897 1802; x_wconf 83' lang='lat' dir='ltr'>si</span> <span class='ocrx_word' id='word_1_371' title='bbox 1945 1751 2057 1821; x_wconf 76' lang='lat' dir='ltr'>fieri</span> <span class='ocrx_word' id='word_1_372' title='bbox 2095 1748 2300 1820; x_wconf 76' lang='lat' dir='ltr'>potest&#39;</span> 
     </span>
     <span class='ocr_line' id='line_1_69' title="bbox 1258 1824 2298 1887; baseline 0.001 -12"><span class='ocrx_word' id='word_1_373' title='bbox 1258 1832 1384 1887; x_wconf 87' lang='lat' dir='ltr'>etc.,</span> <span class='ocrx_word' id='word_1_374' title='bbox 1428 1826 1497 1878; x_wconf 88' lang='lat' dir='ltr'>ita</span> <span class='ocrx_word' id='word_1_375' title='bbox 1527 1825 1764 1877; x_wconf 80' lang='lat' dir='ltr'>disserit:</span> <span class='ocrx_word' id='word_1_376' title='bbox 1811 1844 1837 1873; x_wconf 91' lang='lat'>«</span> <span class='ocrx_word' id='word_1_377' title='bbox 1867 1824 2006 1877; x_wconf 89' lang='lat' dir='ltr'>Duas</span> <span class='ocrx_word' id='word_1_378' title='bbox 2046 1824 2128 1876; x_wconf 86' lang='lat' dir='ltr'>hic</span> <span class='ocrx_word' id='word_1_379' title='bbox 2167 1840 2251 1876; x_wconf 85' lang='lat' dir='ltr'>vo·</span> <span class='ocrx_word' id='word_1_380' title='bbox 2294 1846 2298 1849; x_wconf 48' lang='lat'>2</span> 
     </span>
     <span class='ocr_line' id='line_1_70' title="bbox 1259 1896 2249 1970; baseline 0.002 -21"><span class='ocrx_word' id='word_1_381' title='bbox 1259 1898 1483 1952; x_wconf 88' lang='lat' dir='ltr'>luntates</span> <span class='ocrx_word' id='word_1_382' title='bbox 1523 1900 1744 1951; x_wconf 88' lang='lat' dir='ltr'>ostendit</span> <span class='ocrx_word' id='word_1_383' title='bbox 1775 1896 2056 1970; x_wconf 80' lang='lat' dir='ltr'>(Christus)</span> <span class='ocrx_word' id='word_1_384' title='bbox 2091 1914 2249 1952; x_wconf 86' lang='lat' dir='ltr'>unam</span> 
     </span>
     <span class='ocr_line' id='line_1_71' title="bbox 1259 1973 2315 2041; baseline 0 -17"><span class='ocrx_word' id='word_1_385' title='bbox 1259 1973 1495 2026; x_wconf 84' lang='lat' dir='ltr'>videlieet</span> <span class='ocrx_word' id='word_1_386' title='bbox 1534 1974 1834 2035; x_wconf 87' lang='lat' dir='ltr'>humanam,</span> <span class='ocrx_word' id='word_1_387' title='bbox 1878 1989 2009 2041; x_wconf 90' lang='lat' dir='ltr'>quae</span> <span class='ocrx_word' id='word_1_388' title='bbox 2036 1978 2113 2025; x_wconf 87' lang='lat' dir='ltr'>est</span> <span class='ocrx_word' id='word_1_389' title='bbox 2139 1989 2250 2024; x_wconf 82' lang='lat' dir='ltr'>car·</span> <span class='ocrx_word' id='word_1_390' title='bbox 2310 1981 2315 1994; x_wconf 85' lang='lat'><em>&#39;</em></span> 
     </span>
     <span class='ocr_line' id='line_1_72' title="bbox 1259 2047 2244 2116; baseline 0.003 -19"><span class='ocrx_word' id='word_1_391' title='bbox 1259 2048 1335 2099; x_wconf 92' lang='lat' dir='ltr'>nis</span> <span class='ocrx_word' id='word_1_392' title='bbox 1400 2050 1600 2116; x_wconf 84' lang='lat' dir='ltr'>propria</span> <span class='ocrx_word' id='word_1_393' title='bbox 1634 2089 1646 2110; x_wconf 91' lang='lat'>‚</span> <span class='ocrx_word' id='word_1_394' title='bbox 1714 2047 1931 2099; x_wconf 81' lang='lat' dir='ltr'>alteram</span> <span class='ocrx_word' id='word_1_395' title='bbox 1996 2047 2244 2100; x_wconf 90' lang='lat' dir='ltr'>divinam.</span> 
     </span>
     <span class='ocr_line' id='line_1_73' title="bbox 1257 2120 2314 2189; baseline 0.001 -17"><span class='ocrx_word' id='word_1_396' title='bbox 1257 2120 1383 2172; x_wconf 89' lang='lat' dir='ltr'>Nam</span> <span class='ocrx_word' id='word_1_397' title='bbox 1426 2122 1651 2174; x_wconf 88' lang='lat' dir='ltr'>humana</span> <span class='ocrx_word' id='word_1_398' title='bbox 1693 2128 1898 2189; x_wconf 83' lang='lat' dir='ltr'>propter</span> <span class='ocrx_word' id='word_1_399' title='bbox 1938 2121 2110 2174; x_wconf 83' lang='lat' dir='ltr'>carnis</span> <span class='ocrx_word' id='word_1_400' title='bbox 2154 2122 2248 2173; x_wconf 84' lang='lat' dir='ltr'>im·-</span> <span class='ocrx_word' id='word_1_401' title='bbox 2292 2123 2314 2159; x_wconf 66' lang='grc' dir='ltr'>ἵ·</span> 
     </span>
     <span class='ocr_line' id='line_1_74' title="bbox 1258 2195 2244 2263; baseline 0.001 -17"><span class='ocrx_word' id='word_1_402' title='bbox 1258 2195 1603 2263; x_wconf 79' lang='lat' dir='ltr'>becillitatem,</span> <span class='ocrx_word' id='word_1_403' title='bbox 1620 2195 1925 2263; x_wconf 82' lang='lat' dir='ltr'>deprecatur</span> <span class='ocrx_word' id='word_1_404' title='bbox 1937 2195 2244 2263; x_wconf 84' lang='lat' dir='ltr'>passionem3</span> 
     </span>
     <span class='ocr_line' id='line_1_75' title="bbox 1256 2268 2243 2337; baseline -0.001 -18"><span class='ocrx_word' id='word_1_405' title='bbox 1256 2268 1426 2320; x_wconf 88' lang='lat' dir='ltr'>divina</span> <span class='ocrx_word' id='word_1_406' title='bbox 1468 2286 1590 2322; x_wconf 82' lang='lat' dir='ltr'>vcro</span> <span class='ocrx_word' id='word_1_407' title='bbox 1630 2270 1788 2337; x_wconf 91' lang='lat' dir='ltr'>ipsius</span> <span class='ocrx_word' id='word_1_408' title='bbox 1828 2276 2061 2337; x_wconf 78' lang='lat' dir='ltr'>prompta</span> <span class='ocrx_word' id='word_1_409' title='bbox 2101 2276 2243 2322; x_wconf 85' lang='lat' dir='ltr'>est.»</span> 
     </span>
     <span class='ocr_line' id='line_1_76' title="bbox 1255 2342 2262 2411; baseline 0.001 -18"><span class='ocrx_word' id='word_1_410' title='bbox 1255 2342 1332 2394; x_wconf 86' lang='lat' dir='ltr'>Ex</span> <span class='ocrx_word' id='word_1_411' title='bbox 1372 2343 1550 2395; x_wconf 90' lang='lat' dir='ltr'>iisdem</span> <span class='ocrx_word' id='word_1_412' title='bbox 1594 2343 1764 2395; x_wconf 86' lang='lat' dir='ltr'>verbis</span> <span class='ocrx_word' id='word_1_413' title='bbox 1810 2344 2030 2411; x_wconf 89' lang='lat' dir='ltr'>idipsum</span> <span class='ocrx_word' id='word_1_414' title='bbox 2093 2343 2262 2395; x_wconf 81' lang='lat' dir='ltr'>infert.</span> 
     </span>
     <span class='ocr_line' id='line_1_77' title="bbox 1252 2415 2245 2487; baseline -0.002 -19"><span class='ocrx_word' id='word_1_415' title='bbox 1252 2415 1304 2468; x_wconf 84' lang='lat' dir='ltr'>S.</span> <span class='ocrx_word' id='word_1_416' title='bbox 1338 2415 1577 2486; x_wconf 73' lang='lat' dir='ltr'>Greqrius</span> <span class='ocrx_word' id='word_1_417' title='bbox 1604 2417 1755 2487; x_wconf 79' lang='lat' dir='ltr'>Nyss,</span> <span class='ocrx_word' id='word_1_418' title='bbox 1788 2417 2002 2469; x_wconf 86' lang='lat' dir='ltr'>dicens:</span> <span class='ocrx_word' id='word_1_419' title='bbox 2055 2435 2082 2465; x_wconf 72' lang='grc' dir='ltr'>ι(</span> <span class='ocrx_word' id='word_1_420' title='bbox 2112 2416 2245 2480; x_wconf 87' lang='lat' dir='ltr'>Quo·</span> 
     </span>
     <span class='ocr_line' id='line_1_78' title="bbox 1256 2490 2244 2558; baseline -0.001 -17"><span class='ocrx_word' id='word_1_421' title='bbox 1256 2492 1393 2543; x_wconf 88' lang='lat' dir='ltr'>niam</span> <span class='ocrx_word' id='word_1_422' title='bbox 1436 2493 1591 2558; x_wconf 83' lang='lat' dir='ltr'>igitur</span> <span class='ocrx_word' id='word_1_423' title='bbox 1629 2492 1726 2543; x_wconf 87' lang='lat' dir='ltr'>alia</span> <span class='ocrx_word' id='word_1_424' title='bbox 1769 2498 1847 2543; x_wconf 89' lang='lat' dir='ltr'>est</span> <span class='ocrx_word' id='word_1_425' title='bbox 1884 2490 2127 2542; x_wconf 86' lang='lat' dir='ltr'>voluntas</span> <span class='ocrx_word' id='word_1_426' title='bbox 2155 2490 2244 2541; x_wconf 91' lang='lat' dir='ltr'>hu·</span> 
     </span>
     <span class='ocr_line' id='line_1_79' title="bbox 1255 2562 2327 2632; baseline -0.001 -17"><span class='ocrx_word' id='word_1_427' title='bbox 1255 2581 1426 2623; x_wconf 88' lang='lat' dir='ltr'>mana,</span> <span class='ocrx_word' id='word_1_428' title='bbox 1470 2565 1570 2617; x_wconf 88' lang='lat' dir='ltr'>alia</span> <span class='ocrx_word' id='word_1_429' title='bbox 1610 2565 1804 2626; x_wconf 88' lang='lat' dir='ltr'>divina,</span> <span class='ocrx_word' id='word_1_430' title='bbox 1849 2562 2075 2632; x_wconf 82' lang='lat' dir='ltr'>loquitur</span> <span class='ocrx_word' id='word_1_431' title='bbox 2131 2563 2243 2631; x_wconf 90' lang='lat' dir='ltr'>qui·</span> <span class='ocrx_word' id='word_1_432' title='bbox 2287 2576 2327 2606; x_wconf 46' lang='lat' dir='ltr'>s*</span> 
     </span>
     <span class='ocr_line' id='line_1_80' title="bbox 1253 2636 2243 2705; baseline -0.001 -17"><span class='ocrx_word' id='word_1_433' title='bbox 1253 2639 1367 2690; x_wconf 88' lang='lat' dir='ltr'>dem</span> <span class='ocrx_word' id='word_1_434' title='bbox 1409 2645 1466 2690; x_wconf 88' lang='lat' dir='ltr'>ut</span> <span class='ocrx_word' id='word_1_435' title='bbox 1524 2638 1694 2698; x_wconf 88' lang='lat' dir='ltr'>hom0‚</span> <span class='ocrx_word' id='word_1_436' title='bbox 1763 2636 1896 2705; x_wconf 90' lang='lat' dir='ltr'>quod</span> <span class='ocrx_word' id='word_1_437' title='bbox 1961 2636 2243 2688; x_wconf 81' lang='lat' dir='ltr'>infirmitati</span> 
     </span>
     <span class='ocr_line' id='line_1_81' title="bbox 1252 2711 2243 2778; baseline -0.001 -15"><span class='ocrx_word' id='word_1_438' title='bbox 1252 2713 1420 2763; x_wconf 82' lang='lat' dir='ltr'>carnis</span> <span class='ocrx_word' id='word_1_439' title='bbox 1460 2712 1716 2778; x_wconf 83' lang='lat' dir='ltr'>congruit,</span> <span class='ocrx_word' id='word_1_440' title='bbox 1759 2711 1842 2778; x_wconf 93' lang='lat' dir='ltr'>qui</span> <span class='ocrx_word' id='word_1_441' title='bbox 1885 2717 2085 2763; x_wconf 85' lang='lat' dir='ltr'>nostras</span> <span class='ocrx_word' id='word_1_442' title='bbox 2134 2725 2243 2777; x_wconf 86' lang='lat' dir='ltr'>pas·</span> 
     </span>
     <span class='ocr_line' id='line_1_82' title="bbox 1251 2781 2332 2853; baseline -0.001 -17"><span class='ocrx_word' id='word_1_443' title='bbox 1251 2787 1419 2836; x_wconf 83' lang='lat' dir='ltr'>siones</span> <span class='ocrx_word' id='word_1_444' title='bbox 1458 2787 1683 2853; x_wconf 88' lang='lat' dir='ltr'>suscepit</span> <span class='ocrx_word' id='word_1_445' title='bbox 1735 2783 1848 2853; x_wconf 83' lang='lat'>(6);</span> <span class='ocrx_word' id='word_1_446' title='bbox 1885 2803 1912 2833; x_wconf 86' lang='lat'>»</span> <span class='ocrx_word' id='word_1_447' title='bbox 1979 2784 2036 2837; x_wconf 89' lang='lat' dir='ltr'>S.</span> <span class='ocrx_word' id='word_1_448' title='bbox 2087 2781 2242 2851; x_wconf 74' lang='lat' dir='ltr'><strong><em>Chry·</em></strong></span> <span class='ocrx_word' id='word_1_449' title='bbox 2268 2790 2332 2836; x_wconf 59' lang='lat'>„7³</span> 
     </span>
     <span class='ocr_line' id='line_1_83' title="bbox 1250 2857 2326 2923; baseline -0.002 -13"><span class='ocrx_word' id='word_1_450' title='bbox 1250 2867 1487 2910; x_wconf 79' lang='lat' dir='ltr'>sostomus</span> <span class='ocrx_word' id='word_1_451' title='bbox 1527 2860 1577 2910; x_wconf 94' lang='lat' dir='ltr'>in</span> <span class='ocrx_word' id='word_1_452' title='bbox 1618 2858 1798 2911; x_wconf 88' lang='lat' dir='ltr'>eadem</span> <span class='ocrx_word' id='word_1_453' title='bbox 1839 2858 1996 2910; x_wconf 85' lang='lat' dir='ltr'>verba</span> <span class='ocrx_word' id='word_1_454' title='bbox 2048 2858 2119 2909; x_wconf 86' lang='lat' dir='ltr'>ita</span> <span class='ocrx_word' id='word_1_455' title='bbox 2170 2857 2241 2909; x_wconf 88' lang='lat' dir='ltr'>lo·</span> <span class='ocrx_word' id='word_1_456' title='bbox 2281 2864 2326 2923; x_wconf 46' lang='lat'>323„</span> 
     </span>
     <span class='ocr_line' id='line_1_84' title="bbox 1251 2930 2274 3001; baseline 0.003 -19"><span class='ocrx_word' id='word_1_457' title='bbox 1251 2934 1443 3001; x_wconf 82' lang='lat' dir='ltr'>quitur:</span> <span class='ocrx_word' id='word_1_458' title='bbox 1481 2953 1502 2982; x_wconf 87' lang='lat'>«</span> <span class='ocrx_word' id='word_1_459' title='bbox 1543 2932 1801 3001; x_wconf 85' lang='lat' dir='ltr'>Propriam</span> <span class='ocrx_word' id='word_1_460' title='bbox 1819 2932 2022 3000; x_wconf 91' lang='lat' dir='ltr'>quidem</span> <span class='ocrx_word' id='word_1_461' title='bbox 2050 2930 2244 2983; x_wconf 83' lang='lat' dir='ltr'>habere.</span> <span class='ocrx_word' id='word_1_462' title='bbox 2271 2934 2274 2938; x_wconf 86' lang='lat'>&#39;</span> 
     </span>
     <span class='ocr_line' id='line_1_85' title="bbox 1250 3004 2328 3073; baseline -0.001 -16"><span class='ocrx_word' id='word_1_463' title='bbox 1250 3022 1305 3058; x_wconf 90' lang='lat' dir='ltr'>se</span> <span class='ocrx_word' id='word_1_464' title='bbox 1346 3006 1667 3061; x_wconf 81' lang='lat' dir='ltr'>voluntatem</span> <span class='ocrx_word' id='word_1_465' title='bbox 1706 3006 1975 3058; x_wconf 84' lang='lat' dir='ltr'>manifeste</span> <span class='ocrx_word' id='word_1_466' title='bbox 2032 3004 2328 3073; x_wconf 62' lang='lat' dir='ltr'>demon-24</span> 
     </span>
     <span class='ocr_line' id='line_1_86' title="bbox 1251 3080 2239 3148; baseline -0.002 -17"><span class='ocrx_word' id='word_1_467' title='bbox 1251 3087 1400 3141; x_wconf 83' lang='lat' dir='ltr'>strat,</span> <span class='ocrx_word' id='word_1_468' title='bbox 1443 3080 1532 3133; x_wconf 89' lang='lat' dir='ltr'>sed</span> <span class='ocrx_word' id='word_1_469' title='bbox 1598 3080 1785 3148; x_wconf 91' lang='lat' dir='ltr'>ubique</span> <span class='ocrx_word' id='word_1_470' title='bbox 1836 3085 2101 3147; x_wconf 83' lang='lat' dir='ltr'>paternam</span> <span class='ocrx_word' id='word_1_471' title='bbox 2151 3081 2313 3129; x_wconf 74' lang='lat' dir='ltr'>vo·&#39;·-.</span> 
     </span>
     <span class='ocr_line' id='line_1_87' title="bbox 1252 3148 2326 3223; baseline -0.002 -19"><span class='ocrx_word' id='word_1_472' title='bbox 1252 3153 1503 3206; x_wconf 90' lang='lat' dir='ltr'>luntatem</span> <span class='ocrx_word' id='word_1_473' title='bbox 1524 3154 1790 3222; x_wconf 84' lang='lat' dir='ltr'>anteponit</span> <span class='ocrx_word' id='word_1_474' title='bbox 1809 3168 1935 3206; x_wconf 88' lang='lat' dir='ltr'>suae</span> <span class='ocrx_word' id='word_1_475' title='bbox 1973 3149 2071 3223; x_wconf 90' lang='grc'>(7).</span> <span class='ocrx_word' id='word_1_476' title='bbox 2109 3169 2136 3198; x_wconf 67' lang='lat' dir='ltr'><strong>n</strong></span> <span class='ocrx_word' id='word_1_477' title='bbox 2179 3148 2275 3207; x_wconf 90' lang='lat' dir='ltr'>S.</span> <span class='ocrx_word' id='word_1_478' title='bbox 2322 3158 2326 3164; x_wconf 85' lang='lat'>&#39;</span> 
     </span>
     <span class='ocr_line' id='line_1_88' title="bbox 1250 3222 2285 3295; baseline -0.004 -17"><span class='ocrx_word' id='word_1_479' title='bbox 1250 3225 1519 3295; x_wconf 75' lang='lat' dir='ltr'>Greqorius</span> <span class='ocrx_word' id='word_1_480' title='bbox 1544 3227 1679 3279; x_wconf 85' lang='lat' dir='ltr'>Naz.</span> <span class='ocrx_word' id='word_1_481' title='bbox 1737 3227 1801 3279; x_wconf 91' lang='lat' dir='ltr'>de</span> <span class='ocrx_word' id='word_1_482' title='bbox 1840 3225 2041 3278; x_wconf 83' lang='lat' dir='ltr'>Christo</span> <span class='ocrx_word' id='word_1_483' title='bbox 2079 3222 2285 3293; x_wconf 44' lang='lat' dir='ltr'>dicitzj</span> 
     </span>
     <span class='ocr_line' id='line_1_89' title="bbox 1252 3298 2286 3370; baseline -0.002 -20"><span class='ocrx_word' id='word_1_484' title='bbox 1252 3321 1279 3350; x_wconf 89' lang='lat'>«</span> <span class='ocrx_word' id='word_1_485' title='bbox 1310 3301 1547 3354; x_wconf 88' lang='lat' dir='ltr'>Humana</span> <span class='ocrx_word' id='word_1_486' title='bbox 1567 3300 1738 3354; x_wconf 89' lang='lat' dir='ltr'>omnia</span> <span class='ocrx_word' id='word_1_487' title='bbox 1767 3306 1983 3369; x_wconf 82' lang='lat' dir='ltr'>excepto</span> <span class='ocrx_word' id='word_1_488' title='bbox 2010 3298 2286 3370; x_wconf 41' lang='lat' dir='ltr'>peccatos.</span> 
     </span>
    </p>
   </div>
   <div class='ocr_carea' id='block_1_12' title="bbox 2287 2189 2332 2637">
    <p class='ocr_par' dir='ltr' id='par_1_13' title="bbox 2287 2189 2332 2637">
     <span class='ocr_line' id='line_1_90' title="bbox 2287 2189 2332 2637; textangle 90"><span class='ocrx_word' id='word_1_489' title='bbox 2291 2491 2332 2637; x_wconf 44' lang='lat' dir='ltr'>⁶2⁵2&amp;ch</span> <span class='ocrx_word' id='word_1_490' title='bbox 2293 2450 2321 2474; x_wconf 64' lang='grc' dir='ltr'>’.ι</span> <span class='ocrx_word' id='word_1_491' title='bbox 2304 2412 2306 2414; x_wconf 95' lang='grc'><strong><em>·</em></strong></span> <span class='ocrx_word' id='word_1_492' title='bbox 2297 2331 2319 2389; x_wconf 50' lang='lat'><strong>⁴22¹·</strong></span> <span class='ocrx_word' id='word_1_493' title='bbox 2287 2234 2332 2295; x_wconf 43' lang='grc' dir='ltr'>,ἧχ-</span> <span class='ocrx_word' id='word_1_494' title='bbox 2318 2214 2319 2218; x_wconf 56' lang='lat'><em>„</em></span> <span class='ocrx_word' id='word_1_495' title='bbox 2299 2189 2302 2197; x_wconf 84' lang='lat'>·</span> 
     </span>
    </p>
   </div>
   <div class='ocr_carea' id='block_1_13' title="bbox 2196 2664 2332 3860">
    <p class='ocr_par' dir='ltr' id='par_1_14' title="bbox 2196 2664 2332 3860">
     <span class='ocr_line' id='line_1_91' title="bbox 2274 2664 2332 2938; baseline 0 -49"><span class='ocrx_word' id='word_1_496' title='bbox 2274 2664 2332 2938; x_wconf 95' lang='lat' dir='ltr'>    </span> 
     </span>
     <span class='ocr_line' id='line_1_92' title="bbox 2248 2938 2332 3331; baseline 0 0"><span class='ocrx_word' id='word_1_497' title='bbox 2248 2938 2332 3331; x_wconf 95' lang='lat' dir='ltr'>     </span> 
     </span>
     <span class='ocr_line' id='line_1_93' title="bbox 2196 3331 2332 3860; baseline 0 0"><span class='ocrx_word' id='word_1_498' title='bbox 2196 3331 2332 3860; x_wconf 95' lang='lat' dir='ltr'>   </span> 
     </span>
    </p>
   </div>
   <div class='ocr_carea' id='block_1_14' title="bbox 1290 3451 2274 3606">
    <p class='ocr_par' dir='ltr' id='par_1_15' title="bbox 1290 3451 2274 3606">
     <span class='ocr_line' id='line_1_94' title="bbox 1293 3451 2274 3506; baseline -0.008 -9"><span class='ocrx_word' id='word_1_499' title='bbox 1293 3460 1344 3504; x_wconf 73' lang='lat' dir='ltr'>(e)</span> <span class='ocrx_word' id='word_1_500' title='bbox 1368 3460 1481 3496; x_wconf 83' lang='lat' dir='ltr'>Relat.</span> <span class='ocrx_word' id='word_1_501' title='bbox 1507 3459 1544 3495; x_wconf 83' lang='lat' dir='ltr'>in</span> <span class='ocrx_word' id='word_1_502' title='bbox 1568 3460 1656 3506; x_wconf 66' lang='lat' dir='ltr'>Syn.</span> <span class='ocrx_word' id='word_1_503' title='bbox 1678 3460 1725 3504; x_wconf 67' lang='grc' dir='ltr'>θ,</span> <span class='ocrx_word' id='word_1_504' title='bbox 1749 3459 1891 3496; x_wconf 78' lang='lat' dir='ltr'>actione</span> <span class='ocrx_word' id='word_1_505' title='bbox 1914 3458 1948 3501; x_wconf 64' lang='lat' dir='ltr'>A.</span> <span class='ocrx_word' id='word_1_506' title='bbox 1972 3466 2008 3495; x_wconf 76' lang='lat' dir='ltr'>v-</span> <span class='ocrx_word' id='word_1_507' title='bbox 2028 3457 2141 3494; x_wconf 61' lang='lat' dir='ltr'>labb.</span> <span class='ocrx_word' id='word_1_508' title='bbox 2157 3451 2274 3505; x_wconf 55' lang='lat' dir='ltr'>kls,</span> 
     </span>
     <span class='ocr_line' id='line_1_95' title="bbox 1290 3520 2236 3606; baseline -0.028 -12"><span class='ocrx_word' id='word_1_509' title='bbox 1290 3546 1344 3594; x_wconf 67' lang='grc' dir='ltr'>(Ἰ)</span> <span class='ocrx_word' id='word_1_510' title='bbox 1368 3549 1440 3586; x_wconf 72' lang='lat' dir='ltr'>Git-</span> <span class='ocrx_word' id='word_1_511' title='bbox 1466 3546 1505 3584; x_wconf 82' lang='lat' dir='ltr'>in</span> <span class='ocrx_word' id='word_1_512' title='bbox 1527 3546 1615 3594; x_wconf 69' lang='lat' dir='ltr'>Syn.</span> <span class='ocrx_word' id='word_1_513' title='bbox 1638 3547 1675 3593; x_wconf 67' lang='grc' dir='ltr'>ὃ,</span> <span class='ocrx_word' id='word_1_514' title='bbox 1698 3551 1766 3584; x_wconf 75' lang='lat' dir='ltr'>act.</span> <span class='ocrx_word' id='word_1_515' title='bbox 1782 3545 1835 3592; x_wconf 77' lang='lat' dir='ltr'>to,</span> <span class='ocrx_word' id='word_1_516' title='bbox 1860 3546 1907 3583; x_wconf 68' lang='lat' dir='ltr'>it»,</span> <span class='ocrx_word' id='word_1_517' title='bbox 1933 3546 2002 3584; x_wconf 75' lang='lat' dir='ltr'>coi.</span> <span class='ocrx_word' id='word_1_518' title='bbox 2027 3543 2106 3606; x_wconf 55' lang='lat'>¹292·</span> <span class='ocrx_word' id='word_1_519' title='bbox 2232 3520 2236 3525; x_wconf 75' lang='lat'><em>&#39;</em></span> 
     </span>
    </p>
   </div>
  </div>
 </body>
</html>
