2332 3860
0 0 18 49 ,τι
81 18 125 48 4¹²
150 38 155 42 -

0 49 15 74 l’.
114 56 117 58 .
143 52 149 59 «

9 91 25 99 -
78 78 83 83 .
151 102 166 119 x

30 140 48 153 φ
62 146 70 154 .

14 155 69 181 ’'q''

22 216 56 279 ἶῗΤ
95 225 215 286 tiam
236 222 513 300 (immine
530 219 774 276 Altis-simi
792 220 891 293 (Ξ),
917 221 1079 275 Filius

23 315 46 354 ..ν’
95 300 308 366 Denso
337 298 554 368 proinde
578 304 735 350 verus
762 296 919 362 Deus3
958 311 1079 366 ergo

97 373 182 429 illa
219 388 286 426 ex
320 387 423 442 qua
451 371 696 433 nascitur,
729 376 866 423 recte
894 370 1081 423 dicitur

34 499 51 510 κ
97 460 342 516 generare
380 445 650 504 Sanctum,
691 443 876 497 Filium
928 443 1082 496 Altis·

64 521 227 585 simi,
270 518 453 572 Filium
481 519 592 579 Dei,
623 524 675 571 et
712 524 1083 587 consequenter

51 591 59 597 ”
98 609 216 647 vere
254 600 306 646 et
344 593 543 662 proprie
562 599 641 645 est
659 592 895 661 Deipara‚
921 591 1084 644 Mater

97 666 206 720 Dei.
247 696 324 707 —
361 667 614 734 Expresse
643 668 795 718 etiam
836 665 893 718 Β.
927 665 1084 731 Virgo

37 778 50 796 x
97 742 148 794 in
186 739 240 794 S.
283 740 547 807 Scriptura
573 740 736 794 Mater
772 739 973 791 Domini
998 755 1085 806 ap-

99 813 339 884 pellatur.
380 813 642 867 Elisabeth
681 814 818 866 enim
858 829 886 864 a
928 813 1083 865 Maria

100 889 305 941 visitata
353 888 642 940 exclamat:
703 888 769 939 Et
824 886 950 938 unde
1004 886 1087 937 hoc

100 961 248 1024 mihi,
290 970 344 1014 ut
370 963 524 1014 veniat
563 961 726 1015 Mater
751 960 949 1012 Domini
994 961 1089 1011 mei

101 1036 164 1091 ad
199 1052 274 1088 me
314 1034 434 1106 (5)?
472 1036 578 1087 lmo
624 1051 741 1087 cum
784 1034 1044 1086 Elisabeth
1072 1075 1084 1093 ‚

103 1120 233 1180 quae
270 1109 447 1180 repleta
478 1117 545 1162 est
570 1107 766 1178 Spiritu
785 1108 957 1161 Sancto
986 1106 1084 1179 (li),

71 1200 200 1237 ·non
241 1185 351 1236 sine
404 1184 576 1236 divina
635 1183 962 1251 inspiratione
1020 1181 1090 1232 lo·

102 1264 219 1311 outa
259 1260 344 1317 sit,
387 1264 525 1310 recte
553 1257 756 1318 dicitur,
787 1256 999 1309 Mariam
1027 1257 1091 1307 ab

102 1333 208 1400 ipso
228 1331 415 1400 Spiritu
436 1331 622 1384 Sancto
640 1332 850 1383 Matrem
871 1330 1091 1395 Domini,

48 1423 51 1425 ’
101 1421 212 1463 seu,
254 1406 387 1474 quod
427 1406 560 1458 idem
599 1413 704 1467 est,
747 1405 961 1458 Matrem
1002 1404 1091 1456 Dei

103 1479 368 1548 appeHarL

178 1554 230 1604 2.
272 1552 348 1605 Ss.
394 1553 559 1604 Patres
600 1569 687 1619 pro
728 1552 965 1620 dogmate
1012 1567 1094 1602 ca-

104 1626 293 1679 tholico
333 1628 536 1692 egregia
580 1626 866 1678 testimonia
907 1626 1093 1677 ferunt.

105 1699 162 1753 S.
207 1700 427 1768 lyncei-ns
466 1700 538 1752 M.
605 1699 680 1769 (5)
740 1703 842 1752 ait:
890 1720 915 1748 «
961 1699 1095 1751 Deus

108 1781 279 1825 noster
322 1774 458 1825 lesus
498 1773 728 1825 Christus
767 1790 795 1826 a
845 1773 1003 1825 Maria
1045 1775 1092 1824 in

108 1855 254 1899 utero
293 1854 523 1914 gestatus
575 1854 689 1911 est3
738 1867 764 1896 »
808 1863 929 1914 ergo
995 1864 1093 1899 non

107 1922 428 1988 postmodum
471 1920 695 1973 Verbum
736 1937 852 1973 cum
900 1921 1096 1974 Christo

107 1994 313 2048 homine
354 1996 553 2047 unitum
603 1996 713 2052 fuit,
759 1996 845 2048 sed
891 2016 917 2044 «
963 1996 1098 2047 Deus

110 2069 159 2121 in
203 2077 346 2122 utero
386 2076 617 2134 gestatus
657 2077 766 2130 est,
817 2090 838 2118 »
885 2077 935 2121 et
988 2071 1098 2121 ideo

111 2141 271 2195 Deum
332 2143 488 2195 Maria
555 2146 768 2211 peperit.
831 2143 1100 2211 Dionysias

110 2217 251 2269 Ateae.
297 2216 370 2285 (6)
400 2225 575 2269 contra
606 2217 822 2269 Paulum
850 2218 1098 2269 Samosat.

111 2291 292 2358 inquit:
343 2311 364 2337 «
398 2290 507 2343 Una
547 2292 649 2342 sola
698 2291 848 2356 Virgo
890 2292 990 2343 filia
1028 2292 1101 2344 vi-

111 2370 192 2416 tae
231 2366 409 2431 genuit
451 2366 629 2416 vivens
659 2364 882 2417 Verbum
911 2373 960 2417 et
987 2369 1104 2417 sub-

113 2438 366 2491 sistens..
390 2437 653 2501 Quomodo
674 2440 747 2491 ais
771 2446 821 2490 tu
847 2439 1100 2491 bominem

114 2528 224 2564 esse
253 2513 500 2564 eximium
528 2512 787 2564 Christum
817 2520 867 2565 et
898 2530 995 2565 non
1027 2530 1105 2565 re-

120 2601 235 2638 vera
278 2585 466 2646 Deum,
510 2594 559 2638 et
599 2587 663 2639 ab
702 2589 838 2639 omni
868 2595 1100 2639 creatura

114 2675 230 2711 curn
257 2659 402 2711 Patre
429 2667 479 2712 et
506 2660 695 2727 Spiritu
716 2660 903 2714 Sancto
932 2662 1108 2713 adora-

115 2738 247 2794 tum,
299 2734 620 2785 incarnatum
668 2751 734 2786 ex
791 2735 844 2787 S.
899 2735 1106 2802 Virgine

117 2812 168 2857 et
206 2805 415 2874 Deipara
457 2806 657 2859 Maria?
684 2829 708 2855 »
757 2807 808 2860 S.
843 2800 1108 2878 Greqoi·ins

118 2879 250 2932 Naz.
286 2879 378 2949 (7),
405 2880 462 2932 S.
512 2881 730 2932 Basilius
772 2880 868 2951 (8),
905 2882 956 2935 S.
998 2886 1111 2935 Am-

120 2952 306 3007 brosius
327 2952 402 3024 (9)
432 2954 656 3006 divinam
701 2954 760 3008 V.
790 2957 976 3007 Mariae
1004 2957 1110 3009 Ma-

119 3027 412 3080 ternitatem
442 3028 755 3095 praedicant.
788 3028 823 3081 S
872 3030 1113 3098 Hierony-

121 3115 228 3152 mus
248 3116 293 3152 c.
319 3100 520 3154 Helvid;
559 3100 671 3172 (10)
711 3104 922 3156 scribit:
964 3126 986 3153 α
1022 3106 1114 3156 Na-

122 3178 231 3226 tum
269 3173 432 3226 Deum
461 3191 572 3227 esse
599 3175 661 3227 de
698 3174 906 3245 Virgine
945 3178 1108 3231 credi-

125 3261 258 3309 mus,
286 3249 404 3316 quia
436 3247 672 3317 legimus,
692 3269 717 3298 n

167 3357 206 3536 ’ἓ
243 3360 472 3448 gunges}
496 3363 551 3399 24.
767 3364 825 3454 pp)
842 3365 1044 3447 fflc.v1,d.
1059 3368 1112 3403 32.

187 3446 223 3492 δ)
245 3447 288 3484 ln
307 3449 415 3492 Epist.
443 3451 484 3485 ad
506 3452 681 3494 Ephesios
704 3461 739 3486 n.
752 3451 807 3488 18.

116 3519 118 3521 .
185 3491 224 3536 ὃ)
244 3491 287 3527 ln
310 3492 422 3538 Epist.
445 3495 574 3538 synod.
804 3495 806 3498 '

645 113 653 135 ’
696 135 924 179 masin.
967 136 1132 179 sterio
1169 139 1205 179 i.
1247 138 1396 177 meur
1432 138 1487 177 n.

1944 118 2051 176 ⁶39

1211 219 1266 275 δ’.
1287 219 1502 273 Ecclesia
1526 226 1713 273 nomen
1736 216 1988 287 Deiparae
2014 218 2127 275 vir-

1140 296 1243 364 gini
1308 293 1500 348 Mariae
1552 293 1938 358 attribuendum
1991 310 2124 356 esse,

1140 370 1279 423 clare
1317 368 1466 420 docet
1499 382 1622 421 cum
1655 369 1705 420 in
1733 365 1976 436 Symbolo
2001 366 2130 435 Apo-

1141 443 1318 497 stolico
1350 438 1535 496 Filium
1565 441 1657 493 Dei
1687 442 1897 492 unicum
1919 469 1939 478 ·
1962 449 2132 493 natum

1142 534 1204 570 eae
1241 515 1408 571 Maria
1454 514 1650 583 Viryine
1679 513 1965 583 profitetur3
2007 515 2048 566 si
2083 532 2132 567 e-

1145 593 1251 643 nim
1290 588 1450 642 Filius
1488 587 1578 641 Dei
1607 588 1834 641 secunda
1873 587 2135 641 Trinitatis

1147 678 1360 733 persona
1400 678 1554 715 verus
1582 662 1719 714 Deus
1762 668 1914 714 natus
1953 669 2032 714 est
2070 678 2137 714 ex

1146 739 1303 792 Maria
1327 779 1339 798 ‚
1384 737 1536 789 huius
1576 737 1798 805 profecto
1838 733 1998 788 Filius
2037 742 2134 797 est,

1147 820 1198 865 et
1235 817 1607 880 consequenter
1662 811 1822 863 Maria
1880 816 2018 863 recte
2057 825 2141 877 ap-

1150 885 1400 954 pellatur,
1457 892 1508 938 et
1547 901 1668 938 vere
1709 901 1770 936 ac
1823 885 2023 953 proprie
2064 890 2142 935 est

1149 961 1305 1029 ipsius
1351 959 1513 1011 Mater
1562 975 1652 1011 seu
1717 959 1954 1028 Deipara.
2025 956 2142 1010 Ideo

1150 1051 1272 1087 sane
1311 1035 1414 1086 iam
1454 1034 1502 1085 in
1535 1034 1708 1101 primis
1747 1033 1969 1085 saeculis
2004 1029 2146 1083 Chri·

1151 1109 1302 1161 stiani
1355 1107 1567 1160 Mariam
1629 1108 1835 1159 nomine
1892 1106 2144 1174 Dei-parae

1153 1185 1393 1234 decorare
1432 1188 1834 1233 consueverunt.
1893 1180 2024 1233 Hinc
2061 1179 2148 1232 Iu·

1154 1257 1317 1309 licinus
1357 1258 1601 1321 Apostata
1642 1262 1772 1308 teste
1810 1255 1995 1322 Cyrillo
2036 1251 2147 1324 (Η)

1154 1337 1331 1383 contra
1390 1330 1705 1383 Christianos
1757 1329 1890 1381 banc
1930 1343 2148 1381 accusa-

1157 1406 1344 1457 tionem
1405 1404 1649 1472 protulit:
1700 1424 1722 1453 «
1776 1402 1876 1455 Vos
1935 1403 2151 1455 Mariam

1158 1495 1259 1531 non
1301 1479 1512 1531 cessatis
1554 1493 1735 1530 vocare
1777 1477 2069 1545 Deiparam.
2119 1495 2146 1524 »

1158 1554 1382 1605 Ecclesia
1425 1554 1580 1604 etiam
1630 1552 1927 1604 solemniter
1977 1550 2154 1603 defini·

1159 1630 1268 1689 vit,
1313 1627 1523 1679 Mariam
1588 1634 1725 1678 recte
1790 1625 2036 1693 appellari
2104 1628 2153 1676 et

1160 1718 1278 1753 vere
1335 1717 1397 1752 ac
1439 1702 1638 1767 proprie
1676 1715 1789 1751 esse
1835 1700 2105 1768 Deiparam
2131 1737 2150 1756 ‚

1159 1792 1274 1826 cum
1330 1775 1377 1826 id
1420 1775 1484 1826 ab
1524 1777 1676 1841 impio
1724 1774 1951 1826 Nestorio
2006 1788 2157 1840 nega·

1161 1857 1320 1901 retur.
1367 1847 1489 1900 Nam
1524 1847 1808 1899 Concilium
1831 1847 2152 1916 Ephesinum‚

1159 1940 1273 1975 can.
1323 1923 1345 1974 i
1397 1923 1775 1990 pronuntiavit:
1820 1923 2015 1990 Siquis
2058 1936 2155 1972 non

1159 1998 1428 2065 confitetur,
1473 1997 1840 2048 Emmanuelem
1868 2012 1971 2048 vere
2001 1996 2154 2047 Deam

1159 2088 1283 2132 esse,
1326 2080 1368 2123 et
1408 2071 1466 2123 ob
1505 2071 1555 2123 id
1594 2070 1644 2123 S.
1700 2071 1943 2138 Viryinem
1983 2069 2154 2136 Deipa-

1160 2161 1269 2196 rnm
1310 2143 1498 2214 (yenuit
1537 2147 1669 2196 enim
1709 2145 1793 2195 illa
1839 2145 2153 2197 incarnatum

1161 2219 1334 2272 Patris
1385 2219 1581 2270 Verbum
1625 2220 1886 2271 secundum
1934 2214 2154 2287 carnem)

1162 2294 1422 2344 anathema
1482 2295 1564 2344 sit.
1622 2292 1728 2344 Hoc
1767 2293 2030 2344 decretum
2070 2306 2154 2359 sy-

1165 2368 1346 2418 nodale
1364 2367 1645 2418 incredibili
1664 2367 1889 2418 fidelium
1906 2367 2154 2434 applausu

1165 2446 1215 2492 et
1236 2441 1578 2507 gratulatione
1600 2447 1875 2508 exceptum
1898 2447 1994 2492 est.
2027 2437 2158 2491 Con·

1166 2516 1339 2566 ciliuin
1382 2512 1633 2566 CPtanum
1673 2515 1758 2575 ΙΙ,
1801 2514 2042 2582 generale
2082 2512 2154 2569 V.

1167 2605 1282 2640 can.
1329 2589 1361 2639 6
1412 2589 1571 2640 dicit:
1614 2588 1669 2641 Si
1707 2591 1817 2656 quis
1865 2587 2056 2641 abusive
2117 2593 2159 2638 et

1167 2679 1262 2714 non
1303 2678 1406 2715 vere
1449 2662 1534 2714 Dei
1569 2661 1862 2714 Genitricem
1902 2662 2017 2714 dicit
2042 2659 2161 2714 San-

1168 2746 1292 2787 ctam
1347 2738 1607 2804 qtoriosam
1666 2752 1852 2804 semper
1917 2735 2160 2803 Virqinem

1175 2811 1415 2870 illirium,
1459 2811 1527 2861 vel
1565 2810 1828 2861 secundam
1878 2810 2162 2862 relationem

1170 2885 1311 2951 qnasi
1350 2885 1539 2936 homine
1573 2901 1699 2951 puro
1750 2891 1894 2945 nato,
1939 2883 2022 2936 sed
2068 2899 2164 2935 ‘non

1176 2958 1270 3009 Deo
1330 2958 1474 3011 Verbo
1529 2960 1782 3009 incarnato
1835 2966 1879 3009 ot
1937 2965 2053 3010 nato
2105 2973 2164 3009 em

1174 3032 1311 3098 ipsa3
1362 3032 1471 3083 talis
1510 3031 1768 3083 anathema
1792 3030 1891 3094 sic.
1937 3032 1999 3084 Et
2037 3029 2164 3084 Con-

1174 3105 1348 3156 cilium
1386 3105 1629 3156 Nicennm
1660 3105 1728 3166 ll,
1760 3107 1947 3159 action.
1974 3106 2028 3165 7,
2059 3107 2161 3157 ait:

1176 3179 1474 3246 Confitentur
1511 3187 1671 3230 autem
1704 3187 1747 3231 et
1784 3178 2050 3232 Dominam
2089 3196 2167 3232 no-

1174 3261 1325 3303 stram
1364 3253 1596 3304 Sanctam
1635 3253 1854 3316 Mariam
1889 3254 2086 3323 proprie
2125 3259 2167 3304 et

1220 3366 1269 3410 (τ)
1298 3368 1412 3411 Epist.
1429 3368 1489 3403 1⁰1
1514 3370 1557 3403 ad
1581 3369 1726 3412 Cledon.
1757 3371 1787 3411 l,
1812 3379 1848 3404 n.
1874 3369 1907 3405 4.

1221 3411 1273 3455 (8)
1302 3413 1406 3446 [lom.
1432 3414 1475 3446 25
1497 3413 1542 3448 de
1566 3414 1725 3450 humana
1748 3415 1879 3449 Christi
1915 3418 2070 3457 generat.
2085 3412 2164 3453 ιιδ.

1224 3455 1277 3499 (Sl)
1306 3458 1354 3491 De
1381 3458 1494 3494 instit.
1522 3458 1616 3502 Virg.
1641 3458 1753 3502 cap.5
1791 3468 1825 3492 ii.
1840 3457 1894 3493 35.

1227 3500 1301 3544 (ω)
1326 3499 1433 3535 Mo.
1694 3483 1770 3544 m}
1795 3500 1871 3536 [ab.
1899 3500 1921 3535 8
1942 3509 1964 3532 c
2000 3500 2130 3537 sunm.
