2332 3860
31 59 42 68 .»
48 0 84 87 1πὶ

27 108 35 111 Α
54 99 98 126 ..με

38 132 42 133 ⁷
56 150 62 158 Ι

638 247 756 285 mas
794 247 847 285 11.
882 216 1054 285 'sacrm
1093 247 1129 285 ι.
1172 245 1324 284 enum
1363 239 1494 283 1v.'
1576 233 1582 239 ”

33 312 133 386 ἰιυιι
155 299 291 384 bium
306 324 435 396 quod
453 325 553 382 volo
580 325 775 390 bonum,
807 329 893 381 hoc
917 343 1025 397 ayo,-

33 404 116 460 sed
151 396 276 472 quod
312 401 393 453 odi
428 399 633 463 malum,
678 401 803 454 illud
822 403 1018 470 facio...

33 475 182 543 Ntlnc'
188 471 354 528 autem
367 474 469 527 iam
484 489 581 528 nem
595 490 682 540 eqo
694 491 866 544 operor
883 474 1023 543 illud,

34 539 115 604 sed
149 547 276 618 quod
314 547 536 601 habitat
517 565 570 601 m
590 563 666 601 me
704 557 1018 616 peccatum...

34 615 166 677 Nam
203 621 321 676 velle
359 622 546 675 adiacet
595 622 758 683 mihi,
799 623 1025 692 perficere

34 699 191 764 liutem
255 695 429 748 bonum
492 712 590 748 non
649 697 861 748 invenio.
906 695 1025 753 Non

28 770 166 824 emim
203 769 357 838 qaod
370 770 468 826 volo
521 769 701 823 bonum
741 769 825 822 hoc
876 770 1022 837 Ῑαεὶο,

31 840 116 899 ’fied
152 843 280 913 quod
314 843 429 896 nolo
479 845 667 895 malum
715 842 801 895 hoc
839 859 1022 911 ayo...

30 917 186 976 Video
225 924 385 970 autem
424 917 576 970 aliam
616 917 761 985 leqem
801 918 853 969 in
880 932 1029 968 mem-

29 989 136 1047 ‘bris
172 992 312 1053 meis,
356 999 699 1060 repuynantem
740 990 832 1060 leqi
855 992 1028 1043 mentis

31 1070 205 1128 meae,
247 1071 291 1118 et
330 1065 648 1134 captivante-m
703 1080 778 1116 me
824 1065 878 1117 in
932 1064 1029 1133 leqe

93 1140 213 1192 ocati
252 1136 350 1210 (l)
394 1139 533 1192 Haec
572 1146 624 1192 et
662 1138 762 1190 alia
802 1154 933 1207 quae
962 1139 1027 1190 ibi

136 1211 325 1265 Paulus
363 1213 426 1265 de
465 1229 520 1265 se
572 1213 679 1281 ipso
720 1212 933 1272 scribit,
977 1229 1030 1263 a-

31 1280 181 1371 perte
221 1286 577 1339 demonstrant
613 1285 810 1338 nullam
839 1303 949 1338 esse
978 1288 1027 1337 in

34 1360 184 1413 nobis
210 1361 405 1413 arbitrii
434 1359 745 1422 libertatem,
775 1375 876 1430 qua
904 1359 1030 1412 illud

24 1431 230 1489 bonum
271 1449 507 1501 agamus,

36 1520 38 1526 ’
113 1505 254 1577 Resp.
309 1506 486 1560 Citatis
550 1507 603 1560 S.
666 1505 812 1560 Pauli
863 1507 1033 1559 verbis

34 1580 140 1634 'alia
168 1582 472 1650 opponimus
511 1581 741 1636 eiusdem
780 1580 1029 1649 Apostoli,

33 1655 228 1724 squibus
256 1671 310 1708 se
338 1662 451 1739 post
470 1657 861 1708 conversionem
888 1671 1032 1706 suam

43 1743 72 1781 a
113 1730 334 1812 peccatis
392 1731 676 1782 immunem
726 1730 1030 1797 profitetur,

37 1806 95 1855 et
133 1803 224 1855 sibi
265 1804 418 1857 etiam
458 1803 591 1855 bona
630 1819 783 1886 opera
830 1819 890 1854 ac
931 1818 1037 1853 me-

45 1875 144 1933 rita
183 1877 447 1929 adscribit.
479 1879 563 1929 Ait
592 1878 727 1929 enim
757 1876 777 1928 1
805 1877 867 1927 ad
890 1875 1029 1928 Cor..

43 1949 190 2002 ‘Nihil
224 1949 351 2002 mihi
393 1954 608 2002 conscias
636 1967 772 2003 sum:
814 1957 865 2003 et
892 1950 1029 2002 ibid:

47 2021 223 2077 Gratia
246 2032 409 2078 aulem
436 2017 528 2077 Dei
553 2041 660 2076 sum
682 2025 732 2076 id
758 2024 885 2093 quod
903 2040 1032 2085 sum,

47 2105 90 2151 et
126 2101 288 2165 qratia
307 2099 410 2150 eius
435 2099 490 2150 in
516 2115 594 2150 me
614 2114 762 2151 vacua
802 2099 1034 2165 nonfuit,

38 2171 128 2223 ‘sed
184 2172 510 2225 abundantius
555 2172 655 2224 illis
714 2172 934 2224 omnibus
974 2171 1041 2223 la-

48 2244 235 2300 boravi.-
276 2262 371 2299 non
410 2261 491 2314 eqo
529 2255 710 2309 autem,
755 2247 840 2300 sed
876 2248 1040 2315 qratia

39 2318 142 2373 'Dei
178 2336 362 2372 mecum
404 2319 500 2390 (⁴2).
546 2320 670 2373 Item
712 2320 756 2372 ll
801 2321 867 2372 ad
906 2319 1034 2372 Tim.

47 2393 257 2446 scribit.
300 2393 492 2446 Bonam
548 2402 785 2446 certamen
824 2394 1001 2446 certavi

43 2471 249 2519 cursum
286 2468 635 2527 consummavi,
667 2469 810 2538 fidem
836 2469 1036 2520 sertavi.

43 2527 114 2593 Ἰη
150 2540 339 2609 reliquo
366 2543 577 2609 reposita
598 2550 664 2593 est
702 2543 828 2593 mihi
867 2557 1042 2593 corona

54 2613 288 2677 iustitiae,
331 2631 478 2682 quam
516 2615 680 2668 reddet
719 2615 843 2667 mihi
880 2614 1046 2667 Domi-

52 2702 148 2750 nus
187 2685 284 2758 (5).
326 2688 434 2741 Non
478 2696 690 2756 possunt
728 2705 848 2757 ergo
888 2691 1041 2741 citata

48 2758 200 2813 Pauli
240 2762 397 2814 verba
432 2760 507 2832 (lt)
565 2763 617 2814 in
658 2779 811 2815 sensu
868 2763 1046 2816 adver-

57 2834 310 2888 sariorum
349 2834 599 2903 intelligi,
649 2838 792 2904 quasi
833 2836 1046 2904 Aposto-

46 2906 139 2960 ¹lus
177 2907 394 2960 liberum
435 2909 526 2960 sibi
584 2909 853 2961 arbitrium
894 2910 1046 2961 dene-

46 2977 180 3066 gare
221 2981 575 3051 profiteretur,
619 2998 674 3034 se
713 2983 903 3037 bonum
946 2999 1044 3036 non

41 3054 250 3122 ‘'agere,
291 3054 485 3108 malum
532 3061 708 3108 autem
747 3056 954 3118 facere,
997 3065 1049 3110 et

47 3127 337 3199 captivum
361 3133 474 3182 'esse
522 3130 618 3182 sub
665 3129 778 3198 lege
829 3132 1043 3199 peceati.

47 3187 167 3262 ‘Sed
186 3195 317 3255 haec
352 3201 522 3256 omnia
562 3206 748 3273 exponi
774 3203 960 3257 debent
987 3205 1049 3257 de

47 3269 281 3328 *motibus
306 3276 654 3330 indeliberatis
680 3279 1047 3347 concupiscen-

57 3345 198 3413 tiae,
239 3354 369 3418 quae'
406 3349 592 3404 dicitur
630 3350 814 3404 malum
860 3357 912 3405 et
940 3369 1051 3422 pec-

183 3505 427 3553 Βὸω.ᾄ,18,

49 3528 71 3539 ’
34 3503 164 3640 {¹}
181 3530 359 3631 heffa&
360 3507 427 3633 0¹25
418 3513 515 3641 42²⁰
479 3557 548 3632 vei
549 3551 674 3641 ⁰'8.¹⁵’
698 3551 754 3590 ιο.

1897 219 2002 283 507

1084 334 1282 389 catum,
1326 326 1445 396 quia
1484 336 1583 378 ex.
1601 329 1811 393 peccato
1851 326 2055 392 procedi

1086 408 1136 454 et
1172 391 1239 464 ad
1278 405 1547 469 peccatum
1594 397 1850 460 inclinat,
1893 398 1963 450 ita
2002 406 2080 451 ta'·

1088 491 1245 537 men,
1278 481 1362 527 ut
1423 474 1486 525 iis
1549 471 1773 525 motibus
1840 473 2080 524 voluntas

1089 564 1189 601 non
1229 547 1518 601 consentiat
1546 546 1640 599 nisi
1670 544 1850 607 libere,
1882 544 2082 596 iisdem-

1087 638 1187 691 que
1227 636 1346 673 cum
1372 618 1860 673 adiutorio'divinae
1887 619 2083 685 gratiae

1089 696 1326 747 resistere
1366 695 1543 763 possit.
1588 693 1746 746 Secus
1797 691 2087 760 intelligen-

1089 769 1206 821 dam
1250 784 1351 821 non
1403 783 1516 820 esse
1567 765 1796 836 Apostoli
1856 773 2086 818 mentem

1091 843 1251 911 liquet
1278 859 1343 894 ex
1371 842 1431 894 iis
1459 858 1592 911 quae
1623 841 1744 894 ibid.
1778 840 1867 895 ait:
1911 838 1966 892 Si
1995 855 2086 892 au·

1090 925 1181 968 tem
1221 916 1347 984 quod
1385 915 1514 977 nole,
1547 914 1670 967 illud
1689 915 1839 982 facim
1867 915 1967 966 iam
1988 930 2090 965 non

1089 1005 1170 1058 eqo
1205 1005 1376 1058 operor
1415 989 1539 1041 illud
1580 987 1678 1060 (ὅ).
1722 989 1827 1043 Cur
1866 1003 2091 1056 namque

1091 1063 1239 1115 illud:
1273 1064 1387 1116 Non
1414 1078 1608 1132 operor,
1652 1061 1845 1115 Paulus
1883 1061 2094 1130 opponit

1093 1139 1284 1190 verbis:
1329 1153 1416 1206 ayo
1456 1145 1498 1189 et
1526 1136 1688 1205 facio?
1713 1137 1833 1205 quia
1866 1135 2092 1205 profecto

1095 1212 1162 1262 nil
1205 1210 1341 1264 aliud
1386 1210 1679 1282 significant
1718 1211 1848 1262 haec
1889 1209 2048 1262 verba
2076 1251 2088 1269 ,

1093 1301 1247 1354 quam
1287 1286 1439 1336 sentio
1480 1291 1529 1337 et
1557 1285 1814 1351 experior.-
1843 1283 1978 1352 quod
2008 1299 2097 1351 pa-

1097 1366 1166 1411 tet
1208 1360 1480 1427 praecipue
1520 1375 1587 1410 ex
1614 1376 1674 1411 eo
1714 1358 1848 1428 quod
1884 1356 2098 1426 Aposto-

1098 1434 1174 1484 lus
1214 1432 1394 1485 eodem
1435 1432 1546 1485 loco
1588 1430 1664 1504 (6)
1719 1432 1991 1484 manifeste
2032 1430 2095 1483 de

1095 1508 1509 1575 concupiscentia
1550 1506 1650 1574 legi
1707 1508 1894 1559 mentis
1943 1520 2095 1573 repu-

1095 1588 1288 1648 gnante
1331 1581 1664 1634 lamentatur.
1718 1579 2098 1648 Concupiscen-

1099 1656 1219 1707 tiam
1260 1662 1435 1706 autem
1475 1654 1567 1707 sibi
1606 1654 1954 1710 voluntariam
1995 1668 2098 1706 non

1098 1745 1230 1789 csse,
1276 1737 1326 1781 et
1366 1729 1463 1781 hac
1494 1745 1594 1780 non
1636 1729 1893 1787 obstante,
1926 1726 2096 1796 legem

1101 1804 1283 1854 mentis
1337 1819 1390 1854 sc
1445 1804 1722 1855 observare
1782 1809 2099 1870 protestatur

1100 1875 1373 1943 Apostolus
1414 1876 1608 1928 dicens:
1659 1876 1822 1944 Iqitar
1871 1892 1956 1944 eqo
2002 1876 2099 1944 ipse

1099 1958 1251 2000 mente
1278 1950 1429 2003 servio
1470 1950 1564 2019 leqi
1600 1944 1726 2003 Dei:
1767 1966 1913 2003 carne
1939 1958 2100 2004 autem

1101 2024 1192 2092 leqz‘
1231 2024 1413 2091 peccati
1454 2022 1552 2094 (7).

1175 2097 1282 2156 obi.
1347 2099 1429 2150 5.³
1497 2097 1749 2152 Voluntas
1809 2099 2101 2151 necessario

1103 2171 1263 2223 fertur
1303 2172 1353 2223 in
1413 2188 1674 2225 summum
1733 2174 1962 2236 bonum,
2007 2189 2100 2226 seu

1102 2246 1151 2296 in
1195 2246 1472 2313 perfectam
1512 2247 1922 2307 beatitudinem,
1967 2247 2101 2316 quod

1103 2335 1280 2372 omnes
1321 2320 1541 2388 theologi
1596 2321 1913 2374 admittunt:
1982 2337 2104 2388 ergo

1104 2394 1258 2446 etiam
1313 2396 1602 2446 necessario
1650 2395 1958 2447 adversatur
1999 2411 2106 2450 ma·

1107 2467 1236 2529 lum,
1281 2468 1413 2537 quod
1456 2468 1758 2520 beatitudini
1800 2469 2101 2538 opponitur,

1106 2549 1155 2593 et
1185 2542 1475 2593 necessario
1502 2542 1780 2595 inclinatur
1807 2543 1858 2594 in
1888 2543 2101 2603 bonum,

1107 2615 1240 2683 quod
1283 2615 1653 2669 beatitudinem
1684 2623 1971 2685 promovet.
2004 2614 2107 2670 Vo-

1110 2690 1280 2741 luntas
1320 2696 1494 2742 autem
1537 2698 1614 2743 est
1654 2691 1881 2759 potentia
1932 2705 2105 2757 caeca,

1106 2779 1238 2847 quae
1278 2765 1423 2831 sequi
1465 2764 1617 2816 debet
1650 2764 1993 2830 intellectum,
2016 2779 2106 2816 cu-

1108 2838 1186 2889 ius
1227 2837 1412 2890 iudicia
1473 2845 1674 2890 mutare
1710 2837 1907 2908 nequit.
1951 2805 2106 2901 Q’uid-

1108 2910 1228 2979 quid
1290 2927 1411 2979 ergo
1475 2911 1771 2965 intellectus
1842 2917 2106 2981 tamquam

1110 2985 1298 3037 bonum
1343 2986 1604 3053 proponit,
1648 2983 1892 3039 voluntas
1930 3001 2106 3039 neces-

1109 3059 1241 3110 sario
1281 3058 1630 3132 amplectitur,
1662 3065 1714 3111 et
1740 3059 1983 3130 quidquid
2020 3059 2107 3111 ille

1113 3139 1355 3200 tanquam
1378 3131 1574 3184 malum
1596 3133 1840 3196 ostendit,
1857 3133 2108 3186 voluntas

1113 3206 1400 3258 necessario
1422 3206 1631 3282 refugit.
1663 3206 1838 3292 Ergo'
1825 3224 1877 3260 ln
1905 3207 2109 3261 actibus

1112 3278 1351 3331 humanis
1378 3278 1590 3348 libertas
1623 3274 1997 3351 indifferentiae
2023 3280 2111 3334 ad-

1112 3368 1225 3405 esse
1264 3366 1367 3406 non
1409 3343 1594 3422 potest.

1175 3555 1196 3590 δ
1235 3555 1326 3590 lbtd.
1341 3565 1374 3591 v.
1386 3536 1457 3592 ’.20

1174 3510 1195 3546 4
1234 3511 1338 3547 Rom.
1363 3511 1464 3556 7,15
1485 3517 1557 3550 etc.

1158 3509 1210 3645 {W
1236 3599 1318 3634 Ver
1343 3598 1399 3635 23.

1727 3598 1782 3645 (ι)
1805 3598 1896 3635 nna.
1923 3606 1958 3635 v.
1983 3596 2038 3634 ιι.
