2332 3860
215 149 321 200 586

141 242 451 305 detrectant,
495 251 547 297 et
586 261 667 304 ea,
703 262 841 315 quae
879 246 1140 299 indomitis

140 318 298 370 animi
342 318 662 386 passionibus
690 321 969 374 conformia
997 326 1138 386 sunt,

139 390 326 444 leviter
366 393 461 444 sibi
492 394 625 445 licita
657 402 859 462 putant,
902 394 1139 464 quamvis

138 467 370 532 graviter
416 467 691 520 interdicta
748 469 883 530 sint,
945 469 1047 520 imo
1087 475 1139 520 et

141 539 227 607 qui
267 539 625 609 theologorum
672 544 878 595 nomine
917 542 1139 609 glorian-

144 620 263 675 tur,
315 614 454 667 hisce
511 617 563 668 iu
620 617 775 670 rebus
833 617 1137 685 quandoque

142 685 561 752 hallucinantur,
604 707 665 742 ac
707 691 876 743 verbis
916 707 1016 743 non
1057 707 1138 743 so-

142 759 268 823 lum,
312 763 401 829 sed
442 770 494 816 et
524 766 729 831 scriptis
770 766 1136 833 propositiones

141 835 422 889 defendunt
447 879 459 900 ,
502 839 697 906 regulis
738 855 939 891 morum
979 841 1029 892 in
1073 840 1137 892 E-

141 911 379 977 vangelio
419 913 619 965 traditis
646 913 1003 966 adversantes,
1035 914 1139 967 Ma-

139 985 310 1038 ximae
350 986 539 1039 idcirco
578 986 814 1040 utilitatis
860 1004 922 1041 ac
962 1004 1136 1040 neces·

139 1059 306 1112 sitatis
345 1068 456 1122 est,
515 1066 571 1112 ut
621 1062 867 1114 Tribunal
909 1064 1132 1124 existat,

139 1133 272 1202 quod
300 1134 599 1187 authentice
625 1142 676 1188 et
704 1136 1028 1189 ineffabiliter
1051 1138 1137 1188 de-

139 1207 339 1268 claret,
382 1209 501 1277 quid
545 1209 760 1271 licitum,
822 1211 942 1278 quid
990 1211 1138 1263 illici-

141 1288 272 1344 tum,
317 1283 436 1350 quid
467 1283 756 1346 vitandum,
789 1285 908 1353 quid
950 1286 1138 1337 sacien-

144 1355 265 1408 dum
302 1358 391 1416 sit,
435 1365 486 1410 et
524 1358 658 1426 quod
687 1359 866 1411 fideles
892 1375 921 1410 a
950 1360 1137 1412 doctri-

143 1430 219 1483 nis
285 1431 427 1483 falsis
492 1434 759 1501 noxiisque
816 1442 1131 1500 praeservet.

145 1534 212 1543 -
238 1505 388 1558 Hunc
427 1506 479 1558 in
510 1506 666 1559 finem
699 1508 929 1560 Ecclesia
957 1510 1137 1577 quovis

146 1587 371 1647 tempore
413 1587 716 1648 potestatem
758 1583 1075 1635 iudiciariam
1108 1600 1137 1635 a

147 1652 342 1707 Christo
381 1656 472 1707 sibi
516 1672 812 1708 concessam
870 1657 1133 1718 adhibuit,

147 1736 194 1780 et
259 1745 357 1781 non
418 1746 534 1782 raro
595 1732 963 1799 propositiones
1021 1748 1139 1783 cum

150 1803 405 1871 principiis
442 1806 755 1872 evangelicis
813 1822 910 1858 non
953 1822 1141 1858 conve-

151 1878 345 1930 nientes
386 1878 757 1931 damnavit‚—-
780 1879 954 1948 Neque
984 1882 1142 1932 mino-—

152 1952 216 2004 ris
255 1954 496 2005 momenti
549 1961 624 2005 est
673 1954 917 2006 iudicium
967 1955 1141 2007 Eccle-

153 2026 250 2078 siae
291 2027 352 2078 de
392 2027 712 2079 subditorum
742 2045 952 2080 suorum
988 2030 1139 2081 actio-

154 2100 296 2152 nibus
337 2100 515 2152 latum.
579 2101 822 2155 Homines
863 2104 997 2155 enim
1041 2104 1138 2154 fre·

155 2175 480 2243 quentissime
539 2176 733 2242 seipsos
799 2193 898 2229 non
959 2193 1143 2244 cogno-

158 2255 301 2302 §cunt
327 2290 339 2310 ‚
386 2251 851 2318 praevaricationes
909 2267 1029 2304 suas
1070 2259 1142 2303 te·

158 2338 289 2376 nere
330 2331 619 2386 excusant,
674 2331 724 2377 et
763 2325 825 2378 de
872 2331 1008 2377 statu
1051 2342 1142 2377 suo

159 2397 329 2450 :norali
389 2399 673 2451 iudicantes
731 2400 950 2466 turpiter
1002 2401 1145 2452 aber·

161 2479 287 2524 ‘ant.
342 2471 660 2540 Quapropter
700 2475 1074 2541 sapientissime
1114 2491 1140 2526 a

161 2544 352 2605 Jhristo
391 2547 637 2600 iudicium
677 2548 727 2598 in
770 2548 999 2600 Ecclesia
1047 2555 1146 2599 sta-

162 2626 322 2673 ‚utum
364 2628 469 2682 est,
513 2622 642 2690 quod
686 2639 713 2673 a
763 2624 1146 2690 praeconceptis

162 2695 475 2761 opinionibus
515 2703 566 2748 et
606 2695 842 2762 malignis
904 2698 1145 2763 passioni-

162 2784 250 2822 )us
289 2769 516 2821 immune
546 2777 736 2821 rectam
780 2772 841 2822 de
882 2770 1145 2822 bominum

162 2843 442 2896 actionibus
506 2845 815 2897 sententiam
883 2845 1143 2912 proferat,

164 2931 309 2986 quam
369 2933 546 2970 omnes
603 2918 784 2971 audire
831 2926 883 2971 et
923 2920 1147 2971 revereri

181 2997 421 3043 enentur.

234 3064 286 3116 5.
334 3064 560 3117 Potestas
599 3066 852 3118 coercitioa
900 3066 950 3117 in
990 3066 1150 3134 quali·

167 3138 248 3192 bet
288 3138 415 3190 bene
444 3139 677 3192 ordinata
706 3140 950 3192 societate
977 3156 1150 3192 neces-

169 3212 297 3265 saria
338 3218 433 3264 est.
467 3211 594 3265 Cum
624 3214 760 3266 enim
803 3214 1034 3267 homines
1066 3230 1152 3281 per

170 3292 431 3356 peccatum
465 3288 713 3354 originale
752 3289 998 3356 corrupti,
1044 3304 1154 3356 per-

171 3375 318 3428 saepe
375 3361 580 3414 virtutis
640 3377 814 3414 amore
852 3363 915 3414 ad
965 3363 1155 3416 bonum

170 3449 266 3487 non
318 3433 618 3497 trahantur3
681 3436 888 3489 omnino
947 3453 1156 3489 necesse
1219 3434 1413 3487 nullam
1453 3435 1589 3488 circa
1619 3433 1820 3503 negotia
1859 3430 2207 3493 ecclesiastica
2266 3450 2273 3480 2

1895 3525 2167 3575 ‹mucor-2.
2248 3562 2249 3565 ,

213 3534 267 3580 (1)
291 3534 368 3570 Lib.
381 3533 400 3570 1
420 3538 551 3570 contra
573 3535 713 3569 adveis.
740 3535 808 3577 teg.
830 3540 867 3570 et
889 3538 1018 3581 proph.

566 166 629 202 DE
666 166 760 203 ΠΕΟ
797 165 931 204 mest
970 164 1159 202 numm
1192 163 1400 201 GENERIS
1436 146 1756 200 REDEMPTORE:

1201 251 1305 307 est,
1347 249 1407 298 ut
1445 259 1726 313 poenarum
1765 242 2016 295 timore-a
2053 239 2194 299 vitiis

1201 326 1251 371 et
1304 317 1430 386 legis
1476 316 1969 382 transgressionibus
2024 314 2193 371 ‹letei‘²

1202 399 1431 445 reantur.
1476 391 1601 446 ldeo·
1620 392 1846 445 Ecclesia
1864 400 2081 459 'quoque
2108 405 2195 459 po·

1200 472 1387 520 testate
1425 467 1701 520 coercitiva
1740 464 1972 535 praedita
2011 470 2110 526 est,
2139 470 2193 517 et

1201 558 1390 609 poenas
1409 540 1779 594 ecclesiasticas
1801 542 2062 606 imponere
2085 545 2195 606 pot-

1200 623 1296 678 est,
1329 631 1460 685 quae
1488 616 1538 667 in
1568 615 1820 668 bonorum
1846 612 2192 682 spiritualium

1202 691 1484 758 privatione
1523 690 1830 742 consistunt.
1886 688 2026 740 Inter
2064 702 2192 755 quas

1200 781 1390 833 poenas
1430 765 1762 832 praecipuum
1797 763 1964 816 locum
2005 776 2195 814 eoecom-

1197 839 1468 892 vnunicatio
1496 880 1508 901 ‚
1566 854 1654 906 per
1694 853 1868 907 quam,
1914 843 1972 889 ut
2002 837 2075 888 ait
2124 834 2184 888 S.

1198 911 1503 982 Anqusnnus
1544 911 1642 983 (l),
1689 931 1716 960 «
1760 911 2000 981 alligatur
2040 909 2192 962 homo

1198 989 1424 1040 amarius
1463 994 1515 1040 et
1554 986 1831 1047 infelicius,
1875 1000 2029 1055 quam
2079 984 2192 1052 qui·

1201 1062 1421 1115 buslibet
1459 1061 1778 1130 gravissimis
1817 1066 1868 1112 et
1908 1058 2193 1114 durissimis

1200 1137 1376 1189 ferreis
1405 1176 1420 1202 ‚
1483 1136 1566 1188 vel
1639 1134 1983 1188 adamantinis
2049 1132 2195 1185 nexi-

1199 1211 1312 1277 buS,
1343 1231 1365 1260 »
1398 1211 1610 1263 obtinet.
1643 1209 1818 1279 Neque
1856 1223 2046 1276 negare
2073 1206 2195 1259 licet

1201 1285 1333 1337 banc
1386 1301 1601 1353 poenam
1641 1285 1704 1337 ab
1752 1281 1979 1336 Ecclesia
2035 1281 2192 1334 latam

1200 1360 1461 1412 salubrem
1501 1375 1612 1411 esse
1639 1400 1652 1419 ,
1696 1364 1747 1410 et
1788 1373 1887 1409 non
1931 1371 2046 1409 raro
2086 1354 2195 1406 effi-

1200 1449 1316 1486 cere
1343 1474 1357 1496 ,
1402 1441 1458 1485 ut
1498 1439 1794 1501 peccatores
1836 1431 1920 1483 tali
1965 1429 2194 1482 vindicta

1201 1509 1431 1561 deterriti
1473 1508 1794 1575 resipiscant.
1828 1505 1900 1557 lta
1941 1505 2195 1557 incestuo-

1201 1599 1287 1634 sus
1326 1581 1651 1643 Corinthius,
1694 1596 1847 1649 quem
1887 1578 2078 1631 Paulus
2116 1594 2197 1630 sa-

1203 1664 1354 1709 tanae
1395 1656 1632 1716 tradidit,
1676 1662 1733 1707 ut
1772 1654 1982 1722 spiritus
2019 1652 2197 1704 salvus

1201 1732 1265 1783 sit
1307 1731 1405 1801 (⁰2),
1437 1732 1624 1782 seriam
1667 1746 1786 1782 mox
1829 1727 2196 1796 poenitentiam

1203 1806 1305 1872 egit
1346 1804 1444 1876 (5).
1476 1835 1546 1842 ——
1581 1804 1711 1855 Hinc
1752 1803 1869 1854 inde
1903 1805 2057 1854 etiam
2098 1801 2199 1868 pri-

1203 1880 1297 1931 mis
1339 1879 1612 1946 praecipue
1666 1877 1925 1930 Ecclesiae
1978 1875 2199 1928 saeculis

1203 1955 1436 2021 contigit,
1481 1960 1537 2004 ut
1585 1952 1859 2004 innodatus
1906 1963 2199 2003 excommu-

1206 2029 1480 2086 nicatione,
1507 2026 1873 2094 temporalibus
1896 2039 2095 2092 quoque
2117 2038 2200 2074 ae-

1205 2103 1403 2154 rumnis
1452 2101 1530 2152 vel
1591 2100 1939 2167 corporalibus
1987 2097 2202 2149 infirmi-

1208 2178 1396 2228 tatibus
1423 2174 1754 2242 affligeretur.
1790 2173 1892 2224 lmo
1910 2173 2065 2224 etiam
2087 2171 2203 2227 sub-

1205 2258 1529 2319 sequentium
1594 2248 1919 2300 saeculorum
1991 2245 2202 2298 historia

1206 2326 1443 2392 exempla
1485 2339 1662 2375 eorum
1703 2322 1896 2380 refert,
1951 2320 2036 2389 qui
2083 2334 2201 2371 cum

1206 2406 1358 2451 antea
1399 2413 1602 2465 semper
1641 2404 1691 2449 et
1744 2397 1930 2464 ubique
1981 2395 2206 2446 victores

1208 2475 1525 2533 existerent,
1572 2479 1681 2538 post
1723 2470 1877 2522 latam
1920 2470 1971 2520 in
2012 2484 2067 2521 se
2114 2483 2203 2519 ex-

1208 2547 1726 2599 communicationem
1762 2543 2017 2598 bellorum
2056 2540 2207 2595 infor-

1212 2623 1366 2673 tuniis
1434 2622 1590 2688 pressi
1656 2621 1840 2671 misere
1919 2617 2200 2685 perierunt.

1209 2695 1358 2760 Certo
1399 2711 1520 2762 ergo
1560 2693 1793 2746 Christus
1841 2693 1945 2759 ipse
1986 2696 2207 2760 potesta·

1214 2777 1315 2822 tem
1356 2769 1707 2828 coercitivam,
1751 2782 1906 2836 quam
1944 2765 2206 2818 Ecclesiae

1211 2844 1483 2902 concessit,
1527 2844 1772 2895 continuo
1813 2842 1966 2893 etiam
2007 2846 2203 2898 susten-

1213 2925 1307 2980 tat,
1351 2925 1409 2970 ut
1449 2918 1687 2969 effectum
1716 2931 1867 2968 suum
1909 2914 2102 2975 sortiri,
2135 2912 2206 2963 vi-

1213 2993 1281 3044 tia
1323 3007 1652 3059 praecavere,
1695 2995 1786 3043 aut
1825 2994 2117 3058 peccatores
2155 2999 2207 3036 e-

1215 3066 1458 3117 mendare
1502 3066 1676 3133 possit.

1287 3139 1437 3191 Nota.
1472 3139 1750 3206 imperium
1780 3151 1982 3190 sacrum
2011 3149 2041 3187 a
2063 3131 2208 3185 Chri·
2270 3191 2282 3204 ,κ

1214 3220 1291 3265 sto
1334 3214 1590 3266 Ecclesiae
1649 3211 1891 3265 traditum
1951 3209 2084 3261 circa
2128 3222 2208 3259 res

1215 3287 1548 3355 spiritualesa
1570 3291 1823 3354 potestate
1840 3281 1975 3337 civili
1999 3281 2208 3334 omnino
2252 3326 2265 3329 -

1216 3361 1565 3428 independens
1620 3367 1716 3413 est.
1778 3357 2014 3411 Christus
2071 3356 2208 3408 enim

1265 3534 1316 3579 (2)
1343 3536 1357 3569 1
1381 3535 1546 3570 Corinth.
1572 3533 1607 3576 a,
1632 3532 1666 3568 3.
