2332 3860
5 266 73 342 ⁴35

12 341 37 385 a

1070 59 1092 71 d

115 309 345 353 crassum
382 294 1007 366 anthropomorphismum
1033 312 1111 349 sa-

117 373 376 441 pientibus
437 370 704 424 incumbit.
765 369 909 423 Deus
971 371 1107 423 enim

117 446 417 514 proponitur
435 452 493 498 ut
518 445 667 497 homo
694 446 778 513 qui
819 444 1108 511 offenditur,

119 519 384 582 irascitur,
451 525 504 571 et
565 533 655 586 per
711 518 1108 570 satisfactionem

116 594 415 661 praestitam
443 591 722 661 placandus
753 597 847 644 est.
881 589 948 644 At
973 590 1111 643 Deus

119 666 351 720 infinitus
376 707 389 727 ,
455 665 789 718 immutabilis
853 665 1109 733 nullisque

120 740 360 794 subditus
379 739 752 802 affectionibus,
779 755 874 791 nec
899 738 1106 798 offendi,

121 829 215 866 nec
256 815 404 867 irasci
466 821 672 882 potest,
714 828 775 865 ac
813 813 924 865 ideo
973 812 1108 865 haud

120 903 248 956 opus
286 895 369 940 est·
402 888 767 942 satisfactione.

195 960 335 1032 Resp.
380 961 547 1014 Etiam
574 959 819 1013 Catholici
860 960 1107 1020 fatentur,

120 1033 286 1090 Deum
324 1051 425 1088 non
455 1052 599 1105 posse
626 1036 690 1087 ad
708 1036 868 1086 instar
893 1033 1111 1085 hominis

119 1108 332 1172 offendi,
374 1111 443 1162 ita
489 1117 544 1161 ut
583 1108 772 1178 aliquid
812 1108 873 1159 de
912 1108 1111 1159 infinita

65 1232 69 1233 ⁷
121 1198 211 1236 sua
242 1183 548 1251 perfectione
575 1190 664 1235 aut
692 1181 1003 1235 beatitudine
1031 1182 1113 1233 de-

122 1257 320 1325 perdat.
363 1256 462 1310 Sed
503 1257 653 1309 homo
694 1273 782 1325 pro
824 1255 982 1308 libero
1021 1272 1112 1307 suo

122 1331 330 1384 arbitrio
369 1347 398 1383 a
428 1331 540 1397 lege
566 1330 736 1382 divina
770 1331 1030 1390 aberrare,
1063 1337 1113 1381 et

123 1406 285 1457 malas
335 1406 774 1473 concupiscentias
820 1420 939 1456 suas
986 1404 1113 1455 divi-

125 1495 222 1532 nae
264 1479 513 1532 voluntati
554 1494 865 1548 praeponere
918 1485 1109 1546 potest,

125 1560 178 1605 et
208 1553 329 1605 talia
358 1553 557 1620 agendo
580 1560 717 1605 recte
738 1553 923 1604 dicitur
950 1552 1112 1604 Deum

125 1634 454 1680 contemnere
494 1643 554 1679 ac
593 1627 866 1679 offendere.
922 1626 1116 1690 Quam-

126 1702 204 1754 vis
242 1717 364 1769 ergo
404 1701 605 1754 nullum
653 1703 718 1753 sit
764 1702 1009 1752 damnum
1050 1716 1114 1752 ex

130 1781 274 1844 parte
314 1776 425 1838 Dei,
466 1792 588 1828 vera
618 1782 787 1828 tamen
817 1774 1011 1827 malitia
1039 1781 1116 1826 est

128 1866 195 1902 ex
237 1857 376 1918 parte
417 1850 667 1911 hominiS,
720 1866 850 1918 quae
902 1865 1113 1917 poenam

129 1931 388 1986 meretur,
431 1941 520 1977 seu
572 1940 660 1991 pro
699 1940 798 1992 qua
838 1924 1115 1975 satisfactio

130 1999 267 2051 omni
331 2000 441 2050 iure
504 1999 746 2065 exigitur.
824 1997 1117 2050 Admittunt

131 2089 281 2140 porro
321 2071 586 2132 Catholici,
622 2072 781 2124 Deum
824 2072 1118 2124 nullatenus

131 2147 356 2199 humano
395 2147 543 2198 modo
570 2147 739 2207 irasci,
783 2152 834 2197 et
875 2163 962 2213 per
991 2149 1115 2197 iram

133 2221 224 2273 Dei
265 2220 555 2289 intelligunt
582 2228 847 2272 aeternum
887 2221 1116 2272 divinum

135 2296 422 2355 decretum,
465 2295 629 2361 legem
659 2294 883 2345 divinam
925 2294 1119 2346 violan-

119 2370 298 2431 tibus,
347 2370 477 2421 bona
519 2369 802 2434 denegandi
844 2375 894 2419 et
936 2385 1121 2435 poenas

137 2442 418 2511 infligendi.
448 2442 515 2495 Ut
542 2443 696 2510 igitur
725 2442 873 2493 homo
899 2441 1025 2508 legis
1053 2443 1123 2493 di-

138 2519 289 2570 vinae
332 2517 707 2583 praevaricator
753 2517 884 2568 bona
938 2517 1121 2567 amissa

140 2598 435 2659 recuperet,
478 2597 529 2642 et
578 2596 795 2642 statutas
846 2606 1032 2657 poenas
1072 2607 1123 2641 a·

144 2671 330 2726 vertat,
373 2665 648 2716 satisfactio
691 2681 777 2731 pro
819 2664 951 2716 malo
989 2680 1125 2715 com-

143 2740 294 2791 misso
334 2736 486 2807 (quod
516 2739 755 2790 infectum
793 2738 899 2790 fieri
932 2738 1124 2808 nequit)

146 2814 392 2882 praestari
434 2812 601 2863 debet.
645 2811 743 2864 Sed
784 2814 1022 2880 quoniam
1064 2814 1126 2864 ad

144 2887 393 2939 offensum
421 2892 636 2954 spectat,
670 2885 872 2937 modum
901 2902 999 2954 quo
1029 2887 1130 2953 pla·

145 2962 272 3023 cari,
315 2976 405 3011 seu
444 2959 837 3011 satisfactionem
867 2976 1020 3027 quam
1047 2976 1131 3012 ac-

148 3041 354 3102 ceptare
393 3033 547 3094 velit,
598 3033 977 3100 determinare3
1027 3050 1132 3085 mo-

149 3109 270 3161 dum
309 3115 483 3160 autem
522 3107 664 3159 illum
692 3149 704 3168 ‚
766 3108 849 3175 qui
890 3108 953 3160 ab
993 3108 1132 3159 inde-

152 3183 390 3251 pendenti
430 3189 482 3234 et
519 3181 1012 3249 incomprehensibili
1043 3182 1130 3234 Dei

153 3257 418 3309 voluntate
445 3254 716 3323 dependet,
747 3258 875 3307 ratio
909 3256 1134 3309 humana

155 3330 248 3382 sibi
314 3330 490 3382 relicta
552 3345 859 3396 cognoscere
919 3333 1130 3400 nequit3

157 3403 353 3456 lubenti
411 3404 632 3471 profecto
670 3410 916 3471 gratoque
967 3406 1137 3456 animo

153 3475 418 3530 Revelatio
443 3477 695 3530 audienda
723 3483 820 3539 est,
845 3477 963 3529 dum
995 3480 1138 3530 nobis

156 3550 208 3606 in
247 3550 476 3606 doctrina
518 3551 582 3606 de
618 3551 961 3604 satisfactione
1000 3550 1139 3605 Chri-

582 255 587 258 ,
646 199 656 202 “
697 200 816 252 mis
851 213 924 251 ιιι.
967 211 1133 252 sacrm
1167 212 1225 252 ιι.
1267 209 1423 250 carm-¹
1453 211 1515 251 11.

1971 191 2077 247 565

1168 295 1232 348 sti
1258 292 1466 348 modum
1494 292 1746 361 proponit,
1763 306 1872 361 <quo
1890 297 2002 359 post
2024 305 2160 344 com·

1170 369 1382 421 missum
1413 373 1678 436 peccatum
1707 365 1812 419 Deo
1839 364 2159 417 reconciliari

1171 443 1439 511 possimuS.
1470 430 1621 498 Nulla
1651 455 1773 506 ergo
1800 438 1927 492 falsa
1953 453 2045 491 seu
2070 453 2160 489 an-

1170 513 1657 585 thropomorphitica
1695 513 1944 581 principia
1984 527 2160 565 occur-

1173 596 1293 642 runt
1342 591 1393 642 in
1451 587 1683 640 doctrina
1739 585 2157 648 Catholicorum3

1170 663 1349 716 sedin
1405 663 1689 714 obiectione
1746 659 2160 712 adversariorum

1172 737 1285 790 falsi
1324 736 1387 788 de
1413 736 1520 789 Deo
1546 741 1824 802 conceptus
1864 733 2159 791 traduntur,

1173 811 1319 863 cuius
1346 809 1559 871 iustitia,
1590 825 1681 861 seu
1713 807 1972 868 voluntaS‚
2006 810 2165 858 bonos

1174 883 1533 938 remunerandi
1592 891 1643 935 et
1701 880 1863 934 malos
1922 879 2165 949 puniendi

1174 964 1412 1026 negatur,
1438 965 1488 1010 et
1514 958 1587 1010 sic
1614 957 1780 1009 omnis
1807 954 1930 1009 ordo
1958 954 2166 1007 moralis

1172 1034 1520 1094 subvertitur,
1563 1033 1646 1100 qui
1687 1031 1808 1098 ipsis
1847 1027 2168 1096 Philosophia

1175 1108 1448 1159 fatentibus
1475 1123 1540 1158 ex
1568 1106 1834 1157 harmonia
1862 1102 2167 1155 moralitatis

1174 1187 1225 1235 et
1264 1181 1519 1232 felicitatis
1558 1179 1802 1245 exurgit,
1855 1193 2010 1245 quam
2049 1175 2167 1227 har·

1176 1255 1398 1307 moniam
1455 1253 1775 1306 solummodo
1823 1250 1962 1303 Deus
2006 1250 2168 1317 omni·

1175 1331 1311 1381 scius
1338 1371 1350 1390 ‚
1395 1329 1716 1396 omnipotens
1756 1333 1807 1378 et
1847 1324 2046 1377 infinite
2091 1324 2169 1376 iu-

1175 1411 1284 1456 stus
1325 1403 1528 1455 efficere
1570 1407 1734 1470 potest
1774 1397 1869 1470 (l).

1248 1476 1353 1530 Obi.
1400 1478 1483 1529 3).ss
1524 1476 1617 1539 Qui
1657 1475 1817 1536 dicit,
1863 1473 2026 1526 Deum
2065 1487 2169 1524 non

1176 1553 1398 1619 potuisse
1438 1552 1598 1617 gratis
1626 1551 1659 1601 i.
1693 1565 1739 1601 e.
1774 1549 1883 1600 sine
1924 1546 2171 1615 praestita

1176 1626 1519 1678 satisfactione
1574 1630 1783 1693 peccata
1841 1622 2166 1682 condonare,

1179 1701 1333 1752 laedit
1372 1700 1482 1751 eius
1524 1699 1824 1767 potentiam3
1868 1698 1951 1765 qui
1995 1702 2171 1748 autem

1178 1775 1318 1834 dicit,
1366 1774 1525 1825 Deum
1563 1775 1786 1841 potuisse
1815 1771 2042 1840 quidem,
2082 1768 2172 1821 sed

1179 1848 1401 1899 noluisse
1429 1849 1589 1913 gratis
1620 1853 1827 1915 peccata
1855 1844 2171 1905 condonare,

1181 1923 1333 1974 laedit
1378 1922 1487 1973 eius
1539 1920 1978 1983 misericordiam3
2023 1932 2174 1970 nemo

1178 1999 1316 2049 enim
1357 1997 1583 2063 negabit,
1628 1994 2051 2047 excellentiorem
2091 1993 2177 2044 bo-

1182 2073 1391 2123 nitatem
1433 2072 1684 2130 exerceri,
1730 2070 1771 2121 si
1806 2068 2022 2120 iniuriae
2063 2065 2175 2118 illa-

1182 2154 1261 2198 tae
1312 2146 1503 2213 absque
1563 2144 1771 2214 praevia
1825 2141 2176 2195 satisfactione

1180 2220 1558 2278 condonantur,
1602 2234 1752 2287 quam
1782 2218 1822 2268 si
1863 2223 1972 2285 post
2000 2216 2177 2268 obten-

1182 2303 1285 2347 tam
1327 2295 1597 2346 dumtaxat
1658 2292 2056 2345 satisfactionem
2099 2305 2177 2341 re-

1185 2371 1475 2420 mittuntur.
1522 2367 1622 2419 Nos
1680 2381 1881 2435 quoque
1939 2364 2179 2417 admone-

1186 2459 1331 2503 mur,
1375 2449 1432 2494 ut
1470 2442 1629 2509 gratis
1670 2441 1882 2491 iniurias
1922 2438 2178 2491 condone-

1187 2533 1318 2568 mus:
1363 2523 1554 2585 quanto
1583 2516 1746 2581 magis
1786 2514 1915 2567 haec
1954 2511 2181 2580 gratuita

1187 2592 1384 2643 bonitas
1424 2598 1474 2643 et
1515 2589 1861 2641 misericordia
1892 2587 2058 2640 Deum
2098 2585 2182 2638 de·

1187 2671 1287 2725 cet,
1332 2665 1478 2716 cuius
1520 2663 1853 2730 perfectiones
1894 2677 2071 2713 omnes
2110 2661 2184 2711 in-

1189 2739 1362 2791 finitae
1391 2739 1535 2790 sunt?
1560 2738 1692 2791 Vere
1722 2752 1842 2804 ergo
1871 2737 1922 2787 in
1953 2734 2185 2787 doctrina

1191 2814 1251 2865 de
1291 2814 1636 2865 satisfactione
1663 2811 1847 2863 Christi
1879 2811 2052 2862 divina
2091 2809 2185 2860 mi-

1190 2888 1465 2939 sericordia
1507 2886 1656 2938 valde
1696 2887 2001 2937 obscuratur
2028 2924 2041 2946 ,
2084 2884 2186 2936 imo

1195 2962 1296 3012 fere
1336 2964 1630 3023 evanescit3
1675 2960 1900 3011 maxime
1940 2957 2079 3010 enim
2117 2957 2189 3009 in-

1196 3037 1358 3087 vicem
1402 3041 1633 3102 pugnant
1656 3032 2002 3085 misericordia
2031 3038 2081 3083 et
2106 3047 2190 3098 pu-

1196 3110 1339 3169 nitio,
1373 3109 1597 3162 liberalis
1625 3107 1929 3160 condonatio
1957 3113 2009 3159 et
2036 3104 2189 3157 debiti

1198 3185 1451 3250 repetitio,
1483 3183 1949 3235 beneficentissima
1978 3180 2191 3243 largitas

1199 3258 1537 3325 immensique
1569 3258 1713 3325 pretii
1744 3257 1949 3309 solutio.
1995 3253 2193 3306 Admit-

1201 3332 1351 3383 tenda
1392 3332 1551 3398 igitur
1590 3347 1690 3382 non
1732 3337 1809 3382 est
1849 3329 2108 3388 doctrina,
2140 3325 2192 3377 in

1198 3421 1299 3473 qua
1339 3404 1423 3456 vel
1473 3405 1842 3474 omnipotentia
1898 3404 2073 3455 divina
2110 3397 2194 3453 vel

1245 3580 1299 3629 (¹)
1322 3583 1610 3632 v.'1'heotogiam
1633 3582 1845 3629 generalem
1864 3578 1890 3627 S
1915 3578 1959 3616 88
1979 3583 2018 3615 et
2037 3573 2095 3613 41.
