2332 3860
234 181 341 234 5ᾰο

162 284 247 344 pta
285 282 414 328 erat.
458 273 666 327 Certum
719 273 858 325 enim
921 277 1018 332 est,
1080 269 1152 322 ait

161 348 236 402 Cl.
270 348 496 402 Billuart
537 346 632 418 (l),
669 367 695 396 «
725 346 889 400 Deum
936 349 1150 398 mortem

162 422 518 492 praecipiendo
557 420 664 474 filio
703 421 855 473 simul
906 419 1147 477 voluisse,

163 503 222 550 ut
260 496 398 550 illam
441 495 636 548 subiret
677 493 853 556 libere,
897 494 1011 561 quia
1063 507 1151 543 vo-

162 570 278 631 luit,
322 576 379 622 ut
418 570 558 622 illam
623 568 816 621 subiret
871 564 1150 620 obediendo

160 651 213 697 et
254 644 520 706 merendo,
565 658 696 712 quae
736 658 834 694 non
878 647 1015 693 stant
1042 640 1151 691 sine

161 716 414 771 libertate.
463 737 490 767 »
516 745 584 755 —
609 716 738 769 Huic
776 714 1150 766 Themistarum

165 793 454 844 sententiae
495 791 541 843 id
586 790 854 857 praecipue
894 788 1039 840 obiici
1073 803 1150 839 so-

163 863 254 927 let,
319 865 455 934 quod
514 863 665 915 valde
704 863 903 915 subtilis
942 878 1002 914 ac
1041 862 1151 913 ideo

159 939 376 992 obscura
421 941 506 999 sit,
553 952 717 1005 neque
764 936 826 988 ad
886 934 1153 987 difficulta-

160 1018 263 1066 tem
329 1013 535 1080 penitus
573 1010 872 1064 solvendam
911 1008 1146 1062 sufficiat.

160 1085 259 1154 Ipsi
300 1086 611 1147 Themistae‚
674 1091 730 1137 ut
786 1084 1152 1136 obiectionibus

161 1160 526 1228 respondeant,
594 1158 657 1212 ad
722 1157 879 1210 alium
946 1159 1152 1210 modum

161 1232 514 1287 difficultatem
538 1232 767 1284 solvendi
790 1247 1053 1284 recurrere
1075 1248 1152 1283 so-

164 1306 294 1370 lent,
337 1308 422 1376 qui
464 1309 616 1359 etiam
656 1307 843 1374 optime
901 1322 1019 1358 cum
1075 1321 1154 1357 eo·

162 1397 277 1434 rum
318 1388 597 1450 systemate
636 1380 983 1446 coniungitur,
1027 1378 1152 1431 diffi-

164 1455 413 1508 cultatem
454 1454 613 1508 solide
652 1470 712 1506 ac
751 1454 1014 1523 perspicue
1054 1454 1151 1505 sol-

165 1530 277 1590 vit,
320 1537 371 1583 et
409 1529 522 1582 ideo
575 1530 754 1582 ultimo
811 1527 921 1581 loco
975 1544 1153 1597 propo-

163 1604 322 1657 nitur.

234 1678 287 1730 2.
333 1676 561 1730 Libertas
601 1677 745 1729 iuxta
784 1692 939 1728 sanae
999 1674 1156 1743 philo-

165 1751 369 1820 sophiae
415 1751 657 1820 principia
698 1750 839 1803 nullo
879 1749 1026 1802 modo
1067 1766 1154 1817 per

166 1827 558 1894 impeccantiam
624 1824 846 1884 tollitur,
914 1825 999 1876 sed
1066 1840 1154 1891 per

170 1899 303 1951 hanc
367 1899 648 1968 perficitur.
718 1898 945 1950 Libertas
1018 1899 1151 1949 enim

171 1974 274 2026 enti
316 1973 551 2026 rationali
592 1988 861 2033 concessa,
894 1979 970 2023 est
999 1972 1153 2023 facul-

166 2053 245 2099 tas
285 2047 476 2100 bonum
515 2046 851 2112 cognoscendi
887 2053 936 2097 et
975 2053 1155 2098 semet-

165 2121 332 2189 ipsum
389 2121 453 2173 ad
513 2121 699 2173 bonum
758 2120 1147 2172 determinandi.

169 2194 399 2247 Libertas
438 2210 559 2260 ergo
599 2210 657 2246 eo
723 2195 991 2262 perfectior
1054 2201 1149 2254 est,

170 2284 270 2338 quo
312 2269 474 2336 magis
513 2269 702 2320 bonum
742 2269 1066 2336 cognoscitur
1104 2275 1153 2320 et

170 2349 395 2395 amatur.
438 2341 596 2395 Sicuti
637 2348 808 2394 autem
848 2342 1032 2394 falsum
1072 2337 1154 2394 cc-

170 2433 436 2485 gnoscere,
479 2430 568 2468 seu
609 2432 638 2468 a
667 2417 882 2468 veritate
916 2416 1154 2468 aberrare

172 2507 270 2543 non
310 2498 387 2543 est
451 2491 709 2557 perfectiO,
777 2490 863 2542 sed
930 2490 1154 2542 defectus

172 2564 220 2616 in
261 2564 557 2629 intellectu3
601 2565 670 2617 ita
711 2579 940 2632 peccare,
984 2580 1075 2616 seu
1125 2581 1154 2616 a

172 2639 474 2691 rectitudine
538 2645 588 2690 et
651 2638 876 2690 bonitate
939 2638 1154 2690 deficere

174 2728 318 2780 posse
361 2729 459 2765 non
504 2719 581 2764 est
619 2712 881 2780 perfectio,
924 2712 1011 2763 sed
1070 2712 1155 2763 de·

176 2786 339 2838 fectus
396 2789 446 2838 in
508 2785 791 2838 voluntate.
854 2784 980 2837 Cum
1020 2787 1154 2837 enim

175 2867 437 2931 peccatum
499 2876 598 2912 non
656 2861 720 2912 sit
779 2860 870 2911 nisi
930 2859 1155 2911 defectus

176 2934 517 2995 rectitudiniS,
590 2949 793 3001 prorsus
848 2935 1017 3001 inepte
1076 2950 1158 3001 po·

177 3014 337 3059 testas
376 3008 614 3076 peccandi
660 3009 997 3075 praedicatur,
1040 3023 1154 3059 cum

178 3081 365 3134 absona
406 3083 469 3132 sit
510 3083 752 3149 potentia,
795 3097 926 3150 quae
963 3080 1027 3132 ad
1088 3082 1158 3132 ni-

177 3153 337 3207 hilum
357 3154 734 3221 producendum
750 3154 1155 3221 dirigitur.Nulla

181 3244 300 3296 ergo
322 3235 564 3296 potestaS‚
596 3229 732 3281 nulla
764 3230 995 3294 facultas,
1020 3229 1157 3280 nulla

183 3303 422 3370 perfectio
464 3300 648 3353 liberae
687 3303 937 3356 voluntati
963 3304 1160 3355 subtra-

182 3375 341 3439 hitur,
382 3390 499 3428 cum
539 3375 743 3438 dicitur,
784 3393 896 3430 eam
949 3393 1158 3445 peccare

227 3553 276 3597 (Ι)
301 3555 351 3589 De
374 3551 518 3588 lacurn.
545 3551 631 3586 Diss.
661 3548 714 3587 18.
738 3554 805 3584 art.
830 3547 863 3590 ί,
889 3548 912 3593 S
937 3550 971 3591 2,
993 3550 1077 3594 Sup.
1102 3547 1136 3584 ’1.

574 194 636 232 nn
673 193 766 231 nso
806 191 942 229 narsi
981 187 1168 228 numm
1206 185 1410 225 cananis
1444 166 1787 224 nznamronil

1212 283 1313 321 ⁰0¹¹
1355 283 1518 336 posse,
1561 268 1649 321 sed
1687 268 1738 319 id
1790 267 1957 342 potius
2011 251 2192 331 asseri.¹<
2241 258 2299 333 3⁴⁶

1214 349 1316 402 tur,
1360 340 1493 410 quod
1531 341 1594 412 ad
1658 356 1770 394 eam
1835 343 2194 410 perficiendam

1213 415 1436 468 maxime
1473 421 1688 482 spectat.
1730 445 1804 454 —-
1827 414 2045 470 Tantum
2070 434 2194 488 ergo

1212 490 1376 551 abest,
1419 494 1475 540 ut
1513 486 1769 541 Christum
1801 490 2013 543 liberum
2041 492 2195 547 fuisse

1212 564 1276 615 sit
1315 561 1639 630 negandum,
1681 564 1797 632 quia
1837 580 2048 633 peccare
2095 583 2194 620 non

1215 638 1395 704 potuit,
1438 644 1494 689 ut
1534 636 1699 704 potius
1737 637 1848 691 ideo
1896 639 2197 708 perfectissi·
2265 642 2329 714 ι’»

1212 726 1293 763 me
1338 711 1462 763 liber
1500 710 1744 763 dicendus
1782 714 1867 774 sit,
1928 715 2045 783 quia
2103 717 2194 767 im-

1216 783 1482 853 peccabilis
1522 785 1633 837 fuit.
1678 783 1753 837 lta
1792 788 1892 839 iam
1933 789 2195 843 ratiocina-

1215 866 1295 912 tus
1358 865 1436 911 est
1496 857 1547 911 S.
1616 858 1918 928 Auyustinus
1982 863 2033 915 in
2102 863 2191 918 lib.

1213 933 1274 985 de
1315 932 1569 1000 praedest.
1620 932 1797 986 Sanct.
1850 932 1926 1005 (9)
1986 936 2194 990 dicens:¹

1217 1026 1242 1055 «
1293 1006 1547 1075 Numquid
1603 1007 1938 1060 metuendum
1977 1010 2090 1071 fuit,
2135 1028 2196 1064 ne

1214 1081 1489 1134 accedente
1527 1088 1695 1134 aetate
1735 1081 1887 1135 homo
1924 1082 2010 1137 ille
2040 1082 2201 1154 (Chri-

1214 1153 1342 1225 stus)
1365 1155 1520 1207 libero
1560 1163 1796 1224 peccaret
1833 1156 2083 1211 arbitrio?
2118 1158 2199 1212 An

1215 1229 1325 1281 ideo
1365 1230 1413 1281 in
1456 1229 1541 1282 illo
1581 1246 1681 1283 non
1739 1231 1899 1283 libera
1963 1232 2200 1287 voluntas

1216 1310 1344 1361 erat,
1387 1319 1447 1355 ac
1485 1319 1586 1355 non
1645 1310 1787 1357 tanto
1843 1307 2006 1372 magis
2064 1315 2195 1368 erat,

1215 1385 1404 1446 quanto
1442 1378 1607 1445 magis
1646 1384 1852 1445 peccato
1879 1382 2072 1433 servire
2098 1397 2199 1435 non

1218 1458 1431 1519 poterat.
1469 1470 1491 1500 »
1523 1480 1595 1492 —-
1633 1451 1876 1515 Quamvis
1915 1469 2036 1523 ergo
2058 1454 2201 1508 Chri-

1214 1532 1323 1577 stus
1362 1542 1542 1578 verum
1607 1527 1905 1579 mandatum
1965 1530 2027 1581 de
2083 1531 2201 1584 sub-

1214 1600 1380 1652 eunda
1419 1606 1581 1653 morte
1644 1618 1673 1653 a
1737 1601 1886 1654 Patre
1923 1606 2198 1672 acceperit,

1213 1690 1274 1726 ac
1319 1674 1380 1725 de
1431 1675 1517 1726 illo
1586 1690 1651 1727 ne
1712 1676 1935 1741 cogitare
1997 1678 2202 1747 quidem

1218 1747 1384 1810 liceat,
1428 1749 1560 1817 quod
1600 1750 1732 1802 istud
1779 1753 2064 1819 transgredi
2116 1769 2201 1821 po·

1218 1824 1391 1885 tuerit,
1435 1823 1562 1876 haec
1620 1830 1791 1876 tamen
1847 1826 1956 1878 eius
2014 1828 2200 1895 impec-

1216 1897 1382 1948 cantia
1423 1913 1523 1949 non
1564 1897 1729 1950 solum
1770 1900 1926 1967 ipsius
1963 1901 2014 1951 in
2045 1902 2202 1969 perfe-

1217 1970 1373 2022 renda
1414 1978 1575 2024 morte
1617 1971 1902 2025 libertatem
1945 1989 2043 2026 non
2091 1991 2200 2027 sus-

1218 2044 1357 2105 tulit,
1393 2046 1480 2097 sed
1514 2046 1931 2114 perfectissimam
1967 2048 2198 2103 reddidit.

1217 2118 1278 2170 Et
1316 2135 1439 2170 sane
1478 2121 1583 2187 ipse
1623 2121 1774 2172 etiam
1815 2121 1951 2173 Deus
2007 2122 2202 2175 liberri-

1217 2209 1331 2245 mus
1371 2200 1467 2252 est‚
1517 2195 1634 2263 quia
1692 2196 1862 2247 omnia
1918 2198 2197 2263 cognoscit,

1216 2273 1265 2319 et
1305 2283 1516 2336 peccare
1554 2269 1760 2322 omnino
1798 2285 1896 2323 non
1940 2277 2122 2340 potest.

1519 2413 1803 2451 ARTIGULUS
1828 2415 1902 2451 17.

1283 2509 1333 2543 De
1358 2507 1607 2543 saluberrimis
1631 2508 1800 2545 sacrificii
1830 2507 1870 2546 in
1892 2518 2002 2547 cruce
2025 2512 2136 2549 obtati

1403 2567 1590 2602 effectibus
1615 2574 1782 2612 respectu
1805 2569 2010 2606 hointnum.

1625 2691 1830 2749 gaes.

1294 2779 1535 2834 Homines
1574 2799 1674 2836 non
1715 2784 1879 2837 solum
1927 2783 2075 2853 finiti,
2114 2786 2202 2840 sed

1218 2854 1369 2905 etiam
1435 2857 1539 2908 vita
1596 2858 1844 2924 spirituali
1903 2861 2087 2928 privati
2141 2877 2202 2914 ac

1219 2927 1316 2979 Deo
1356 2929 1554 2982 odibiles
1581 2930 1655 3002 (3)
1679 2932 1865 2995 effecti,
1903 2949 2068 3003 neque
2087 2950 2205 2987 con·

1219 3002 1424 3069 dignam
1463 3004 1567 3056 Deo
1606 3006 1802 3059 infinito
1842 3023 1931 3076 pro
1982 3009 2202 3077 peccatis

1219 3079 1323 3128 suis
1362 3078 1758 3131 satisfactionem
1798 3088 2078 3150 praestare,
2113 3097 2201 3133 ne·

1219 3165 1315 3217 que
1357 3166 1445 3218 per
1483 3168 1537 3203 se
1575 3153 1680 3206 Deo
1744 3155 2080 3215 reconciliari,
2141 3169 2202 3208 ac

1218 3225 1434 3290 gratiam
1476 3227 1881 3281 sanctificantem
1918 3234 2204 3280 aeternam-

1219 3313 1316 3365 que
1355 3298 1720 3354 beatitudinem
1759 3303 2062 3370 recupe‘rare
2119 3318 2235 3371 po-⁴

1220 3377 1407 3424 terant.
1449 3372 1549 3426 Sed
1594 3374 1826 3429 Christus
1864 3391 1955 3444 per
2016 3374 2204 3448 sacrifi-

1263 3545 1313 3589 (2)
1336 3546 1417 3589 cap.
1433 3545 1486 3582 ιε.
1809 3546 1861 3593 (⁸2
1883 3547 1984 3584 nom.
1998 3545 2034 3592 1,
2058 3545 2114 3583 30.
2195 3529 2197 3531 ’

2273 543 2293 550 f
2280 494 2303 521 v:
2263 319 2304 472 aaa&

2316 534 2332 549 1·
2314 499 2332 513 fi
