2332 3860
313 157 420 211 [168

245 255 500 323 corporeis
538 253 666 308 haec
703 256 996 309 commixtio
1059 256 1226 309 locum

246 329 590 395 babet;.tum
628 330 745 399 quia
785 330 1071 383 substantia
1097 347 1227 400 quae

242 404 359 457 inde
397 411 675 471 exurgeret
714 420 809 457 nec
848 405 1019 456 divina
1070 411 1223 466 esset,

247 493 343 532 nec
381 477 646 531 humana:
689 476 922 532 Christus
962 486 1225 547 propterea

241 568 339 606 nec
376 552 516 606 Deus
561 568 657 605 nec
714 553 864 606 homo
923 559 1075 615 esset,
1137 554 1224 606 sed

242 641 376 681 nova
415 633 599 680 natura
639 643 772 680 novo
813 629 1016 681 nomine
1055 628 1226 696 appel-

240 700 414 754 landa.
434 731 506 740 —
527 702 634 754 Non
655 702 873 772 denique
894 719 996 754 una
1018 718 1082 754 ex
1102 718 1226 755 com·

237 777 472 846 positione
510 777 777 846 utriusque
842 783 1078 838 naturae,
1140 793 1228 829 cu-

240 850 456 904 iusmodi
497 851 749 918 reperitur
788 852 836 902 in
879 851 1103 903 humana
1139 868 1229 903 na-

240 931 376 986 tura,
408 940 536 994 quae
566 941 631 976 ex
658 925 944 978 substantia
977 926 1224 994 spirituali

240 1005 291 1051 et
330 1014 571 1067 corporea
611 998 868 1052 coalescit.
921 998 1050 1052 Nam
1115 1001 1226 1052 ideo

238 1072 335 1126 bae
375 1073 506 1125 duae
545 1073 861 1126 substantiae
914 1081 1226 1126 concurrunt

237 1147 300 1200 ad
342 1159 496 1200 unam
536 1147 754 1200 hominis
811 1155 1047 1201 naturam
1112 1165 1228 1201 coii-

237 1222 567 1283 stituendam,
600 1223 717 1291 quia
746 1230 927 1275 neutra
956 1224 1004 1274 in
1034 1240 1087 1276 se
1118 1240 1227 1292 per-

239 1296 370 1348 fecta
411 1302 488 1348 est
528 1297 577 1347 in
621 1297 816 1348 ratione
858 1304 1093 1358 naturae,
1136 1298 1223 1350 sed

236 1378 357 1422 sunt
397 1371 491 1424 sibi
533 1371 751 1422 invicem
799 1372 1121 1424 coordinatae
1162 1372 1224 1424 ad

236 1445 492 1512 integram
534 1451 769 1497 naturam
834 1446 1219 1502 efformandam.

237 1517 426 1571 Contra
484 1535 603 1572 vero
660 1527 878 1590 utraque
932 1527 1114 1573 natura
1173 1524 1221 1574 in

238 1591 437 1646 Christo
477 1595 678 1663 integra
717 1610 777 1647 ac
819 1595 1041 1663 perfecta
1070 1598 1222 1648 estin

235 1670 432 1721 ratione
473 1677 708 1727 naturae,
754 1686 848 1722 nec
888 1670 1048 1722 altera
1100 1670 1224 1722 alte-

234 1758 346 1794 ram
399 1743 620 1811 postulat
661 1750 717 1796 ut
772 1744 888 1796 talis
940 1745 1022 1797 sit.
1082 1744 1224 1797 Duae

239 1832 361 1883 ergo
401 1825 616 1870 naturae
656 1819 707 1869 in
749 1818 949 1870 Christo
989 1826 1109 1871 sunt
1137 1836 1225 1871 ne·

236 1893 456 1944 cessario
496 1892 836 1953 confitendae,
867 1895 1117 1958 integrae,
1151 1895 1223 1952 in-

236 1967 494 2034 confusae,
510 1967 680 2019 diviiia
696 1967 891 2019 scilicet
910 1974 961 2020 et
977 1968 1218 2021 bumana.

648 2128 685 2186 ς
704 2127 836 2174 232.

355 2223 398 2258 11.
411 2223 513 2259 Duae
536 2228 624 2259 sunt
646 2225 684 2259 in
708 2225 851 2261 Christo
872 2227 1113 2269 operationes.

308 2334 386 2388 Ex
416 2336 638 2403 probatis
666 2336 987 2406 dogmatibus
1016 2341 1077 2393 de
1106 2341 1227 2393 dua·

236 2407 332 2463 bus
384 2410 435 2461 in
487 2408 687 2463 Christo
748 2414 986 2474 naturis,
1042 2423 1093 2467 et
1142 2432 1225 2467 vo-

238 2483 519 2537 luntatibus
560 2483 605 2555 (t
619 2484 636 2556 )
686 2498 864 2555 sponte
917 2505 1008 2541 sua
1057 2490 1223 2542 fluunt

239 2558 365 2611 duae
406 2559 457 2610 in
498 2558 698 2613 Christo
737 2564 1055 2630 operationes
1103 2566 1225 2634 ipsis

239 2633 711 2718 correspondentes,
763 2636 1094 2705 Operationes
1151 2641 1224 2692 di-

240 2709 392 2769 vinae,
437 2724 568 2777 quae
607 2725 637 2762 a
684 2710 790 2762 sola
821 2718 1002 2765 natura
1026 2714 1219 2775 divina,

239 2780 476 2835 humanae
521 2799 651 2852 quae
689 2801 718 2836 a
758 2786 864 2838 sola
908 2794 1088 2840 natura
1135 2788 1226 2840 hu·

238 2869 387 2908 mana
420 2857 828 2925 proficiscuntur.
861 2860 949 2913 His
991 2863 1222 2915 nonnulli

238 2928 434 2983 addunt
460 2934 779 2999 operationes
805 2936 986 2987 mixtas
1005 2936 1068 2988 ad
1097 2952 1224 3005 quas

239 3003 573 3069 perficiendas
613 3009 794 3062 ambae
834 3017 1048 3063 naturae
1105 3027 1223 3063 con-

240 3086 474 3132 currunt.
506 3110 578 3122 —-
610 3081 816 3135 Etiam
805 3100 857 3136 in
884 3084 1109 3153 quolibet
1136 3085 1223 3137 bo-

241 3152 398 3213 mine,
466 3155 550 3222 qui
609 3172 676 3209 ex
715 3173 926 3243 corpore
963 3167 1013 3211 et
1052 3160 1220 3212 anima

240 3232 462 3287 constat,
506 3227 698 3296 duplex
736 3233 962 3301 operatio
982 3233 1222 3303 distingui

240 3305 425 3367 potest:
469 3304 763 3369 corp01·aliS‚
807 3323 854 3360 e.
899 3323 950 3376 g.
995 3307 1115 3360 duin
1144 3324 1224 3361 co-

240 3373 416 3435 medit,
460 3374 603 3439 bibit,
648 3378 852 3444 dormit,
896 3389 1021 3448 etc.;
1053 3390 1106 3436 et
1131 3383 1226 3451 spi·

287 3491 340 3536 (i)
362 3491 385 3533 Ε
409 3491 492 3526 221-
496 3492 571 3529 236.

286 3537 340 3581 (ιι)
361 3523 414 3574 io.
440 3537 474 3578 is.
497 3537 549 3573 ¹7.
870 3541 921 3586 (3)
947 3543 1036 3578 lbid.
1065 3552 1100 3581 v.
1125 3543 1180 3579 19.

2228 0 2332 88 sq

2272 83 2286 93 ,,
2299 67 2305 91 i'

2280 97 2299 131 „³1
2320 94 2332 125 ἶ

2275 138 2298 150 ·.=·
2328 144 2332 146 .

648 173 711 210 ni:
747 174 840 212 nno
878 175 1008 213 mirsi
1046 165 1237 214 numani
1275 175 1477 217 camnis
1510 177 1849 222 uununrroan.

1280 248 1506 321 rimatis,
1540 259 1662 314 dum
1700 263 1909 334 cogitat,
1951 263 2083 327 vuit,
2121 266 2298 322 remia

1289 331 1532 398 nisciturg
1573 336 1654 388 ‘cui
1701 336 1816 389 addi
1883 343 2046 409 potest
2089 340 2332 407 miitta,‘'¹

1287 406 1421 458 circa
1461 422 1614 475 quam
1651 425 1837 479 corpus
1874 416 1927 464 et
1963 413 2133 466 anima
2179 406 2332 475 ιιιι-ὲ-ἶ

1288 486 1561 548 cupantur‚
1603 498 1652 536 e.
1694 499 1746 553 g.
1791 484 1948 538 dum
1952 487 2066 555 quis
2104 488 2317 541 erudi·

1291 560 1397 606 tum
1437 570 1721 609 sermonem
1760 574 1848 612 ore
1914 560 2103 627 profert
2164 568 2282 616 etc.

1288 626 1380 680 Ast
1418 629 1567 682 sicuti
1609 638 1745 684 recte
1777 633 1983 695 dicitur,
2014 634 2305 689 bominem

1287 703 1526 772 quidquid
1568 706 1692 775 agit,
1734 713 1824 760 aut
1864 723 2157 791 percorpus
2181 716 2285 763 aut

1290 792 1377 843 per
1417 778 1638 831 animam
1678 781 1897 847 operari,
1929 783 1996 834 ita
2024 789 2163 836 recte
2191 799 2272 837 as·

1288 852 1477 903 seritur
1514 851 1770 906 Christum
1811 856 1999 918 omnia,
2043 864 2134 909 aut
2183 873 2274 926 per

1290 932 1524 977 naturam
1548 926 1793 989 divinam,
1818 936 1906 981 aut
1928 946 2015 998 per
2036 937 2272 984 naturam
2316 994 2318 997 .

1291 999 1565 1052 humanam
1605 1004 1823 1070 operari:
1866 1009 1917 1056 et
1942 1004 2067 1057 'ideo
2123 1005 2274 1059 sicuti
2311 1001 2332 1038 ’-

1289 1073 1418 1126 duae
1460 1081 1674 1128 naturae
1714 1084 1763 1129 et
1804 1076 1934 1130 duae
1956 1079 2268 1143 voluntateS‚
2302 1095 2308 1104 ³

1288 1149 1356 1200 ita
1396 1150 1549 1201 etiam
1573 1150 1702 1202 duae
1725 1154 2042 1220 operationes
2067 1153 2270 1208 divinae

1288 1229 1338 1274 et
1379 1222 1629 1276 humanae
1669 1228 1720 1276 in
1762 1225 1812 1279 S.
1877 1224 2155 1294 Scriptura,
2218 1231 2272 1280 in

1288 1296 1367 1348 Ss.
1412 1295 1648 1350 Patr-ibus
1690 1306 1739 1350 et
1799 1301 1850 1350 in
1912 1299 2144 1354 Concilii's
2207 1302 2271 1355 de
2304 1336 2317 1342 -

1287 1369 1486 1423 Christo
1527 1373 1902 1439 praedicantur.

1361 1446 1410 1497 i.
1457 1446 1515 1497 In
1553 1445 1603 1498 S.
1649 1445 1906 1515 Scriptura
1954 1446 2186 1501 Christus
2236 1450 2275 1502 i·

1289 1534 1374 1585 pse
1414 1520 1507 1571 sibi
1547 1522 1865 1586 operationes
1929 1519 2128 1574 divinas
2184 1524 2269 1576 ad·

1286 1593 1489 1645 scribit:
1534 1592 1678 1645 Pater
1714 1611 1866 1655 mem,
1910 1595 2093 1663 inquit,
2123 1613 2300 1665 iisque

1286 1670 1424 1718 modo
1463 1677 1708 1736 operatur,
1753 1677 1795 1720 et
1833 1684 1913 1736 eqo
1952 1686 2123 1738 operor
2168 1670 2326 1742 (“,ι);
2330 1723 2332 1728 ,

1287 1750 1356 1791 et:
1383 1741 1495 1793 Non
1516 1749 1666 1828 potest
1686 1742 1818 1812 filius
1838 1759 1866 1794 a
1885 1759 1935 1794 se
1961 1745 2116 1809 facere
2135 1743 2309 1812 qaid—

1286 1830 1431 1883 qaam
1469 1817 1567 1867 nisi
1605 1817 1731 1884 quod
1767 1817 1942 1868 viderit
1966 1816 2168 1870 Patrem
2197 1819 2268 1886 fa·
2306 1814 2329 1875 ir}

1285 1890 1522 1941 cientem:
1563 1906 1892 1959 qaaecumque
1929 1893 2058 1943 enim
2099 1892 2178 1944 iile
2203 1894 2272 1960 fe·
2298 1876 2332 1963 {i-

1285 1966 1421 2022 cerii,
1466 1964 1578 2016 liaeo
1616 1973 1658 2015 et
1697 1965 1856 2016 Filius
1886 1965 2115 2018 similiter
2151 1967 2332 2034 facit
2304 1966 2332 2051 ξ

1288 2036 1340 2106 (5
1346 2037 1382 2107 ).
1415 2037 1553 2090 ldem
1596 2038 1826 2090 Christus
1864 2047 2038 2091 autem
2087 2034 2332 2108 opera-ti

1288 2113 1448 2164 tiones
1489 2112 1739 2165 humanas
1778 2113 1871 2164 sibi
1911 2114 2144 2167 attribuit
2198 2113 2307 2166 di·‘

1286 2201 1443 2237 cens:
1486 2186 1646 2239 Filius
1709 2187 1917 2238 hominis
1979 2203 2079 2239 noa
2143 2188 2269 2240 venit
2305 2233 2322 2248 „

1286 2260 1580 2320 ministrari,
1624 2261 1702 2311 sed
1741 2261 2042 2320 ministrare,
2085 2270 2127 2313 et
2154 2262 2269 2314 dare

1286 2335 1505 2385 animam
1568 2350 1712 2387 suam
1767 2335 2136 2403 redemptionem
2177 2350 2319 2405 proq

1285 2409 1450 2460 maltis
1478 2406 1573 2479 (li)
1612 2438 1674 2447 —-
1704 2408 1971 2461 Praeterea
2012 2411 2111 2460 iam
2149 2409 2287 2462 alibi‘

1286 2484 1639 2535 ostendimus
1627 2499 1676 2534 in
1705 2482 1783 2536 Ss.
1809 2482 2009 2535 Litteris
2035 2482 2096 2534 de
2125 2481 2272 2534 Chii·
2299 2483 2314 2514 ’ἕ

1286 2564 1362 2610 sto
1392 2557 1669 2625 piaedicari
1697 2557 2014 2624 operationes
2042 2556 2294 2620 divinaS,
2302 2586 2306 2591 ·

1286 2638 1336 2683 et
1375 2632 1694 2699 operationes
1735 2630 2005 2682 humanaS.
2288 2670 2309 2683 ,

1359 2706 1410 2756 ἒὶ.
1465 2703 1541 2757 ss.
1602 2702 1774 2756 Patres
1830 2710 2124 2757 constanter
2181 2701 2311 2769 (ιο-ξ’*

1286 2785 1525 2836 cuerunt,
1568 2778 1695 2830 duas
1734 2779 1784 2829 in
1832 2778 2049 2841 Christo¹
2090 2774 2284 2847 opera··''v

1287 2855 1448 2904 tiones
1486 2852 1672 2919 duplici
1713 2854 1822 2904 eius
1880 2859 2092 2904 naturae
2148 2863 2302 2928 con

1286 2928 1545 2980 venientes
1572 2927 1956 2994 distinguendas
1978 2942 2108 2978 esse.
2139 2925 2286 2980 Cum

1288 3001 1460 3053 Aiiani
1529 3000 1874 3061 clamitaiQeiit
1941 3001 2004 3051 de
2066 2995 2294 3078 Christu5

1289 3076 1407 3127 talia
1449 3074 1749 3144 praedicari,
1792 3089 1923 3143 quae
1949 3091 1976 3125 a
2000 3073 2282 3129 divinita

1285 3150 1451 3201 aliena
1491 3155 1630 3210 sunt,
1681 3154 1755 3209 ut,
1812 3147 2096 3208 comedere,
2157 3145 2220 3199 do
2250 3166 2280 3217 3

1285 3224 1431 3284 mire,
1477 3224 1601 3291 pati,
1644 3228 1743 3275 etc.
1785 3220 1837 3274 S.
1871 3218 2282 3295 Athanasius

1286 3299 1418 3365 ipsos
1457 3297 1644 3363 arguit,
1687 3295 1818 3365 quod
1871 3294 2123 3346 divinitati
2221 3299 2261 3365 ᾗ

1284 3372 1463 3432 buant‚
1505 3385 1635 3439 quae
1674 3385 1704 3422 a
1742 3367 1940 3422 Christo
1978 3383 2045 3421 ex
2083 3367 2262 3449 ι·ιιι.“,.γ’Ι

1329 3499 1380 3543 (t)
1406 3499 1528 3533 Manli.
1542 3499 1598 3538 2⁰,
1620 3497 1673 3534 28,

1330 3543 1380 3588 (5)
1402 3543 1498 3579 Orat.
1512 3543 1532 3578 4
1550 3549 1677 3578 contra
1701 3542 1817 3577 Arian.
