2332 3860
247 167 355 218 h8'4

179 271 258 316 est
294 261 556 331 putandus
598 263 785 331 ubique
812 262 1046 315 diflusus.
1079 261 1172 314 Ca-

180 336 408 389 vendum
448 343 526 388 est
565 337 724 396 enim.
770 352 834 388 ne
867 338 943 391 ita
991 337 1176 388 divini-

179 418 340 464 tatem
399 411 731 463 adstruamus
797 410 1048 470 hominiS‚
1118 417 1172 461 ut

179 487 451 538 veritatem
474 485 702 551 corporis
728 484 1042 542 auferamus.
1063 483 1173 535 Non

179 566 256 612 est
295 560 432 612 enim
474 574 813 626 consequens,
861 565 914 609 ut
954 558 1083 625 quod
1123 559 1172 609 in

180 632 288 686 Deo
329 641 427 691 est,
472 633 541 683 ita
571 633 636 684 sit
665 633 851 700 ubique
881 638 937 683 ut
967 633 1118 683 Deus.
1145 650 1172 680 »

253 707 308 760 5.
354 706 583 758 Rationes
649 706 939 772 theologicae
993 706 1175 772 partim

180 797 245 833 ex
287 781 614 849 dogmatibus
657 781 756 830 iam
789 780 1032 846 probatis,
1067 797 1178 847 par-

181 855 271 907 tim
313 870 379 907 ex
418 854 676 913 absurdis,
719 870 849 922 quae
890 871 954 905 ex
995 854 1178 905 adver-

179 929 430 982 sariorum
474 928 728 978 sententia
758 934 1064 995 sequuntur,
1093 929 1179 979 de-

180 1004 312 1054 sumi
349 1008 582 1071 possunt.
609 1002 662 1067 a)
694 1000 882 1053 Contra
906 1002 1180 1070 Eutychia-

182 1093 275 1129 nos
314 1092 379 1129 ex
419 1075 471 1128 S.
510 1075 802 1142 Scriptura,
833 1075 911 1126 Ss,
947 1075 1179 1127 Patribus

181 1158 232 1204 et
254 1149 493 1202 Conciliis
516 1150 782 1216 probatum
807 1157 903 1208 est,
923 1149 1050 1200 duas
1070 1166 1180 1201 esse

182 1226 233 1276 in
276 1225 475 1276 Christo
538 1230 767 1282 naturaS,
831 1239 960 1290 quae
1027 1226 1177 1275 etiam

183 1305 296 1367 post
338 1299 579 1349 unionem
631 1297 928 1349 inconfusae
983 1304 1034 1349 et
1092 1299 1183 1349 im-

184 1373 471 1440 permixtae
527 1378 924 1438 permanserunt
988 1373 1056 1422 ita
1126 1380 1181 1422 ut

184 1446 445 1515 quaelibet
485 1462 605 1496 suas
661 1446 997 1511 proprietates
1064 1447 1181 1497 reti-

186 1528 365 1572 neret:
410 1535 532 1586 ergo
557 1525 740 1570 natura
772 1520 942 1571 divina
986 1536 1184 1571 reman-

185 1598 250 1647 sit
291 1593 487 1646 infinita
531 1600 582 1644 et
640 1594 929 1656 immensa3
978 1601 1182 1645 natura

187 1685 309 1720 vero
353 1670 579 1719 bumana
620 1668 867 1718 remansit
927 1667 1068 1719 finita
1134 1675 1183 1719 et

187 1743 297 1794 loco
336 1735 742 1807 circumscripta.
791 1741 1063 1793 Lutheiani
1094 1743 1184 1808 igi-

188 1824 272 1868 tur
315 1824 530 1878 naturae
578 1816 835 1867 humanae
896 1816 1184 1882 omniprae-

187 1893 406 1943 sentiam
450 1891 734 1942 tribuentes
766 1890 945 1942 merito
976 1891 1037 1940 de
1066 1890 1184 1941 hae·

189 1967 287 2016 resi
357 1964 678 2032 Eutychiana
742 1966 968 2015 accusati
1034 1971 1180 2023 sunt,

189 2054 355 2107 neque
397 2039 634 2089 inanibus
674 2038 778 2088 suis
812 2038 1188 2105 tergiversatio-

190 2114 339 2165 nibus
378 2129 406 2163 a
447 2114 578 2177 turpi
612 2111 706 2162 hac
734 2118 851 2163 nota
875 2128 929 2163 se
959 2113 1186 2164 eximere

190 2192 487 2255 potuerunt.
535 2183 588 2254 b)
630 2184 1036 2237 Communicatio
1065 2186 1187 2238 idio-

190 2267 384 2312 matum
429 2260 778 2312 in-abstracto
812 2276 909 2310 non
963 2261 1188 2311 admitti-

190 2341 292 2401 tur;
314 2335 426 2386 ideo
448 2334 509 2384 de
527 2333 847 2384 humanitate
873 2333 1055 2385 Christi
1088 2350 1184 2384 non

192 2415 405 2477 possunt
428 2407 706 2475 praedicari
730 2408 974 2459 attributa
999 2408 1184 2460 divina:

191 2483 278 2534 sed
314 2483 745 2548 omnipraesentia
787 2489 862 2534 est
883 2483 1186 2534 attributum

192 2557 509 2612 divinitatis:
554 2555 802 2622 ergojlla
863 2572 962 2606 non
1026 2564 1188 2623 potest

194 2631 254 2681 de
297 2631 615 2681 humanitate
655 2627 839 2680 Christi
883 2630 1182 2698 praedicari.

192 2702 241 2772 c)
270 2703 319 2754 Si
351 2704 781 2771 omnipraesentia
812 2705 1187 2756 communicata

191 2777 370 2830 fuisset
412 2778 715 2829 humanitati
757 2775 965 2838 Christi,
1009 2794 1188 2845 seque·

191 2857 355 2914 retur,
399 2851 660 2904 Christum
700 2868 763 2902 ex
787 2858 933 2903 utero
956 2852 1011 2903 B.
1041 2852 1100 2904 V.
1124 2852 1186 2904 M.

193 2939 315 2975 vere
357 2927 405 2975 in
453 2926 619 2977 lucem
660 2941 760 2976 non
792 2926 1055 2992 prodiisse,
1089 2926 1189 2977 imo

194 2997 362 3049 adhuc
403 2998 549 3051 hodie
589 3015 700 3050 esse
740 2999 789 3050 in
815 3006 959 3051 utero
989 3001 1184 3063 matris3

194 3086 317 3122 vere
358 3088 457 3122 non
525 3072 814 3124 ascendisse
879 3075 929 3124 in
997 3073 1185 3133 coe108‚

196 3159 363 3213 neque
407 3161 526 3196 vere
568 3154 843 3198 venturum
886 3163 996 3199 esse
1062 3148 1191 3198 iudi-

51 3230 54 3231 ’
133 3245 140 3250 -
198 3233 317 3271 care
357 3218 504 3269 vivos
531 3226 582 3269 et
616 3228 863 3273 mortuos,
895 3251 965 3260 —-
1001 3220 1188 3273 Eadem

200 3292 613 3345 adversariorum
678 3296 932 3348 sententia
999 3303 1192 3361 pugnat

202 3365 352 3418 etiam
394 3380 511 3418 cum
550 3364 883 3421 Sacramenta
947 3368 1191 3422 Euchari-

183 3596 186 3599 .
249 3536 302 3584 (ι)
325 3538 366 3574 P.
389 3536 428 3577 ε,
449 3541 518 3573 m.
543 3536 577 3576 8.
602 3547 638 3574 n.
663 3537 716 3573 τα

589 180 656 218 ΒΕ
692 181 786 218 DEO
819 181 957 219 LAPsl
995 140 1184 219 nummi
1222 181 1426 220 maianis
1459 179 1799 223 REDEMPTORE.

1234 263 1383 323 stiae,
1413 264 1665 334 istudque
1702 265 1907 319 evertit.
1951 263 2069 320 Illa
2086 253 2332 332 enim*
2307 261 2332 291 ⁵

1235 337 1491 394 admissa..
1522 339 1798 391 dicendum
1856 341 1974 402 erit,
2041 357 2163 412 corp
2168 343 2257 398 us
2259 297 2332 416 ἵιῗιΞΞ

1237 409 1423 463 Christi
1477 411 1525 462 in
1566 414 1792 482 quolibet
1831 415 1943 468 cibo
1982 421 2034 468 et
2082 423 2226 484 potu,
2262 366 2332 491 {fi

1238 485 1337 535 imo
1378 491 1430 536 et
1467 485 1518 536 in
1567 491 1706 546 aere,
1774 490 1859 556 qui
1925 489 2226 554 attrahitur,
2274 474 2332 558 ἒξ

1240 573 1359 609 vere
1426 574 1666 626 praesens
1708 577 1840 613 esse
1905 569 1957 614 et
2022 560 2232 617 realiter
2283 551 2332 633 ΣῖῗςΞ

1242 633 1447 699 percipi.
1491 633 1652 695 Quale
1672 650 1793 699 ergo
1815 635 2086 688 discrimen
2115 639 2234 706 erit,
2283 632 2332 701 335³

1242 707 1374 758 inter
1409 723 1589 772 panem
1633 708 2037 762 Eucharisticum
2066 718 2118 763 et
2145 717 2247 780 pa-'
2279 712 2297 766 J
2325 736 2332 754 -2

1243 796 1355 831 nem
1398 780 1776 835 domesticum?
1803 813 1875 821 —
1906 785 2231 853 Respondent

1241 855 1468 922 quidam,
1537 855 1798 908 Christum
1862 857 1980 910 licet
2046 860 2232 927 ubique

1244 936 1583 994 praesentem,
1629 930 1679 981 in
1720 930 1826 981 solo
1869 947 1998 998 pane
2038 931 2236 985 Eucha·

1244 1003 1413 1054 ristico
1453 1004 1682 1055 conferre
1723 1005 1946 1057 fructum
1998 1007 2235 1073 spiritua·

1244 1076 1364 1135 lem,
1410 1093 1559 1145 quem
1605 1094 1703 1129 non
1745 1079 1942 1130 confert
1993 1081 2042 1130 in
2105 1097 2236 1148 pane

1243 1152 1521 1202 communi.
1565 1151 1663 1203 Sed
1702 1153 1795 1203 hoc
1822 1161 2112 1206 asserentes
2140 1154 2238 1207 dis·

1243 1226 1434 1276 crimen
1489 1226 1624 1278 inter
1686 1234 1962 1295 utrumque
2029 1244 2233 1292 panem,

1244 1299 1304 1349 ad
1348 1300 1506 1350 solam
1541 1302 1782 1351 virtutem
1842 1308 1894 1352 et
1958 1300 2239 1353 efficaciam

1248 1375 1581 1437 restringunt,
1626 1381 1676 1425 et
1712 1375 1823 1426 ideo
1853 1377 2238 1442 patrocinantur

1245 1448 1529 1499 sententiae
1590 1447 1813 1508 illorum,
1882 1464 2009 1517 quos
2073 1450 2238 1517 impu-

1245 1523 1478 1588 gnandos
1519 1529 1875 1587 susceperunt.
2150 1526 2171 1530 ““

1318 1595 1467 1646 Nota.
1523 1595 1779 1646 Absonam
1841 1595 1903 1647 de
1951 1596 2239 1664 omniprae-
2306 1639 2315 1663 4

1246 1670 1410 1720 sentia
1477 1669 1810 1720 humanitatis
1872 1668 2056 1721 Christi
2125 1685 2241 1722 sen-

1250 1744 1458 1794 tentiam
1491 1760 1555 1794 ex
1597 1745 1716 1811 ipsis
1757 1759 1957 1811 quoquc
1999 1743 2242 1797 Lutliera-
2304 1763 2325 1807 ἢ

1251 1818 1327 1867 nis
1399 1816 1545 1868 multi
1622 1818 1976 1884 repudiarunt.
2057 1816 2242 1871 Variae

1249 1892 1381 1941 inter
1424 1892 1555 1957 ipsos
1596 1889 1692 1943 hac
1732 1891 1794 1942 de
1861 1907 1914 1943 re
1973 1899 2240 1944 concerta-

1252 1966 1412 2016 tiones
1461 1965 1663 2016 habitae
1729 1970 1869 2024 sunt,
1940 1966 1989 2016 in
2056 1966 2241 2034 quibus

1249 2047 1423 2090 autem
1465 2039 1669 2090 Lutheri
1711 2039 1964 2090 sententia
2009 2039 2074 2090 ita
2101 2055 2241 2106 prae·
2271 2041 2276 2043 ’
2301 2059 2332 2080 *¹³

1251 2113 1431 2173 valuit,
1476 2120 1533 2165 ut
1573 2113 1768 2164 haecin
1792 2113 1983 2164 famosa
2006 2112 2242 2166 Formula

1250 2185 1545 2238 Concordiae
1586 2185 1661 2256 (l)
1691 2186 1944 2238 credenda
1998 2201 2244 2254 propone-

1253 2268 1411 2313 retur.
1464 2261 1541 2312 Ad
1601 2261 1813 2312 eandem
1868 2258 2243 2313 defendendam

1251 2337 1402 2386 etiam
1446 2335 1586 2385 varia
1633 2341 1938 2402 argumenta
1997 2341 2242 2401 congesta
2304 2344 2332 2399 ζῑ·

1254 2410 1484 2466 fuerunt,
1529 2422 1660 2476 quae
1700 2415 1872 2460 autem
1916 2407 2107 2460 nullius
2166 2425 2243 2461 ro·

1253 2481 1584 2542 boris'suut‚
1629 2490 1685 2534 ut
1738 2497 1804 2534 ex
1862 2481 2091 2534 dicendis
2153 2498 2242 2550 pa·
2314 2491 2315 2494 ’

1254 2558 1395 2609 tebit.

1325 2630 1431 2682 Obi.
1466 2630 1547 2679 l.⁸
1580 2628 1765 2680 Paulus
1793 2627 1855 2679 de
1877 2626 2076 2680 Christo
2097 2628 2239 2681 dicite

1251 2705 1310 2756 In
1361 2705 1462 2772 ipso
1515 2702 1753 2754 inhabitat
1800 2702 1957 2753 omnis
1998 2702 2244 2770 plenitudo
2295 2732 2298 2733 ν

1251 2778 1521 2829 divi-nitatis
1554 2775 1871 2844 corporaliter
1917 2774 2028 2845 (2);
2059 2777 2244 2844 quibus
2291 2783 2298 2830 ζ’

1253 2853 1421 2903 verbis
1461 2851 1598 2902 clare
1638 2851 1902 2909 asseritur,
1953 2851 2108 2900 etiam
2134 2863 2245 2901 σοιτ-
2287 2856 2293 2897 J

1253 2927 1358 2993 pori
1408 2924 1593 2976 Christi
1654 2924 2119 2976 communicatam·
2103 2936 2244 2997 -esse

1255 2999 1621 3066 plenitudinem
1663 2998 1962 3057 divinitatiS‚
1991 2997 2053 3049 ad
2089 3010 2245 3067 quam
2273 3011 2299 3055 *j

1255 3075 1428 3141 utique
1467 3072 1894 3139 omnipraesentia
1935 3070 2170 3139 pertinet.

1324 3147 1465 3214 Resp.
1510 3146 1653 3197 Haec
1688 3145 1859 3196 omnia
1899 3151 1950 3196 et
2006 3144 2049 3194 si
2088 3147 2242 3211 'q’uae

1252 3227 1373 3272 sunt
1411 3220 1512 3270 alia
1554 3219 1632 3270 his
1669 3219 1854 3271 similia
1894 3215 2108 3282 intelligi
2157 3215 2291 3267 de·-

1256 3295 1376 3346 bent
1417 3309 1514 3343 non
1557 3292 1618 3343 de
1651 3290 2285 3350 sola-natuva-huznana;‹

1253 3367 1344 3420 sed
1382 3366 1446 3418 de
1485 3365 1705 3428 Christo,
1747 3366 1784 3418 i.
1827 3380 1876 3418 e.
1926 3363 1990 3416 de
2027 3377 2244 3433 persona
2262 3359 2274 3441 '¹

1300 3512 1352 3585 (ι)
1379 3540 1428 3575 Ad
1451 3540 1585 3574 coloss.
1613 3537 1644 3573 2.
1667 3537 1689 3572 ο
