2332 3860
396 323 1005 481 Ttttztttoctttz
1089 347 1760 469 ῘΗΕΟΒΕΠΒΔΕ

878 678 1158 774 PARS
1219 671 1279 772 L

529 964 635 1030 DE
697 964 851 1030 DEO
915 966 990 1030 ΙΝ
1053 967 1147 1034 SE
1210 967 1638 1035 SPECTATO.

463 1393 503 1453 ς
545 1394 638 1440 ιιι.

126 1542 315 1603 Deum,
347 1544 432 1610 qui
460 1549 538 1594 est
567 1543 668 1594 Ens
696 1559 723 1594 a
746 1558 821 1604 se,
850 1543 1050 1595 infinite

59 1618 362 1686 perfectum,
395 1622 445 1668 et
473 1617 704 1668 omnium
733 1633 905 1668 rerum
932 1633 1051 1668 cau-

56 1707 133 1750 sa,
168 1707 312 1751 vere,
358 1691 568 1742 realiter
619 1697 670 1742 et
710 1692 1050 1758 personaliter

59 1766 304 1825 existere,
350 1764 453 1814 iam
482 1765 530 1815 in
559 1763 868 1830 Theologiae
896 1781 1053 1831 gene-

58 1839 182 1892 ralis
210 1839 353 1889 initio
377 1836 453 1906 (l)
487 1837 809 1905 probandum
838 1846 969 1899 erat,
998 1845 1053 1889 ut

58 1921 172 1965 tum
198 1911 483 1979 Religionis
502 1953 513 1974 ‚
558 1918 671 1963 tum
698 1912 1053 1963 Revelationis

59 1986 388 2056 possibilitaS,
434 1986 715 2037 necessitas
742 2001 803 2037 ac
843 1986 1053 2038 realitas

58 2061 263 2131 probari
294 2066 521 2128 possent.
548 2058 736 2126 Negari
766 2061 923 2112 etiam
951 2076 1051 2112 non

1116 1397 1254 1449 licet.
1308 1397 1397 1449 Est
1444 1406 1620 1452 autem
1665 1401 1833 1462 Deus,
1878 1403 1918 1455 si
1961 1403 2011 1455 iu
2052 1420 2108 1457 se

1113 1478 1399 1539 spectetur,
1444 1474 1589 1527 iuxta
1630 1475 1918 1528 doctrinam
1944 1477 2108 1529 Reve-

1116 1545 1318 1598 lationis
1359 1564 1486 1599 tenus
1527 1549 1578 1599 in
1627 1553 1832 1601 essentia
1867 1558 1918 1603 et
1948 1553 2108 1603 trinus

1115 1619 1164 1669 in
1193 1618 1448 1681 Personae,
1493 1622 1587 1674 sub
1636 1639 1735 1691 quo
1789 1624 1977 1691 duplici
2031 1641 2108 1676 re·

1114 1701 1291 1758 spectu
1324 1694 1418 1745 hoc
1447 1696 1499 1747 in
1525 1703 1749 1748 tractatu
1778 1699 2108 1751 considerau-

1116 1767 1210 1818 dus
1243 1769 1403 1819 venit.

1427 1913 1711 1964 SEGTIO
1748 1915 1794 1964 1.

1292 2040 1347 2074 DE
1388 2042 1475 2075 DEO
1512 2042 1601 2076 UNO
1638 2043 1681 2076 IN
1718 2042 1941 2079 ESSENTIA.
2011 2083 2013 2085 ,

60 2142 246 2205 potest,
279 2150 368 2202 per
395 2135 538 2186 varia
566 2142 872 2200 argumenta
901 2135 1055 2186 ratio·
1123 2151 1125 2153 ’

62 2209 219 2270 nalia,
262 2208 326 2260 ad
355 2208 444 2260 Dei
474 2209 807 2260 existentiam
835 2209 1057 2276 proban-

62 2284 181 2336 dam
209 2282 452 2343 adducta‚
485 2283 629 2333 varia
670 2298 874 2350 quoque
908 2282 1056 2334 att-ri-

60 2358 184 2410 buta
235 2356 411 2408 divina
469 2356 709 2416 ostendi,
767 2362 822 2407 ut
873 2358 1055 2408 merito

62 2431 295 2491 dicatur,
339 2430 494 2482 etiam
537 2446 628 2498 per
667 2430 921 2482 rationem
966 2446 1056 2481 nos

62 2505 125 2557 ad
149 2505 241 2556 Dei
270 2503 615 2572 cognitionem
645 2504 854 2571 perduci
886 2520 1050 2572 posse.

63 2578 163 2631 Sed
191 2579 242 2630 in
284 2577 512 2630 secunda
551 2577 863 2644 Theologiae
902 2594 1060 2645 gene-

65 2652 187 2704 ralis
227 2657 372 2719 parte
413 2652 688 2719 probatum
727 2651 848 2711 fuit,
892 2652 1060 2703 Deum

66 2725 124 2778 Ο.
168 2725 238 2779 Μ.
269 2725 556 2776 humanum
581 2741 746 2794 genus
786 2727 943 2777 etiam
971 2743 1060 2794 per

67 2799 530 2851 extraordinariam
578 2799 971 2852 Revelationem
1009 2816 1059 2852 e-

70 2872 242 2924 rudire
280 2871 529 2933 voluisse,
573 2888 704 2941 quae
739 2874 843 2924 iam
882 2875 934 2925 in
975 2890 1062 2942 pe-

67 2946 210 2999 riodo
249 2945 583 3013 patriarchali
624 2962 809 2998 exorsa
849 2948 964 3008 fuit,
1008 2949 1058 2999 in

71 3018 275 3088 periodo
338 3020 564 3071 mosaica
634 3035 824 3087 magna
894 3021 1062 3073 incre-

70 3099 245 3146 menta
285 3094 450 3160 cepit,
495 3100 547 3145 et
585 3094 637 3145 in
678 3093 884 3161 periodo
929 3094 1063 3146 cliri-

69 3167 239 3219 stiana
279 3166 344 3218 ad
384 3182 640 3220 summam
694 3168 1063 3235 perfectionem
1116 3195 1119 3198 ⁴

73 3240 327 3307 pervenit.
372 3239 427 3292 ln
469 3241 565 3293 hoc
613 3243 715 3294 iam
755 3249 1064 3309 supernatu-

72 3313 196 3366 ralis
246 3313 600 3366 Revelationis
655 3315 852 3367 lumine
896 3316 1063 3368 Deum

0 3394 2 3396 ’
74 3387 300 3454 propius,
323 3389 711 3458 perfectiusque
751 3405 1063 3457 cognoscere

117 3485 170 3531 ’(ι)
195 3485 218 3532 3
243 3487 299 3533 25,
322 3494 395 3524 ete.

1526 2188 1563 2246 ς
1597 2189 1695 2234 42.

1191 2282 1360 2335 Sectio
1396 2284 1524 2337 haec
1548 2287 1711 2338 tribus
1741 2289 1992 2355 capitibus
2026 2290 2112 2340 ab¹

1118 2357 1336 2409 solvitur
1360 2359 1409 2409 in
1434 2361 1618 2426 quibus
1644 2359 1768 2413 l⁰de
1791 2370 1972 2413 natura
2000 2362 2105 2421 Dei,

1117 2432 1313 2497 eiusque
1341 2434 1632 2499 perfectione
1656 2438 1947 2502 generatim,
1980 2434 2038 2486 ⁶2⁰
2058 2437 2112 2486 de

1118 2506 1387 2564 attributis⁹
1418 2523 1501 2557 seit
1525 2509 1896 2574 perfectionibus
1931 2510 2112 2560 divinis

1120 2580 1430 2647 singillatim,
1457 2580 1514 2631 5⁰
1530 2581 1585 2633 cle
1604 2582 1696 2634 Dei
1711 2582 1895 2634 unitate-
1915 2583 2107 2651 agitur.

1462 2761 1698 2808 CAPUT
1735 2762 1762 2804 1

1123 2880 1171 2906 DE
1183 2879 1333 2907 NATURA
1342 2880 1407 2907 DEI
1418 2880 1582 2913 EIUSQUE
1597 2879 1863 2909 PERFECTIONE
1874 2879 2110 2909 cinnanum.

1531 2999 1568 3057 ‘5
1607 2999 1701 3044 43.

1438 3089 1488 3122 De
1511 3088 1705 3123 existentia
1728 3089 1806 3124 Dei.
1895 3057 1918 3087 q

1198 3169 1518 3238 Argumenta
1560 3172 1850 3233 rationalia,
1884 3188 1974 3239 pro
2008 3174 2099 3224 exi-

1124 3246 1311 3295 stentia
1341 3244 1431 3295 Dei
1476 3245 1522 3295 in
1565 3244 1842 3314 Theologia
1883 3245 2113 3313 generali

1124 3315 1366 3378 adducta,
1399 3335 1490 3386 per
1514 3318 1907 3372 Revelationem
1933 3318 2115 3371 confir·

1126 3396 1351 3442 mantur.

1205 3463 1250 3514 t.
1279 3463 1393 3534 Ipsa
1417 3463 1705 3528 Revelatio,
1730 3479 1862 3534 quae
1885 3472 1961 3518 est
1981 3464 2113 3516 aetio
