2332 3860
292 115 377 167 ΞΕ

215 218 268 264 et
287 211 689 264 occidentalium
712 213 939 273 ritualia,
968 220 1018 266 et
1046 229 1212 266 sacra·

216 287 471 339 menteria
511 286 836 353 collegerunt
874 287 1022 340 Edm.
1067 287 1214 343 Mar-

215 372 339 423 tene,
370 359 706 414 Renaudotius
733 369 785 413 et
812 362 918 414 alii.

626 484 664 544 ς
708 485 798 531 2¹.

419 576 473 610 De
495 574 722 618 Philosophis
736 579 774 609 et
792 574 998 609 Historicis.

290 657 595 710 LStudium
610 658 1016 725 philosophicum
1032 658 1211 708 merito

216 732 352 784 inter
374 733 542 784 studia
571 732 875 784 subsidiaria
905 731 1211 797 Theologiae

216 813 519 857 numeratur
536 804 633 876 (l),
652 807 769 874 quia
793 807 842 858 in
866 806 1147 873 Religionis
1162 813 1212 857 et

214 879 522 946 Theologiae
546 882 750 945 negotio
780 896 999 947 magnus
1026 888 1103 931 est
1132 897 1212 931 ra·-

214 954 369 1007 tionis
391 970 514 1005 usus
543 952 639 1024 (Ξ).
667 954 810 1016 Quod
830 955 870 1006 si
894 956 942 1005 in
970 954 1111 1005 nulla
1142 955 1210 1005 di-

214 1029 432 1096 sciplina
485 1027 774 1094 theologica
831 1028 1209 1096 Philosophiam

212 1104 418 1171 penitus
446 1102 708 1170 negligere
736 1103 876 1161 licet,
920 1103 968 1154 id
1014 1105 1207 1170 praeci-

212 1193 312 1245 pue
342 1178 404 1228 de
434 1176 710 1244 Theologia
740 1177 1020 1228 theoretica
1041 1177 1210 1229 dicen-

213 1251 335 1303 dum
377 1259 486 1310 est,
531 1267 664 1319 quae
704 1257 814 1302 tum
853 1252 914 1303 ad
968 1252 1208 1318 dogmata

210 1332 330 1392 apte
358 1325 696 1392 disponenda,
719 1325 857 1377 clare
878 1326 1205 1392 explicanda,

210 1405 262 1451 et
289 1399 450 1450 solide
478 1400 879 1466 comprobanda3
906 1407 1015 1450 tum
1038 1400 1100 1450 ad
1131 1416 1210 1452 ea-

210 1474 328 1524 dem
350 1480 530 1525 contra
552 1473 878 1525 adversarios
898 1481 1109 1525 strenue
1126 1474 1208 1525 de-

209 1547 484 1609 fendenda,
516 1547 685 1599 studio
716 1547 1064 1615 philosophico
1102 1564 1207 1599 ma-

207 1622 349 1672 xime
408 1621 621 1687 indiget.
666 1621 829 1675 Valde
872 1623 984 1675 ideo
1024 1639 1208 1674 conve-

207 1697 356 1746 niens
386 1702 484 1755 est,
512 1703 569 1746 ut
597 1695 887 1763 Theologus
918 1698 1059 1747 varia
1090 1696 1208 1746 Phi-

207 1768 540 1837 losophorum
579 1776 865 1837 systemata
895 1785 1207 1834 cognoscere

207 1849 437 1909 satagat,
482 1859 613 1910 quae
657 1859 755 1894 non
787 1843 955 1894 solum
996 1845 1044 1894 in
1076 1845 1207 1910 ipso-

205 1932 322 1968 rum
356 1917 615 1984 operibus,
649 1917 736 1967 sed
766 1918 921 1968 etiam
953 1917 1001 1967 in
1034 1933 1208 1968 recen·-

204 1992 421 2043 tioribus
449 1991 749 2042 auctoribus
778 1992 1036 2058 explicata
1063 1994 1205 2043 inve—

205 2066 334 2117 niet.
368 2065 536 2116 Etiam
564 2065 614 2116 in
640 2065 860 2116 ethnicis
888 2066 1205 2132 philosophis

205 2139 456 2192 nonnulla
485 2139 548 2189 de
583 2139 708 2199 Deo,
739 2140 992 2208 rebusque
1018 2140 1205 2191 divinis

202 2213 499 2282 praeclare,
543 2214 907 2281 sapienterque
949 2215 1082 2265 dicta
1124 2230 1203 2265 rc-

202 2287 496 2355 periuntur‚
530 2289 804 2355 praecipue
834 2288 885 2338 in
918 2287 1115 2339 Platone
1155 2295 1205 2339 et

201 2360 478 2421 Aristotele,
523 2377 742 2430 quorum
774 2362 1022 2429 principia
1055 2379 1204 2413 nosse

201 2435 357 2488 valde
386 2436 674 2503 proficuum
706 2443 804 2496 est,
840 2442 894 2486 ut
922 2452 1075 2504 opera
1108 2435 1197 2487 SS.

202 2508 440 2571 Patrum‚
480 2510 563 2577 qui
602 2509 964 2577 Philosophiae
989 2510 1203 2576 platoni-

201 2599 295 2635 cae
349 2583 730 2643 adhaeserunt,
772 2591 823 2635 et
861 2583 1205 2635 Scholastico-

202 2673 346 2716 rum,
381 2658 464 2725 qui
502 2657 826 2725 Philosophia
870 2659 1203 2725 peripatetica

203 2731 265 2781 ad
323 2730 685 2783 illustrandam
735 2731 1066 2799 Theologiam
1125 2735 1202 2782 usi

198 2810 354 2864 sunt,
386 2805 588 2857 facilius
627 2806 1005 2872 intelligantur.
1050 2805 1204 2858 quta

199 2878 499 2944 exemplum
519 2895 641 2930 vero
654 2878 965 2931 SS.Patrum
985 2887 1036 2931 et
1051 2879 1206 2930 Scho-

201 2952 502 3003 lasticorum
545 2953 839 3020 Theologus
885 2953 1201 3021 philosophia

201 3025 276 3077 uti
303 3026 478 3085 debet,
512 3031 568 3076 ut
596 3027 884 3079 doctrinam
918 3027 1205 3079 revelatam

201 3098 482 3152 scientifico
531 3102 680 3152 modo
733 3108 1016 3169 pertractet
1042 3143 1054 3163 ,
1100 3117 1200 3152 non

208 3180 378 3229 tutem
408 3179 464 3224 ut
503 3172 645 3225 illam
687 3181 1024 3244 corrumpat,
1067 3175 1199 3244 quod

204 3262 228 3299 a
257 3246 525 3300 nonnullis
553 3246 745 3300 factum
767 3256 863 3312 est,
895 3250 980 3318 qui
1004 3266 1059 3301 se
1089 3249 1204 3301 Phi-

197 3318 442 3390 losophos
482 3322 838 3390 nominar-unt3
881 3330 1092 3378 astrion
1123 3324 1202 3380 vess
1241 3379 1243 3382 ,

786 3417 789 3420 ⁴
1240 3411 1393 3465 squas
1419 3395 1626 3463 egregie
1659 3391 2262 3462 pi·eponit.³.l[10uoratuse

245 3447 302 3541 iii
322 3451 530 3542 'fiifgg‘i'tiis
547 3451 572 3500 ⁵
597 3452 654 3491 η’

661 101 988 171 ‘rn‘rnonucrio
1027 133 1079 169 ιΝ
1116 115 1426 168 innotuerim
1461 123 1850 168 rationarium..

1263 212 1444 266 -ritatis
1469 218 1520 264 et
1548 197 1833 279 sapientiae
1867 207 2269 273 amatores,·sed
2303 212 2305 214 ’

1275 303 1447 339 osores
1485 286 1686 337 dicendi
1716 292 1856 338 sunt.
1889 284 2272 345 Caeterumne-
2310 307 2318 313 κ

1263 376 1419 413 cesse
1443 359 1543 420 est,
1577 368 1632 413 ut
1658 359 1952 427 Theologus
1977 359 2132 412 etiam
2162 357 2271 414 itto-

1276 451 1389 489 rum
1417 434 1841 502 Philosophorum
1873 432 2113 502 primaria
2137 432 2270 504 prin-

1275 509 1427 576 cipia,
1470 516 1522 561 et
1549 515 1832 576 systemata
1860 515 2158 575 cognoscat,
2182 506 2270 575 qui

1276 580 1596 635 Revelationi
1638 582 2009 643 adversantur,
2053 597 2271 650 eamque

1276 657 1433 709 variis
1492 658 1655 709 modis
1718 657 2066 724 impugnant3
2121 670 2272 707 secus

1275 732 1411 783 enim
1453 747 1630 784 eorum
1660 730 1974 783 obiectiones
2002 730 2097 781 rite
2122 730 2272 780 intel-

1277 805 1455 871 ligere,
1499 813 1551 858 et
1577 806 1864 873 adaequate
1903 803 2143 855 refellere
2168 819 2269 855 non

1276 887 1462 949 potest3
1506 883 1637 948 quod
1669 879 1947 947 praecipue
1987 877 2050 929 de
2091 892 2270 930 recen-

1278 955 1490 1005 tioribus
1530 953 1847 1021 philosophis
1886 950 2037 1012 Kant,
2079 950 2268 1010 Falce,

1272 1027 1535 1096 Scleelliny,
1560 1027 1708 1096 Heqel
1733 1034 1833 1078 etc.
1861 1025 2141 1078 dicendum
2169 1034 2267 1085 est,

1274 1104 1322 1154 in
1353 1119 1570 1171 quorum
1611 1102 1879 1154 fallacibus
1919 1101 2136 1163 argutiis
2175 1100 2271 1151 sol.-

1276 1178 1487 1238 vendis‚
1532 1184 1585 1229 et
1633 1177 1892 1228 erroribus
1945 1174 2272 1227 confutandis

1273 1252 1563 1315 Theologus
1602 1251 1843 1318 occupari
1874 1255 2101 1302 tenetur.

1346 1327 1398 1377 Ξ.
1444 1325 1700 1386 Historia,
1747 1325 2048 1392 praesertim
2103 1322 2270 1375 eccle-

1271 1400 1497 1460 siastica,
1530 1399 1785 1464 Theologo
1828 1414 1928 1450 non
1968 1397 2135 1450 solum
2173 1398 2272 1448 uti·

1275 1474 1355 1535 tis,
1387 1475 1476 1526 sed
1505 1481 1556 1526 et
1599 1474 1886 1526 necessaria
1928 1479 2006 1524 est
2048 1472 2147 1540 (5).
2192 1471 2272 1522 Ex

1273 1549 1366 1600 ista
1400 1549 1640 1600 nimirum
1673 1549 1800 1599 mira
1842 1547 1933 1599 [lei
1977 1547 2027 1597 in
2069 1559 2275 1596 censer-1

1274 1623 1439 1674 vanda
1481 1630 1532 1674 ct
1572 1621 1798 1688 regenda
1841 1619 2070 1672 Ecclesia
2101 1618 2272 1671 Provi-

1271 1697 1440 1747 dentia
1467 1697 1605 1748 clare
1632 1696 1820 1747 elucet:
1866 1695 1973 1762 ipsa
2005 1709 2153 1760 porro
2184 1709 2270 1744 nc-

1271 1771 1345 1822 bis
1374 1771 1598 1821 ostendit
1632 1777 1740 1821 tum
1779 1783 1881 1819 non
1926 1770 2267 1834 interruptam

1270 1844 1638 1911 Episcoporurn
1665 1884 1678 1904 ,
1749 1842 2023 1909 praecipue
2114 1840 2262 1892 Rom.

1274 1919 1577 1969 Pontificum
1619 1917 1829 1975 seriem,
1888 1923 2000 1967 tum
2053 1915 2267 1982 impium

1271 1992 1650 2044 haereticorum
1716 1991 2001 2043 doctrinam
2048 1987 2271 2041 catholi-

1269 2082 1384 2117 cam
1423 2067 1842 2133 impugnautium
1893 2079 2113 2131 agmen,
2161 2069 2270 2114 tum
2317 2095 2324 2103 «

1272 2142 1408 2192 viros
1446 2141 1676 2192 doctrina
1720 2146 1771 2191 et
1821 2139 2097 2190 sanctitate
2150 2153 2270 2188 con-

1268 2216 1491 2282 spicuoS‚
1523 2217 1607 2282 qui
1638 2213 1924 2265 doctrinam
1965 2211 2270 2264 ortodoxam

1267 2290 1471 2356 scriptis
1499 2290 1605 2340 suis
1647 2296 1698 2340 et
1739 2287 2084 2339 defenderunt
2122 2292 2174 2337 et
2214 2285 2269 2336 il-

1271 2363 1595 2426 lustrarunt3
1643 2370 1750 2414 tum
1797 2360 2025 2413 Concilia
2064 2359 2129 2411 ad
2182 2358 2270 2410 do·

1267 2445 1439 2502 gmata
1482 2436 1794 2496 definienda,
1851 2441 1903 2486 et
1945 2434 2269 2501 disciplinam

1270 2511 1636 2577 perficiendam
1666 2509 1862 2572 habita3
1895 2515 2004 2560 tum
2049 2506 2268 2575 plurima

1267 2585 1400 2636 facta
1441 2592 1495 2636 ct
1534 2584 1881 2636 Ecclesiarum
1939 2580 2268 2637 consuetudi-

1270 2675 1380 2716 nes,
1424 2674 1492 2710 ex
1519 2659 1705 2726 quihus
1738 2657 1982 2722 dogmata
2011 2654 2267 2707 catholica

1267 2733 1672 2783 confirmantur:
1714 2731 2007 2798 generatim
2057 2728 2266 2780 historia

1266 2806 1615 2858 ecclesiastica
1644 2822 1737 2857 nos
1761 2804 1962 2865 edocet,
1987 2804 2106 2871 quid
2137 2817 2267 2854 sem·

1268 2897 1376 2947 per,
1409 2881 1526 2949 quid
1555 2880 1763 2948 ubique,
1791 2878 1911 2947 quid
1942 2878 2007 2930 ab
2026 2876 2267 2929 omnibus

1266 2954 1518 3006 creditum
1561 2955 1647 3006 sit.
1693 2953 1824 3004 Hinc
1859 2951 2071 3004 historia
2101 2949 2266 3005 ecclc·

1265 3030 1470 3080 siastica
1522 3029 1704 3080 merito
1770 3026 1906 3078 inter
1959 3023 2265 3081 subsidiaria

1265 3101 1575 3168 Theologiae
1642 3099 1931 3166 dogmatico
1947 3126 1970 3136 ·
1986 3097 2265 3169 polemicae

1265 3176 1435 3227 studia
1478 3179 1746 3226 numerata
1787 3173 1901 3225 fuit.
1944 3198 2020 3213 -·
2057 3169 2136 3224 Ad
2170 3169 2297 3237 'dc—t

1243 3249 1644 3301 terminandam
1686 3253 1860 3301 autem
1890 3243 2136 3302 historiae
2175 3258 2264 3298 au·

1264 3324 1556 3375 ctoritatem
1586 3321 1778 3387 regulis
1799 3317 1992 3375 criticis
2008 3332 2137 3385 opus
2150 3323 2234 3372 ,est
2247 3358 2258 3375 ,

1308 3494 1362 3543 (3)
1385 3495 1452 3532 Th.
1478 3504 1564 3540 gen.
1599 3494 1626 3540 s
1653 3493 1704 3531 ll).
