2332 3860
0 319 4 340 l

14 0 21 25 l

35 0 113 103 {m

44 107 72 142 {¹¹

724 139 838 177 PARS
877 138 950 178 ΠΙ.
993 138 1158 177 SEGTlO
1196 139 1251 179 u,
1278 138 1446 176 ΌΛΡυΤ
1465 138 1554 200 ¹111.
1598 146 1605 166 θ

1996 120 2113 178 ,583
2135 170 2141 181 .

40 202 63 290 [t
120 219 401 276 xEcclesiae
423 219 823 289 promovendum
853 220 1137 274 ordinatur.¹
1199 218 1458 273 retrabere
1497 224 1754 272 conatum
1795 233 1862 272 ex
1919 217 2017 272 hoc
2061 223 2193 271 sane
2264 247 2274 252 -

141 296 275 351 Nam⁴
311 297 466 349 etiam
517 295 787 349 societates
839 295 1017 348 civiles
1055 312 1135 348 or·
1200 295 1388 357 motivo
1426 293 1659 362 prohibet
1697 310 1743 348 e.
1788 309 1840 363 g.
1887 291 2060 362 libros,
2098 292 2187 363 qui

0 373 2 388 ³
58 395 63 397 ·
145 370 316 423 dinem
357 385 663 423 conservare
702 376 754 422 et
787 369 943 422 finem
983 386 1132 423 suum
1198 376 1366 422 rectae
1406 367 1521 420 fidei
1573 375 1664 421 aut
1719 367 1948 422 moribus
2002 367 2187 420 adver-

144 445 410 514 acquirere
448 450 729 514 nequeunt.
761 445 855 513 nisi
894 445 1032 512 leges
1058 445 1134 496 iu-

145 525 254 572 stae
292 525 344 571 et
382 519 696 587 adaequatae
723 534 753 571 a
795 519 1017 587 legitima
1048 535 1134 586 po·

145 599 327 645 testate
368 596 616 653 ferantur,
648 599 699 645 et
737 609 766 645 a
805 592 1020 645 subditis
1047 593 1131 644 de-

144 667 246 720 bito
269 668 418 720 modo
437 668 793 720 observentur.
815 666 887 720 lta
911 667 1065 720 etiam
1081 667 1127 718 in

143 742 393 795 societate
412 741 667 809 religiosa,
693 758 781 794 seu
812 742 862 793 in
904 741 1128 794 Ecclesia

143 814 282 884 leges
308 816 656 886 requiruntur,
698 817 881 885 quibus
905 815 1127 867 fidelium

142 891 366 942 actiones
386 891 690 958 dirigantur.
724 890 966 959 Equidem
988 889 1130 942 Chri-

140 971 250 1016 stus
272 965 399 1033 ipse,
432 967 504 1017 uti
533 981 597 1017 ex
620 963 888 1032 Evangelii
913 964 1128 1019 lectione

139 1047 461 1107 compertum
500 1039 587 1101 fit,
637 1039 1039 1107 sapientissimas
1080 1047 1128 1091 et

140 1114 534 1182 perfectissimas
555 1113 695 1179 leges
715 1113 852 1174 tulit,
885 1114 971 1165 sed
1002 1114 1131 1165 mul-

139 1194 189 1239 ta
218 1189 374 1240 etiam
411 1188 671 1240 Ecclesiae
705 1189 958 1241 commisit
992 1189 1126 1240 ordi-

141 1262 326 1323 nanda,
346 1269 454 1315 tum
480 1269 532 1314 ut
562 1261 700 1330 leges
724 1270 1030 1331 temporum,
1058 1262 1127 1315 lo-

141 1353 315 1389 corum
354 1344 403 1389 et
433 1337 698 1389 hominum
729 1339 1127 1389 circumstantiis

141 1411 589 1463 accommodentur
621 1453 634 1474 ‚
684 1418 791 1463 tum
840 1417 895 1463 ut
950 1411 1128 1464 fideles

141 1485 386 1538 Praelatis
413 1487 575 1538 vicem
606 1486 695 1538 Dei
737 1487 1034 1553 gerentibus
1073 1503 1125 1538 se

139 1561 516 1627 submittentes,
540 1561 899 1626 humilitatem,
922 1577 1051 1629 quae
1079 1578 1128 1613 o·

139 1635 332 1686 mnium
352 1635 602 1687 virtutum
623 1636 1012 1687 fundamentum
1032 1643 1125 1702 est,

138 1717 189 1761 et
229 1709 601 1776 obedientiam,
648 1726 778 1778 quae
818 1710 923 1762 Deo
966 1712 1126 1778 magis

139 1784 303 1850 placet
342 1800 494 1852 quam
526 1784 791 1847 victimae,
825 1792 1121 1845 exerceant,

138 1865 188 1909 et
208 1859 493 1910 actionibus
533 1859 639 1911 suis
682 1860 846 1910 maius
887 1860 1123 1911 meritum

137 1932 525 1986 addant.—lam
556 1932 778 2001 Apostoli
810 1934 973 2001 legem
1004 1941 1126 1986 tem-

138 2022 315 2075 porum
342 2023 550 2059 suorum
580 2010 977 2060 circumstantiis
1011 2024 1127 2061 con-

137 2096 317 2148 gruam
342 2082 569 2134 tulerunt
591 2084 837 2134 dicentes:
870 2083 1032 2135 Visum
1060 2091 1125 2134 cst

138 2154 353 2223 Spiritui
378 2154 550 2208 Sancto
578 2165 619 2208 et
646 2157 850 2209 nobie...
883 2159 1126 2225 imponere

139 2229 315 2284 rabie...
337 2229 449 2282 haec
469 2233 755 2291 necessaria,
774 2239 826 2282 ut
843 2231 1126 2284 abstineatis

139 2320 218 2354 vos
251 2303 310 2356 ab
347 2306 609 2356 immolat-is
646 2305 1044 2366 simulacrorum,
1083 2314 1125 2358 et

136 2379 389 2447 sanquine,
409 2387 452 2431 et
472 2380 698 2449 suffocato
712 2387 809 2431 etc.
832 2378 876 2450 (l
892 2381 927 2448 );
948 2396 1010 2431 ex
1026 2397 1122 2448 qua

136 2451 371 2522 loquendi
396 2455 552 2505 forma
573 2460 707 2505 recte
730 2454 1016 2514 deducitur,
1037 2454 1127 2506 Ec-

138 2526 347 2579 clesiam
367 2529 520 2580 etiam
549 2530 599 2580 in
623 2529 820 2596 legibus
847 2529 1124 2581 condendis

136 2600 351 2669 Spiritus
389 2603 549 2655 sancti
596 2604 883 2655 assistentia
935 2603 1125 2671 gaude-

139 2691 193 2727 re
234 2674 330 2746 (ἢ).
387 2677 458 2729 lta
506 2678 660 2730 etiam
697 2678 1124 2747 subsequentibus

139 2751 451 2818 temporibus
496 2751 857 2804 saluberrimas
907 2760 956 2805 et
1007 2752 1125 2804 fide-

140 2824 267 2876 lium
312 2825 605 2893 indigentiis
662 2827 1126 2879 accommodatissi-

139 2915 248 2951 mas
286 2898 424 2966 leges
452 2899 676 2952 Ecclesia
706 2901 839 2954 tulit.
884 2901 1124 2954 Homines

139 2974 275 3026 enim
315 2973 479 3042 quoad
536 2974 854 3027 intellectum
909 2992 998 3044 per
1055 2977 1124 3028 la·

141 3048 258 3101 bem
298 3047 596 3114 originalem
626 3049 905 3111 obcaecati,
955 3057 1006 3102 et
1049 3051 1123 3102 in-

141 3128 286 3175 terna
315 3122 535 3192 quadam
575 3125 810 3192 superbia
839 3124 1035 3192 decepti
1075 3141 1126 3177 a-

141 3196 307 3250 nimae
334 3213 456 3249 suae
499 3197 721 3264 pericula
761 3215 1038 3266 agnoscere
1075 3206 1121 3250 et

138 3270 314 3338 fugere
341 3278 597 3324 recusant.
635 3271 1018 3341 sapientissime
1046 3290 1123 3325 er-

139 3359 204 3411 go
244 3360 334 3412 per
370 3362 623 3413 congruas
659 3346 797 3414 leges
836 3347 950 3400 illos
981 3364 1010 3400 a
1040 3364 1123 3416 pe-

138 3418 312 3471 riculis
355 3420 555 3472 animae
584 3421 783 3474 ruinam
829 3423 1124 3490 parantibus

181 3517 235 3561 (ι)
257 3520 336 3555 Aac.
362 3521 426 3565 Ap.
451 3520 507 3564 ιε,
530 3520 582 3558 28.

1195 451 1393 496 santur.
1439 433 1640 498 Fideles
1682 448 1943 510 praeterea
1982 441 2084 494 iam
2119 456 2183 495 ex

1196 524 1466 586 praecepto
1531 515 1717 568 Christi
1773 533 1829 570 se
1886 516 2181 584 abnegare,

1195 608 1403 645 carnem
1430 590 1751 659 crucifigere,
1794 598 1844 643 et
1871 606 2056 660 corpus
2084 592 2184 659 spi-

1196 667 1310 719 ritui
1353 666 1604 720 subiicere
1661 664 1990 733 obligantur,
2045 665 2182 735 quod

1193 747 1364 793 autem
1407 740 1653 808 philautia
1691 740 1886 792 seducti
1945 739 2184 792 facillime

1193 815 1479 884 negligunt.
1549 815 1931 884 Sapientissime
1995 813 2184 867 idcirco

1195 889 1420 941 Ecclesia
1441 891 1594 942 certis
1623 889 1800 942 diebus
1819 887 2186 942 abstinentiam

1192 981 1220 1015 a
1260 959 1500 1018 carnibus
1526 1005 1540 1027 ‚
1584 964 1666 1017 vel
1721 965 1876 1016 etiam
1934 962 2183 1016 ieiunium

1194 1039 1455 1107 praecipit,
1502 1046 1557 1091 ut
1595 1038 1767 1108 aliquo
1805 1037 1989 1091 saltem
2032 1036 2183 1091 modo

1191 1116 1416 1182 corporis
1455 1113 1832 1166 mortificationi
1861 1117 2181 1166 assuescant.

1191 1187 1431 1241 Homines
1470 1188 1688 1258 denique
1727 1188 1790 1241 ad
1820 1187 2011 1240 bonum
2049 1187 2186 1239 iner-

1193 1270 1266 1314 tes
1307 1270 1447 1325 sunt‚
1480 1269 1529 1315 et
1558 1280 1615 1315 ea
1645 1279 1864 1332 quoque,
1903 1277 2034 1331 quae
2062 1262 2186 1331 ipsis

1190 1337 1529 1390 saluberrima
1551 1338 1875 1403 sunt,leviter
1889 1336 2180 1404 negligunt.

1189 1412 1574 1480 Sapientissime
1596 1414 1766 1480 itaque
1781 1411 2009 1465 Ecclesia
2036 1417 2185 1463 actus

1189 1487 1435 1554 quosdam
1477 1488 1740 1555 praecipit,
1784 1502 1831 1539 e.
1875 1502 1927 1554 g.
1971 1485 2185 1538 auditio-

1192 1578 1306 1613 nem
1348 1562 1479 1613 sacri
1520 1562 1699 1614 diebus
1727 1561 1994 1614 dominicis
2034 1566 2085 1612 et
2114 1559 2183 1611 fe-

1189 1637 1371 1695 stivis,
1414 1634 1795 1688 Confessionem
1835 1641 2184 1688 sacramenta·

1193 1711 1289 1762 lem
1330 1710 1487 1763 semel
1548 1711 1731 1763 saltem
1774 1713 1825 1762 in
1888 1726 2060 1769 ann0,
2122 1707 2177 1761 S.

1191 1783 1618 1837 Communionem
1660 1786 1710 1836 in
1751 1783 1999 1837 Paschate
2051 1790 2178 1842 etc.‚

1190 1875 1251 1911 ue
1291 1868 1436 1911 actus
1475 1860 1556 1911 isti
1598 1860 1921 1912 saluberrimi
1973 1859 2182 1927 omnino¹

1190 1935 1617 1995 intermittantur,
1661 1935 1763 1987 imo
1803 1940 1861 1986 ut
1900 1932 2078 1986 fideles
2117 1932 2179 1984 ad

1189 2009 1391 2060 eosdem
1434 2010 1586 2060 etiam
1630 2009 1740 2060 sine
1788 2007 1996 2077 speciali
2037 2023 2181 2075 prae-

1189 2090 1333 2151 cepto
1400 2083 1796 2151 frequentandos
1861 2084 2176 2135 excitentur.

1188 2157 1327 2219 Quod
1369 2158 1407 2209 si
1449 2157 1629 2209 eodem
1659 2158 1808 2210 modo
1846 2163 2081 2210 caeterae
2110 2156 2183 2208 le-

1187 2249 1276 2296 ges
1320 2248 1406 2300 pro
1442 2233 1596 2283 variis
1647 2232 1915 2285 hominum
1963 2231 2182 2284 statibus

1191 2307 1320 2358 latae
1336 2307 1745 2369 considerentur,
1774 2306 2180 2358 luculentissime

1192 2387 1364 2447 patet,
1410 2380 1673 2434 hominum
1732 2381 1953 2433 salutem
1992 2387 2043 2433 et
2090 2379 2180 2432 Ec-

1189 2456 1372 2507 clesiae
1402 2455 1653 2517 ordinem,
1680 2456 1916 2507 decorem
1946 2462 1998 2507 et
2024 2455 2180 2507 finem

1191 2546 1277 2597 per
1336 2536 1640 2597 potestatem
1696 2530 2037 2598 legislativam
2078 2526 2180 2581 effi-

1189 2604 1452 2656 cacissime
1494 2606 1801 2673 promoveri.

1262 2680 1313 2731 2.
1350 2678 1579 2731 Potestas
1610 2678 1894 2740 iudiciaria,
1925 2684 2180 2748 quatenus

1188 2753 1248 2804 ad
1294 2770 1458 2806 mores
1499 2754 1739 2813 refertur,
1786 2754 1968 2822 partim
2011 2753 2180 2806 decla-

1189 2834 1285 2888 rat,
1335 2829 1452 2897 quid
1503 2828 1718 2890 licitum,
1762 2828 1883 2897 quid
1926 2827 2178 2891 illicitum,

1187 2902 1304 2970 quid
1347 2903 1653 2965 vitandum,
1710 2903 1830 2972 quid
1889 2903 2178 2955 faciendum

1186 2977 1289 3040 sit3
1335 2978 1517 3045 partim
1559 2978 1620 3030 de
1660 2978 1981 3030 subditorum
2027 2978 2180 3030 actio·

1190 3051 1336 3103 nibus
1376 3051 1620 3103 iudicium
1649 3052 1765 3105 fert.
1798 3049 2085 3121 Utrumque
2113 3052 2175 3104 ad

1187 3126 1528 3178 moralitatem
1556 3126 1958 3179 conservandam
1988 3135 2039 3179 et
2070 3143 2178 3195 pro-

1188 3202 1491 3252 movendam
1533 3217 1633 3253 non
1674 3201 1841 3253 solum
1893 3201 2174 3271 proficuum

1185 3274 1272 3325 sed
1316 3276 1661 3327 necessarium
1702 3283 1798 3329 est.
1837 3275 2080 3329 Homines
2119 3290 2172 3326 e-

1188 3349 1289 3400 nim
1329 3364 1419 3416 per
1461 3364 1690 3402 amorem
1727 3352 1986 3419 proprium
2024 3348 2173 3402 facile

1186 3423 1528 3490 decipiuntur,
1571 3424 1734 3476 officia
1762 3441 1855 3477 sua
1894 3438 2171 3492 agnoscere

1228 3523 1280 3566 (2)
1306 3522 1347 3560 V.
1373 3523 1496 3560 Theoi.
1522 3526 1702 3568 gen-edit.
1730 3525 1763 3567 Ξ,
1786 3524 1809 3570 S
1834 3524 1911 3566 252,
1935 3533 2035 3559 tium.
2064 3522 2094 3560 3.
