<?xml version="1.0" encoding="UTF-8"?>
<!DOCTYPE html PUBLIC "-//W3C//DTD XHTML 1.0 Transitional//EN"
    "http://www.w3.org/TR/xhtml1/DTD/xhtml1-transitional.dtd">
<html xmlns="http://www.w3.org/1999/xhtml" xml:lang="en" lang="en">
 <head>
  <title>
</title>
<meta http-equiv="Content-Type" content="text/html;charset=utf-8" />
  <meta name='ocr-system' content='tesseract 3.04.00' />
  <meta name='ocr-capabilities' content='ocr_page ocr_carea ocr_par ocr_line ocrx_word'/>
</head>
<body>
  <div class='ocr_page' id='page_1' title='image "./theologiae00knoluoft_0018.png"; bbox 0 0 2332 3860; ppageno 0'>
   <div class='ocr_carea' id='block_1_1' title="bbox 242 92 312 146">
    <p class='ocr_par' dir='ltr' id='par_1_1' title="bbox 242 92 312 146">
     <span class='ocr_line' id='line_1_1' title="bbox 242 92 312 146; baseline 0 0"><span class='ocrx_word' id='word_1_1' title='bbox 242 92 312 146; x_wconf 73' lang='lat'>{0</span> 
     </span>
    </p>
   </div>
   <div class='ocr_carea' id='block_1_2' title="bbox 154 188 1155 3368">
    <p class='ocr_par' dir='ltr' id='par_1_2' title="bbox 154 188 1155 3368">
     <span class='ocr_line' id='line_1_2' title="bbox 161 188 1140 258; baseline -0.007 -15"><span class='ocrx_word' id='word_1_2' title='bbox 161 196 336 243; x_wconf 87' lang='lat' dir='ltr'>autem</span> <span class='ocrx_word' id='word_1_3' title='bbox 388 189 632 258; x_wconf 84' lang='lat' dir='ltr'>explicita</span> <span class='ocrx_word' id='word_1_4' title='bbox 678 188 1051 255; x_wconf 77' lang='lat' dir='ltr'>RedemptoriS.</span> <span class='ocrx_word' id='word_1_5' title='bbox 1117 206 1140 235; x_wconf 87' lang='lat'>»</span> 
     </span>
     <span class='ocr_line' id='line_1_3' title="bbox 167 261 1145 332; baseline -0.004 -16"><span class='ocrx_word' id='word_1_6' title='bbox 167 263 359 321; x_wconf 84' lang='lat' dir='ltr'>Eodem</span> <span class='ocrx_word' id='word_1_7' title='bbox 375 263 522 316; x_wconf 91' lang='lat' dir='ltr'>modo</span> <span class='ocrx_word' id='word_1_8' title='bbox 544 263 819 332; x_wconf 78' lang='lat' dir='ltr'>requiritur</span> <span class='ocrx_word' id='word_1_9' title='bbox 835 262 963 314; x_wconf 83' lang='lat' dir='ltr'>fides</span> <span class='ocrx_word' id='word_1_10' title='bbox 985 261 1145 326; x_wconf 83' lang='lat' dir='ltr'>expli-</span> 
     </span>
     <span class='ocr_line' id='line_1_4' title="bbox 163 332 1149 395; baseline -0.004 -6"><span class='ocrx_word' id='word_1_11' title='bbox 163 339 262 390; x_wconf 86' lang='lat' dir='ltr'>cita</span> <span class='ocrx_word' id='word_1_12' title='bbox 290 338 346 391; x_wconf 79' lang='lat' dir='ltr'>de</span> <span class='ocrx_word' id='word_1_13' title='bbox 371 337 445 390; x_wconf 85' lang='lat' dir='ltr'>SS</span> <span class='ocrx_word' id='word_1_14' title='bbox 500 337 754 395; x_wconf 85' lang='lat' dir='ltr'>Trinitate‚</span> <span class='ocrx_word' id='word_1_15' title='bbox 802 352 857 388; x_wconf 87' lang='lat' dir='ltr'>ac</span> <span class='ocrx_word' id='word_1_16' title='bbox 895 336 950 388; x_wconf 87' lang='lat' dir='ltr'>de</span> <span class='ocrx_word' id='word_1_17' title='bbox 997 332 1149 389; x_wconf 77' lang='lat' dir='ltr'>Chri-</span> 
     </span>
     <span class='ocr_line' id='line_1_5' title="bbox 162 410 1146 475; baseline -0.003 -13"><span class='ocrx_word' id='word_1_18' title='bbox 162 420 232 465; x_wconf 84' lang='lat' dir='ltr'>sto</span> <span class='ocrx_word' id='word_1_19' title='bbox 281 412 534 464; x_wconf 82' lang='lat' dir='ltr'>incarnato</span> <span class='ocrx_word' id='word_1_20' title='bbox 582 419 624 462; x_wconf 84' lang='lat' dir='ltr'>et</span> <span class='ocrx_word' id='word_1_21' title='bbox 663 410 990 475; x_wconf 77' lang='lat' dir='ltr'>redemptore3</span> <span class='ocrx_word' id='word_1_22' title='bbox 1028 425 1146 460; x_wconf 88' lang='lat' dir='ltr'>nam</span> 
     </span>
     <span class='ocr_line' id='line_1_6' title="bbox 162 483 1148 547; baseline -0.003 -10"><span class='ocrx_word' id='word_1_23' title='bbox 162 485 234 539; x_wconf 91' lang='lat'>10.</span> <span class='ocrx_word' id='word_1_24' title='bbox 293 486 381 547; x_wconf 77' lang='lat'>17,</span> <span class='ocrx_word' id='word_1_25' title='bbox 438 486 471 537; x_wconf 84' lang='lat'>3</span> <span class='ocrx_word' id='word_1_26' title='bbox 519 485 736 537; x_wconf 90' lang='lat' dir='ltr'>dicitur:</span> <span class='ocrx_word' id='word_1_27' title='bbox 767 484 899 537; x_wconf 82' lang='lat' dir='ltr'>Haec</span> <span class='ocrx_word' id='word_1_28' title='bbox 948 491 1014 535; x_wconf 81' lang='lat' dir='ltr'>est</span> <span class='ocrx_word' id='word_1_29' title='bbox 1054 483 1148 535; x_wconf 75' lang='lat' dir='ltr'>vita</span> 
     </span>
     <span class='ocr_line' id='line_1_7' title="bbox 162 557 1148 627; baseline -0.005 -15"><span class='ocrx_word' id='word_1_30' title='bbox 162 568 363 612; x_wconf 84' lang='lat' dir='ltr'>aeterna</span> <span class='ocrx_word' id='word_1_31' title='bbox 389 600 400 620; x_wconf 94' lang='lat'>‚</span> <span class='ocrx_word' id='word_1_32' title='bbox 458 568 512 611; x_wconf 85' lang='lat' dir='ltr'>ut</span> <span class='ocrx_word' id='word_1_33' title='bbox 562 565 846 627; x_wconf 72' lang='lat' dir='ltr'>coquoscant</span> <span class='ocrx_word' id='word_1_34' title='bbox 899 565 939 609; x_wconf 85' lang='lat' dir='ltr'>te</span> <span class='ocrx_word' id='word_1_35' title='bbox 989 557 1148 609; x_wconf 84' lang='lat' dir='ltr'>solum</span> 
     </span>
     <span class='ocr_line' id='line_1_8' title="bbox 163 630 1150 701; baseline -0.004 -17"><span class='ocrx_word' id='word_1_36' title='bbox 163 633 319 685; x_wconf 83' lang='lat' dir='ltr'>Deum</span> <span class='ocrx_word' id='word_1_37' title='bbox 346 649 509 688; x_wconf 72' lang='lat' dir='ltr'>verum</span> <span class='ocrx_word' id='word_1_38' title='bbox 535 640 577 685; x_wconf 81' lang='lat' dir='ltr'>el</span> <span class='ocrx_word' id='word_1_39' title='bbox 602 648 741 701; x_wconf 81' lang='lat' dir='ltr'>quem</span> <span class='ocrx_word' id='word_1_40' title='bbox 780 631 958 684; x_wconf 85' lang='lat' dir='ltr'>misisti</span> <span class='ocrx_word' id='word_1_41' title='bbox 982 630 1150 684; x_wconf 79' lang='lat' dir='ltr'>Jesum</span> 
     </span>
     <span class='ocr_line' id='line_1_9' title="bbox 168 704 1151 773; baseline -0.005 -13"><span class='ocrx_word' id='word_1_42' title='bbox 168 704 444 760; x_wconf 76' lang='lat' dir='ltr'>Christum.</span> <span class='ocrx_word' id='word_1_43' title='bbox 492 708 637 760; x_wconf 83' lang='lat' dir='ltr'>Rom.</span> <span class='ocrx_word' id='word_1_44' title='bbox 684 707 773 766; x_wconf 75' lang='lat' dir='ltr'>to,</span> <span class='ocrx_word' id='word_1_45' title='bbox 806 709 859 758; x_wconf 82' lang='lat'>9.</span> <span class='ocrx_word' id='word_1_46' title='bbox 910 705 963 757; x_wconf 84' lang='lat' dir='ltr'>Si</span> <span class='ocrx_word' id='word_1_47' title='bbox 1008 705 1151 773; x_wconf 73' lang='lat' dir='ltr'>eonfi-</span> 
     </span>
     <span class='ocr_line' id='line_1_10' title="bbox 164 778 1145 839; baseline -0.002 -8"><span class='ocrx_word' id='word_1_48' title='bbox 164 782 311 834; x_wconf 83' lang='lat' dir='ltr'>tearis</span> <span class='ocrx_word' id='word_1_49' title='bbox 339 782 391 833; x_wconf 83' lang='lat' dir='ltr'>in</span> <span class='ocrx_word' id='word_1_50' title='bbox 425 794 507 833; x_wconf 81' lang='lat' dir='ltr'>ore</span> <span class='ocrx_word' id='word_1_51' title='bbox 537 789 615 832; x_wconf 86' lang='lat' dir='ltr'>tuo</span> <span class='ocrx_word' id='word_1_52' title='bbox 656 779 920 832; x_wconf 75' lang='lat' dir='ltr'>Dominum</span> <span class='ocrx_word' id='word_1_53' title='bbox 958 778 1145 839; x_wconf 80' lang='lat' dir='ltr'>Iesum,</span> 
     </span>
     <span class='ocr_line' id='line_1_11' title="bbox 158 853 1150 926; baseline -0.003 -20"><span class='ocrx_word' id='word_1_54' title='bbox 158 863 204 926; x_wconf 74' lang='lat' dir='ltr'>et</span> <span class='ocrx_word' id='word_1_55' title='bbox 229 855 283 907; x_wconf 85' lang='lat' dir='ltr'>in</span> <span class='ocrx_word' id='word_1_56' title='bbox 304 856 443 908; x_wconf 82' lang='lat' dir='ltr'>eorde</span> <span class='ocrx_word' id='word_1_57' title='bbox 487 862 565 906; x_wconf 86' lang='lat' dir='ltr'>tuo</span> <span class='ocrx_word' id='word_1_58' title='bbox 593 854 950 907; x_wconf 58' lang='lat' dir='ltr'>credideris...</span> <span class='ocrx_word' id='word_1_59' title='bbox 992 853 1150 905; x_wconf 71' lang='lat' dir='ltr'>salvus</span> 
     </span>
     <span class='ocr_line' id='line_1_12' title="bbox 162 926 1150 1000; baseline -0.003 -19"><span class='ocrx_word' id='word_1_60' title='bbox 162 926 407 1000; x_wconf 51' lang='lat' dir='ltr'>eristi).</span> <span class='ocrx_word' id='word_1_61' title='bbox 454 928 592 981; x_wconf 87' lang='lat' dir='ltr'>Haec</span> <span class='ocrx_word' id='word_1_62' title='bbox 646 929 756 980; x_wconf 86' lang='lat' dir='ltr'>loca</span> <span class='ocrx_word' id='word_1_63' title='bbox 807 929 930 980; x_wconf 88' lang='lat' dir='ltr'>satis</span> <span class='ocrx_word' id='word_1_64' title='bbox 981 935 1150 979; x_wconf 87' lang='lat' dir='ltr'>osten-</span> 
     </span>
     <span class='ocr_line' id='line_1_13' title="bbox 163 1000 1152 1069; baseline -0.001 -16"><span class='ocrx_word' id='word_1_65' title='bbox 163 1002 312 1065; x_wconf 89' lang='lat' dir='ltr'>dunt,</span> <span class='ocrx_word' id='word_1_66' title='bbox 357 1003 510 1055; x_wconf 90' lang='lat' dir='ltr'>fidem</span> <span class='ocrx_word' id='word_1_67' title='bbox 550 1002 846 1069; x_wconf 80' lang='lat' dir='ltr'>explicitam</span> <span class='ocrx_word' id='word_1_68' title='bbox 886 1002 948 1054; x_wconf 93' lang='lat' dir='ltr'>de</span> <span class='ocrx_word' id='word_1_69' title='bbox 981 1000 1152 1053; x_wconf 88' lang='lat' dir='ltr'>Incar-</span> 
     </span>
     <span class='ocr_line' id='line_1_14' title="bbox 164 1075 1152 1129; baseline -0.002 0"><span class='ocrx_word' id='word_1_70' title='bbox 164 1078 367 1129; x_wconf 86' lang='lat' dir='ltr'>natione</span> <span class='ocrx_word' id='word_1_71' title='bbox 408 1076 520 1129; x_wconf 80' lang='lat' dir='ltr'>Filii</span> <span class='ocrx_word' id='word_1_72' title='bbox 562 1076 651 1128; x_wconf 89' lang='lat' dir='ltr'>Dei</span> <span class='ocrx_word' id='word_1_73' title='bbox 692 1077 756 1129; x_wconf 91' lang='lat' dir='ltr'>ad</span> <span class='ocrx_word' id='word_1_74' title='bbox 807 1075 1026 1128; x_wconf 87' lang='lat' dir='ltr'>salutem</span> <span class='ocrx_word' id='word_1_75' title='bbox 1067 1091 1152 1127; x_wconf 90' lang='lat' dir='ltr'>ne-</span> 
     </span>
     <span class='ocr_line' id='line_1_15' title="bbox 163 1151 1150 1214; baseline -0.003 -11"><span class='ocrx_word' id='word_1_76' title='bbox 163 1151 442 1204; x_wconf 87' lang='lat' dir='ltr'>cessariam</span> <span class='ocrx_word' id='word_1_77' title='bbox 482 1167 615 1214; x_wconf 84' lang='lat' dir='ltr'>esse3</span> <span class='ocrx_word' id='word_1_78' title='bbox 660 1158 711 1203; x_wconf 87' lang='lat' dir='ltr'>et</span> <span class='ocrx_word' id='word_1_79' title='bbox 750 1151 882 1202; x_wconf 85' lang='lat' dir='ltr'>hanc</span> <span class='ocrx_word' id='word_1_80' title='bbox 921 1151 983 1202; x_wconf 93' lang='lat' dir='ltr'>ob</span> <span class='ocrx_word' id='word_1_81' title='bbox 1031 1165 1150 1201; x_wconf 86' lang='lat' dir='ltr'>cau-</span> 
     </span>
     <span class='ocr_line' id='line_1_16' title="bbox 163 1224 1150 1291; baseline -0.002 -15"><span class='ocrx_word' id='word_1_82' title='bbox 163 1241 272 1280; x_wconf 87' lang='lat' dir='ltr'>sam</span> <span class='ocrx_word' id='word_1_83' title='bbox 300 1225 478 1277; x_wconf 88' lang='lat' dir='ltr'>eadem</span> <span class='ocrx_word' id='word_1_84' title='bbox 504 1225 631 1276; x_wconf 87' lang='lat' dir='ltr'>fides</span> <span class='ocrx_word' id='word_1_85' title='bbox 660 1225 898 1291; x_wconf 85' lang='lat' dir='ltr'>explicita</span> <span class='ocrx_word' id='word_1_86' title='bbox 916 1224 1150 1276; x_wconf 82' lang='lat' dir='ltr'>habenda</span> 
     </span>
     <span class='ocr_line' id='line_1_17' title="bbox 162 1297 1146 1368; baseline -0.001 -17"><span class='ocrx_word' id='word_1_87' title='bbox 162 1305 241 1351; x_wconf 87' lang='lat' dir='ltr'>est</span> <span class='ocrx_word' id='word_1_88' title='bbox 294 1298 356 1351; x_wconf 90' lang='lat' dir='ltr'>de</span> <span class='ocrx_word' id='word_1_89' title='bbox 410 1300 654 1368; x_wconf 88' lang='lat' dir='ltr'>mysterio</span> <span class='ocrx_word' id='word_1_90' title='bbox 701 1298 789 1350; x_wconf 88' lang='lat' dir='ltr'>SS.</span> <span class='ocrx_word' id='word_1_91' title='bbox 849 1297 1146 1358; x_wconf 80' lang='lat' dir='ltr'>TrinitatiS‚</span> 
     </span>
     <span class='ocr_line' id='line_1_18' title="bbox 168 1371 1150 1442; baseline 0.002 -21"><span class='ocrx_word' id='word_1_92' title='bbox 168 1393 194 1422; x_wconf 88' lang='lat'>«</span> <span class='ocrx_word' id='word_1_93' title='bbox 227 1373 365 1441; x_wconf 88' lang='lat' dir='ltr'>quia,</span> <span class='ocrx_word' id='word_1_94' title='bbox 403 1379 459 1425; x_wconf 91' lang='lat' dir='ltr'>ut</span> <span class='ocrx_word' id='word_1_95' title='bbox 497 1374 568 1425; x_wconf 86' lang='lat' dir='ltr'>ait</span> <span class='ocrx_word' id='word_1_96' title='bbox 591 1372 643 1425; x_wconf 89' lang='lat' dir='ltr'>S.</span> <span class='ocrx_word' id='word_1_97' title='bbox 680 1372 886 1424; x_wconf 78' lang='lat' dir='ltr'><em>Thomas</em></span> <span class='ocrx_word' id='word_1_98' title='bbox 914 1371 1011 1442; x_wconf 57' lang='lat'>(¹⁴2),</span> <span class='ocrx_word' id='word_1_99' title='bbox 1042 1388 1150 1439; x_wconf 88' lang='lat' dir='ltr'>my-</span> 
     </span>
     <span class='ocr_line' id='line_1_19' title="bbox 162 1446 1152 1499; baseline -0.002 0"><span class='ocrx_word' id='word_1_100' title='bbox 162 1447 375 1499; x_wconf 81' lang='lat' dir='ltr'>sterium</span> <span class='ocrx_word' id='word_1_101' title='bbox 423 1446 795 1499; x_wconf 88' lang='lat' dir='ltr'>Incarnationis</span> <span class='ocrx_word' id='word_1_102' title='bbox 837 1446 1021 1498; x_wconf 82' lang='lat' dir='ltr'>Christi</span> <span class='ocrx_word' id='word_1_103' title='bbox 1067 1463 1152 1498; x_wconf 85' lang='lat' dir='ltr'>ex-</span> 
     </span>
     <span class='ocr_line' id='line_1_20' title="bbox 161 1520 1149 1589; baseline -0.001 -17"><span class='ocrx_word' id='word_1_104' title='bbox 161 1521 336 1589; x_wconf 89' lang='lat' dir='ltr'>plicite</span> <span class='ocrx_word' id='word_1_105' title='bbox 382 1522 521 1573; x_wconf 90' lang='lat' dir='ltr'>credi</span> <span class='ocrx_word' id='word_1_106' title='bbox 553 1537 654 1573; x_wconf 90' lang='lat' dir='ltr'>non</span> <span class='ocrx_word' id='word_1_107' title='bbox 694 1527 859 1588; x_wconf 89' lang='lat' dir='ltr'>potest</span> <span class='ocrx_word' id='word_1_108' title='bbox 904 1523 1013 1572; x_wconf 89' lang='lat' dir='ltr'>sinc</span> <span class='ocrx_word' id='word_1_109' title='bbox 1054 1520 1149 1571; x_wconf 78' lang='lat' dir='ltr'>fide</span> 
     </span>
     <span class='ocr_line' id='line_1_21' title="bbox 162 1595 1152 1663; baseline -0.001 -17"><span class='ocrx_word' id='word_1_110' title='bbox 162 1595 441 1647; x_wconf 75' lang='lat' dir='ltr'>Trinitatis,</span> <span class='ocrx_word' id='word_1_111' title='bbox 491 1614 512 1644; x_wconf 93' lang='lat'>»</span> <span class='ocrx_word' id='word_1_112' title='bbox 563 1595 654 1646; x_wconf 92' lang='lat' dir='ltr'>His</span> <span class='ocrx_word' id='word_1_113' title='bbox 688 1601 906 1663; x_wconf 88' lang='lat' dir='ltr'>quatuor</span> <span class='ocrx_word' id='word_1_114' title='bbox 944 1595 1152 1662; x_wconf 89' lang='lat' dir='ltr'>dogma-</span> 
     </span>
     <span class='ocr_line' id='line_1_22' title="bbox 158 1668 1149 1736; baseline -0.002 -15"><span class='ocrx_word' id='word_1_115' title='bbox 158 1669 295 1721; x_wconf 82' lang='lat' dir='ltr'>tibus</span> <span class='ocrx_word' id='word_1_116' title='bbox 336 1669 701 1736; x_wconf 89' lang='lat' dir='ltr'>principalibus</span> <span class='ocrx_word' id='word_1_117' title='bbox 742 1669 1023 1720; x_wconf 81' lang='lat' dir='ltr'>rectissime</span> <span class='ocrx_word' id='word_1_118' title='bbox 1063 1668 1149 1720; x_wconf 88' lang='lat' dir='ltr'>ad-</span> 
     </span>
     <span class='ocr_line' id='line_1_23' title="bbox 154 1741 1151 1811; baseline 0 -17"><span class='ocrx_word' id='word_1_119' title='bbox 154 1743 444 1811; x_wconf 86' lang='lat' dir='ltr'>junguntur</span> <span class='ocrx_word' id='word_1_120' title='bbox 485 1743 727 1809; x_wconf 83' lang='lat' dir='ltr'>dogmata</span> <span class='ocrx_word' id='word_1_121' title='bbox 766 1742 822 1794; x_wconf 85' lang='lat' dir='ltr'>de</span> <span class='ocrx_word' id='word_1_122' title='bbox 861 1741 1151 1794; x_wconf 84' lang='lat' dir='ltr'>immortali-</span> 
     </span>
     <span class='ocr_line' id='line_1_24' title="bbox 159 1815 1149 1882; baseline -0.001 -14"><span class='ocrx_word' id='word_1_123' title='bbox 159 1824 253 1868; x_wconf 80' lang='lat' dir='ltr'>tate</span> <span class='ocrx_word' id='word_1_124' title='bbox 280 1817 478 1868; x_wconf 87' lang='lat' dir='ltr'>animae</span> <span class='ocrx_word' id='word_1_125' title='bbox 498 1857 511 1876; x_wconf 97' lang='lat'>‚</span> <span class='ocrx_word' id='word_1_126' title='bbox 543 1823 594 1868; x_wconf 89' lang='lat' dir='ltr'>et</span> <span class='ocrx_word' id='word_1_127' title='bbox 622 1815 684 1867; x_wconf 91' lang='lat' dir='ltr'>de</span> <span class='ocrx_word' id='word_1_128' title='bbox 720 1816 918 1882; x_wconf 88' lang='lat' dir='ltr'>gratiae</span> <span class='ocrx_word' id='word_1_129' title='bbox 945 1816 1149 1867; x_wconf 84' lang='lat' dir='ltr'>divinae</span> 
     </span>
     <span class='ocr_line' id='line_1_25' title="bbox 156 1890 1147 1957; baseline -0.001 -15"><span class='ocrx_word' id='word_1_130' title='bbox 156 1891 221 1942; x_wconf 90' lang='lat' dir='ltr'>ad</span> <span class='ocrx_word' id='word_1_131' title='bbox 249 1890 472 1942; x_wconf 85' lang='lat' dir='ltr'>salutem</span> <span class='ocrx_word' id='word_1_132' title='bbox 505 1890 839 1951; x_wconf 85' lang='lat' dir='ltr'>necessitate,</span> <span class='ocrx_word' id='word_1_133' title='bbox 872 1905 1004 1957; x_wconf 87' lang='lat' dir='ltr'>quae</span> <span class='ocrx_word' id='word_1_134' title='bbox 1031 1906 1147 1941; x_wconf 91' lang='lat' dir='ltr'>cum</span> 
     </span>
     <span class='ocr_line' id='line_1_26' title="bbox 156 1963 1145 2032; baseline 0 -16"><span class='ocrx_word' id='word_1_135' title='bbox 156 1964 481 2032; x_wconf 86' lang='lat' dir='ltr'>dogmatibus</span> <span class='ocrx_word' id='word_1_136' title='bbox 503 1964 566 2016; x_wconf 93' lang='lat' dir='ltr'>de</span> <span class='ocrx_word' id='word_1_137' title='bbox 594 1963 700 2016; x_wconf 91' lang='lat' dir='ltr'>Deo</span> <span class='ocrx_word' id='word_1_138' title='bbox 720 1964 1145 2026; x_wconf 86' lang='lat' dir='ltr'>Remuneratore,</span> 
     </span>
     <span class='ocr_line' id='line_1_27' title="bbox 157 2038 1155 2106; baseline 0.002 -17"><span class='ocrx_word' id='word_1_139' title='bbox 157 2044 208 2090; x_wconf 90' lang='lat' dir='ltr'>et</span> <span class='ocrx_word' id='word_1_140' title='bbox 236 2038 299 2091; x_wconf 92' lang='lat' dir='ltr'>de</span> <span class='ocrx_word' id='word_1_141' title='bbox 337 2038 539 2091; x_wconf 85' lang='lat' dir='ltr'>Chris-to</span> <span class='ocrx_word' id='word_1_142' title='bbox 579 2038 923 2106; x_wconf 88' lang='lat' dir='ltr'>Redemptore</span> <span class='ocrx_word' id='word_1_143' title='bbox 969 2039 1155 2091; x_wconf 83' lang='lat' dir='ltr'>intime</span> 
     </span>
     <span class='ocr_line' id='line_1_28' title="bbox 155 2112 1148 2175; baseline -0.001 -11"><span class='ocrx_word' id='word_1_144' title='bbox 155 2112 456 2175; x_wconf 89' lang='lat' dir='ltr'>cohaerent,</span> <span class='ocrx_word' id='word_1_145' title='bbox 502 2119 552 2165; x_wconf 90' lang='lat' dir='ltr'>et</span> <span class='ocrx_word' id='word_1_146' title='bbox 590 2112 655 2164; x_wconf 91' lang='lat' dir='ltr'>ad</span> <span class='ocrx_word' id='word_1_147' title='bbox 695 2113 858 2165; x_wconf 88' lang='lat' dir='ltr'>vitam</span> <span class='ocrx_word' id='word_1_148' title='bbox 895 2118 1032 2164; x_wconf 88' lang='lat' dir='ltr'>recte</span> <span class='ocrx_word' id='word_1_149' title='bbox 1074 2114 1148 2164; x_wconf 88' lang='lat' dir='ltr'>in-</span> 
     </span>
     <span class='ocr_line' id='line_1_29' title="bbox 156 2187 1143 2256; baseline 0.001 -18"><span class='ocrx_word' id='word_1_150' title='bbox 156 2187 473 2240; x_wconf 86' lang='lat' dir='ltr'>stituendam</span> <span class='ocrx_word' id='word_1_151' title='bbox 522 2187 748 2239; x_wconf 86' lang='lat' dir='ltr'>maxime</span> <span class='ocrx_word' id='word_1_152' title='bbox 789 2187 1143 2256; x_wconf 83' lang='lat' dir='ltr'>requiruntur.</span> 
     </span>
     <span class='ocr_line' id='line_1_30' title="bbox 156 2261 1150 2330; baseline 0 -17"><span class='ocrx_word' id='word_1_153' title='bbox 156 2290 230 2300; x_wconf 93' lang='lat'>-</span> <span class='ocrx_word' id='word_1_154' title='bbox 253 2261 367 2313; x_wconf 90' lang='lat' dir='ltr'>Alia</span> <span class='ocrx_word' id='word_1_155' title='bbox 396 2261 637 2330; x_wconf 86' lang='lat' dir='ltr'>dogmata</span> <span class='ocrx_word' id='word_1_156' title='bbox 681 2262 941 2328; x_wconf 82' lang='lat' dir='ltr'>cognosci,</span> <span class='ocrx_word' id='word_1_157' title='bbox 981 2268 1032 2313; x_wconf 87' lang='lat' dir='ltr'>et</span> <span class='ocrx_word' id='word_1_158' title='bbox 1061 2279 1150 2313; x_wconf 89' lang='lat' dir='ltr'>ex-</span> 
     </span>
     <span class='ocr_line' id='line_1_31' title="bbox 157 2334 1151 2403; baseline 0.001 -17"><span class='ocrx_word' id='word_1_159' title='bbox 157 2334 333 2403; x_wconf 89' lang='lat' dir='ltr'>plicite</span> <span class='ocrx_word' id='word_1_160' title='bbox 349 2337 487 2388; x_wconf 90' lang='lat' dir='ltr'>credi</span> <span class='ocrx_word' id='word_1_161' title='bbox 505 2336 694 2388; x_wconf 90' lang='lat' dir='ltr'>dehent</span> <span class='ocrx_word' id='word_1_162' title='bbox 714 2336 989 2388; x_wconf 75' lang='lat' dir='ltr'>necessitate</span> <span class='ocrx_word' id='word_1_163' title='bbox 1011 2351 1151 2403; x_wconf 83' lang='lat' dir='ltr'>prae-</span> 
     </span>
     <span class='ocr_line' id='line_1_32' title="bbox 158 2409 1147 2478; baseline 0.001 -18"><span class='ocrx_word' id='word_1_164' title='bbox 158 2409 375 2478; x_wconf 80' lang='lat' dir='ltr'>cepti,ita</span> <span class='ocrx_word' id='word_1_165' title='bbox 389 2416 445 2462; x_wconf 90' lang='lat' dir='ltr'>ut</span> <span class='ocrx_word' id='word_1_166' title='bbox 457 2409 606 2462; x_wconf 91' lang='lat' dir='ltr'>homo</span> <span class='ocrx_word' id='word_1_167' title='bbox 620 2409 808 2462; x_wconf 86' lang='lat' dir='ltr'>adhaec</span> <span class='ocrx_word' id='word_1_168' title='bbox 821 2409 1147 2476; x_wconf 88' lang='lat' dir='ltr'>addiscenda,</span> 
     </span>
     <span class='ocr_line' id='line_1_33' title="bbox 159 2483 1151 2553; baseline 0.001 -18"><span class='ocrx_word' id='word_1_169' title='bbox 159 2490 209 2535; x_wconf 87' lang='lat' dir='ltr'>et</span> <span class='ocrx_word' id='word_1_170' title='bbox 235 2483 475 2552; x_wconf 84' lang='lat' dir='ltr'>explicite.</span> <span class='ocrx_word' id='word_1_171' title='bbox 508 2484 763 2536; x_wconf 88' lang='lat' dir='ltr'>credenda</span> <span class='ocrx_word' id='word_1_172' title='bbox 787 2484 1015 2552; x_wconf 88' lang='lat' dir='ltr'>graviter</span> <span class='ocrx_word' id='word_1_173' title='bbox 1040 2486 1151 2553; x_wconf 92' lang='lat' dir='ltr'>qui-</span> 
     </span>
     <span class='ocr_line' id='line_1_34' title="bbox 160 2557 1149 2625; baseline 0.003 -18"><span class='ocrx_word' id='word_1_174' title='bbox 160 2557 277 2609; x_wconf 88' lang='lat' dir='ltr'>dem</span> <span class='ocrx_word' id='word_1_175' title='bbox 311 2558 585 2625; x_wconf 88' lang='lat' dir='ltr'>obligetur,</span> <span class='ocrx_word' id='word_1_176' title='bbox 627 2557 717 2610; x_wconf 90' lang='lat' dir='ltr'>sed</span> <span class='ocrx_word' id='word_1_177' title='bbox 758 2564 929 2610; x_wconf 87' lang='lat' dir='ltr'>tamen</span> <span class='ocrx_word' id='word_1_178' title='bbox 959 2558 1149 2610; x_wconf 75' lang='lat' dir='ltr'>salvari</span> 
     </span>
     <span class='ocr_line' id='line_1_35' title="bbox 160 2632 1150 2700; baseline 0 -16"><span class='ocrx_word' id='word_1_179' title='bbox 160 2632 348 2698; x_wconf 89' lang='lat' dir='ltr'>possit,</span> <span class='ocrx_word' id='word_1_180' title='bbox 398 2634 440 2684; x_wconf 90' lang='lat' dir='ltr'>si</span> <span class='ocrx_word' id='word_1_181' title='bbox 481 2648 539 2684; x_wconf 88' lang='lat' dir='ltr'>ex</span> <span class='ocrx_word' id='word_1_182' title='bbox 583 2632 872 2699; x_wconf 86' lang='lat' dir='ltr'>ignorantia</span> <span class='ocrx_word' id='word_1_183' title='bbox 917 2632 1150 2700; x_wconf 90' lang='lat' dir='ltr'>inculpa-</span> 
     </span>
     <span class='ocr_line' id='line_1_36' title="bbox 160 2704 1149 2774; baseline 0.002 -18"><span class='ocrx_word' id='word_1_184' title='bbox 160 2705 246 2757; x_wconf 88' lang='lat' dir='ltr'>bili</span> <span class='ocrx_word' id='word_1_185' title='bbox 271 2746 283 2766; x_wconf 94' lang='lat'>,</span> <span class='ocrx_word' id='word_1_186' title='bbox 352 2705 434 2758; x_wconf 90' lang='lat' dir='ltr'>vel</span> <span class='ocrx_word' id='word_1_187' title='bbox 496 2704 904 2774; x_wconf 77' lang='lat' dir='ltr'>impossibilitate</span> <span class='ocrx_word' id='word_1_188' title='bbox 969 2707 1149 2758; x_wconf 89' lang='lat' dir='ltr'>eadem</span> 
     </span>
     <span class='ocr_line' id='line_1_37' title="bbox 161 2779 1150 2847; baseline 0.002 -17"><span class='ocrx_word' id='word_1_189' title='bbox 161 2779 385 2833; x_wconf 75' lang='lat' dir='ltr'>nesciatz</span> <span class='ocrx_word' id='word_1_190' title='bbox 411 2779 562 2847; x_wconf 87' lang='lat' dir='ltr'>hujus</span> <span class='ocrx_word' id='word_1_191' title='bbox 591 2782 796 2847; x_wconf 89' lang='lat' dir='ltr'>generis</span> <span class='ocrx_word' id='word_1_192' title='bbox 834 2786 955 2831; x_wconf 86' lang='lat' dir='ltr'>sunt</span> <span class='ocrx_word' id='word_1_193' title='bbox 984 2780 1040 2832; x_wconf 71' lang='lat'>10</span> <span class='ocrx_word' id='word_1_194' title='bbox 1068 2797 1150 2832; x_wconf 81' lang='lat' dir='ltr'>ar-</span> 
     </span>
     <span class='ocr_line' id='line_1_38' title="bbox 162 2851 1151 2922; baseline 0.002 -18"><span class='ocrx_word' id='word_1_195' title='bbox 162 2851 297 2904; x_wconf 80' lang='lat' dir='ltr'>ticuli</span> <span class='ocrx_word' id='word_1_196' title='bbox 335 2853 847 2922; x_wconf 26' lang='lat' dir='ltr'>symbolinapostoliess</span> <span class='ocrx_word' id='word_1_197' title='bbox 890 2854 949 2906; x_wconf 67' lang='lat'>2⁰</span> <span class='ocrx_word' id='word_1_198' title='bbox 996 2855 1151 2907; x_wconf 82' lang='lat' dir='ltr'>oratio</span> 
     </span>
     <span class='ocr_line' id='line_1_39' title="bbox 164 2926 1152 2996; baseline 0.002 -17"><span class='ocrx_word' id='word_1_199' title='bbox 164 2926 406 2979; x_wconf 84' lang='lat' dir='ltr'>dominica</span> <span class='ocrx_word' id='word_1_200' title='bbox 430 2945 452 2988; x_wconf 87' lang='grc'>,-</span> <span class='ocrx_word' id='word_1_201' title='bbox 501 2928 558 2979; x_wconf 84' lang='lat'>5⁰</span> <span class='ocrx_word' id='word_1_202' title='bbox 609 2935 866 2995; x_wconf 77' lang='lat' dir='ltr'>praecepta</span> <span class='ocrx_word' id='word_1_203' title='bbox 929 2927 1152 2996; x_wconf 75' lang='lat' dir='ltr'>Deealoyi</span> 
     </span>
     <span class='ocr_line' id='line_1_40' title="bbox 160 2999 1152 3070; baseline 0.001 -17"><span class='ocrx_word' id='word_1_204' title='bbox 160 3008 204 3053; x_wconf 79' lang='lat' dir='ltr'>et</span> <span class='ocrx_word' id='word_1_205' title='bbox 229 2999 490 3062; x_wconf 83' lang='lat' dir='ltr'>Ecclesiae;</span> <span class='ocrx_word' id='word_1_206' title='bbox 514 3001 572 3053; x_wconf 67' lang='grc' dir='ltr'>[ιθ</span> <span class='ocrx_word' id='word_1_207' title='bbox 591 3001 907 3054; x_wconf 79' lang='lat' dir='ltr'>Sacramenta</span> <span class='ocrx_word' id='word_1_208' title='bbox 928 3017 987 3053; x_wconf 90' lang='lat' dir='ltr'>ea</span> <span class='ocrx_word' id='word_1_209' title='bbox 1008 3018 1152 3070; x_wconf 88' lang='lat' dir='ltr'>prae-</span> 
     </span>
     <span class='ocr_line' id='line_1_41' title="bbox 164 3075 1151 3143; baseline 0.002 -17"><span class='ocrx_word' id='word_1_210' title='bbox 164 3075 334 3141; x_wconf 88' lang='lat' dir='ltr'>cipue,</span> <span class='ocrx_word' id='word_1_211' title='bbox 377 3090 510 3142; x_wconf 89' lang='lat' dir='ltr'>quae</span> <span class='ocrx_word' id='word_1_212' title='bbox 548 3075 661 3142; x_wconf 91' lang='lat' dir='ltr'>quis</span> <span class='ocrx_word' id='word_1_213' title='bbox 688 3076 914 3143; x_wconf 83' lang='lat' dir='ltr'>recipere</span> <span class='ocrx_word' id='word_1_214' title='bbox 935 3076 1151 3128; x_wconf 85' lang='lat' dir='ltr'>obstrin-</span> 
     </span>
     <span class='ocr_line' id='line_1_42' title="bbox 165 3147 1152 3216; baseline 0.004 -17"><span class='ocrx_word' id='word_1_215' title='bbox 165 3148 305 3216; x_wconf 82' lang='lat' dir='ltr'>gitur</span> <span class='ocrx_word' id='word_1_216' title='bbox 319 3165 337 3214; x_wconf 82' lang='lat'><em>3</em></span> <span class='ocrx_word' id='word_1_217' title='bbox 387 3150 445 3202; x_wconf 85' lang='lat'>5⁰</span> <span class='ocrx_word' id='word_1_218' title='bbox 484 3147 792 3216; x_wconf 76' lang='lat' dir='ltr'>obliyationes</span> <span class='ocrx_word' id='word_1_219' title='bbox 848 3151 1026 3212; x_wconf 87' lang='lat' dir='ltr'>statui,</span> <span class='ocrx_word' id='word_1_220' title='bbox 1070 3152 1152 3203; x_wconf 90' lang='lat' dir='ltr'>cui</span> 
     </span>
     <span class='ocr_line' id='line_1_43' title="bbox 166 3222 1147 3292; baseline 0.004 -18"><span class='ocrx_word' id='word_1_221' title='bbox 166 3223 281 3291; x_wconf 90' lang='lat' dir='ltr'>quis</span> <span class='ocrx_word' id='word_1_222' title='bbox 329 3222 564 3276; x_wconf 86' lang='lat' dir='ltr'>addictus</span> <span class='ocrx_word' id='word_1_223' title='bbox 610 3229 720 3284; x_wconf 91' lang='lat' dir='ltr'>est,</span> <span class='ocrx_word' id='word_1_224' title='bbox 777 3230 1147 3292; x_wconf 89' lang='lat' dir='ltr'>competentes.</span> 
     </span>
     <span class='ocr_line' id='line_1_44' title="bbox 164 3295 1155 3368; baseline 0.004 -19"><span class='ocrx_word' id='word_1_225' title='bbox 164 3322 238 3334; x_wconf 82' lang='lat'>—-</span> <span class='ocrx_word' id='word_1_226' title='bbox 258 3295 474 3367; x_wconf 88' lang='lat' dir='ltr'>Reliqua</span> <span class='ocrx_word' id='word_1_227' title='bbox 501 3311 623 3349; x_wconf 88' lang='lat' dir='ltr'>vero</span> <span class='ocrx_word' id='word_1_228' title='bbox 643 3295 882 3364; x_wconf 85' lang='lat' dir='ltr'>dogmata</span> <span class='ocrx_word' id='word_1_229' title='bbox 908 3298 1155 3368; x_wconf 88' lang='lat' dir='ltr'>implicite</span> 
     </span>
    </p>
   </div>
   <div class='ocr_carea' id='block_1_3' title="bbox 157 3426 801 3520">
    <p class='ocr_par' dir='ltr' id='par_1_3' title="bbox 157 3426 801 3520">
     <span class='ocr_line' id='line_1_45' title="bbox 157 3426 801 3471; baseline 0.002 -9"><span class='ocrx_word' id='word_1_230' title='bbox 157 3467 161 3471; x_wconf 76' lang='lat'>.</span> <span class='ocrx_word' id='word_1_231' title='bbox 230 3427 262 3470; x_wconf 75' lang='grc' dir='ltr'>ι)</span> <span class='ocrx_word' id='word_1_232' title='bbox 286 3427 339 3464; x_wconf 87' lang='lat' dir='ltr'>cr.</span> <span class='ocrx_word' id='word_1_233' title='bbox 362 3429 415 3463; x_wconf 87' lang='lat'>10.</span> <span class='ocrx_word' id='word_1_234' title='bbox 441 3428 473 3470; x_wconf 86' lang='lat'>3,</span> <span class='ocrx_word' id='word_1_235' title='bbox 500 3427 555 3464; x_wconf 76' lang='lat'>14.</span> <span class='ocrx_word' id='word_1_236' title='bbox 585 3427 661 3462; x_wconf 70' lang='lat' dir='ltr'>Act.</span> <span class='ocrx_word' id='word_1_237' title='bbox 686 3426 721 3471; x_wconf 77' lang='lat'>4,</span> <span class='ocrx_word' id='word_1_238' title='bbox 745 3427 801 3464; x_wconf 65' lang='grc' dir='ltr'>ιε.</span> 
     </span>
     <span class='ocr_line' id='line_1_46' title="bbox 228 3469 655 3520; baseline -0.005 -11"><span class='ocrx_word' id='word_1_239' title='bbox 228 3473 266 3520; x_wconf 75' lang='lat'>2)</span> <span class='ocrx_word' id='word_1_240' title='bbox 289 3473 323 3509; x_wconf 66' lang='grc' dir='ltr'>ε.</span> <span class='ocrx_word' id='word_1_241' title='bbox 349 3472 382 3508; x_wconf 73' lang='lat' dir='ltr'>a.</span> <span class='ocrx_word' id='word_1_242' title='bbox 408 3482 443 3518; x_wconf 78' lang='lat' dir='ltr'>q.</span> <span class='ocrx_word' id='word_1_243' title='bbox 469 3472 502 3515; x_wconf 65' lang='lat'>2.</span> <span class='ocrx_word' id='word_1_244' title='bbox 527 3478 581 3508; x_wconf 69' lang='lat' dir='ltr'>art</span> <span class='ocrx_word' id='word_1_245' title='bbox 620 3469 655 3507; x_wconf 85' lang='lat'>8.</span> 
     </span>
    </p>
   </div>
   <div class='ocr_carea' id='block_1_4' title="bbox 604 98 1769 146">
    <p class='ocr_par' dir='ltr' id='par_1_4' title="bbox 604 98 1769 146">
     <span class='ocr_line' id='line_1_47' title="bbox 604 98 1769 146; baseline -0.003 0"><span class='ocrx_word' id='word_1_246' title='bbox 604 106 924 146; x_wconf 75' lang='lat' dir='ltr'>lN&#39;rssonuc‘rto</span> <span class='ocrx_word' id='word_1_247' title='bbox 962 108 1011 144; x_wconf 79' lang='lat' dir='ltr'>IN</span> <span class='ocrx_word' id='word_1_248' title='bbox 1051 105 1367 144; x_wconf 72' lang='lat' dir='ltr'><strong>THEOLOGIAM</strong></span> <span class='ocrx_word' id='word_1_249' title='bbox 1399 98 1769 142; x_wconf 55' lang='lat' dir='ltr'>&#39;&#39;ruscumucsm</span> 
     </span>
    </p>
   </div>
   <div class='ocr_carea' id='block_1_5' title="bbox 1210 182 2207 1963">
    <p class='ocr_par' dir='ltr' id='par_1_5' title="bbox 1210 182 2206 1222">
     <span class='ocr_line' id='line_1_48' title="bbox 1210 182 2198 254; baseline 0.001 -16"><span class='ocrx_word' id='word_1_250' title='bbox 1210 186 1420 239; x_wconf 85' lang='lat' dir='ltr'>credere</span> <span class='ocrx_word' id='word_1_251' title='bbox 1447 182 1655 247; x_wconf 86' lang='lat' dir='ltr'>sufficit,</span> <span class='ocrx_word' id='word_1_252' title='bbox 1697 186 1768 254; x_wconf 74' lang='lat' dir='ltr'>ita</span> <span class='ocrx_word' id='word_1_253' title='bbox 1805 191 2002 248; x_wconf 82' lang='lat' dir='ltr'>tamen,</span> <span class='ocrx_word' id='word_1_254' title='bbox 2046 189 2104 238; x_wconf 87' lang='lat' dir='ltr'>ut</span> <span class='ocrx_word' id='word_1_255' title='bbox 2131 184 2198 240; x_wconf 86' lang='lat' dir='ltr'>ab</span> 
     </span>
     <span class='ocr_line' id='line_1_49' title="bbox 1212 258 2201 329; baseline 0 -17"><span class='ocrx_word' id='word_1_256' title='bbox 1212 261 1306 312; x_wconf 87' lang='lat' dir='ltr'>hac</span> <span class='ocrx_word' id='word_1_257' title='bbox 1333 258 1579 328; x_wconf 88' lang='lat' dir='ltr'>implicita</span> <span class='ocrx_word' id='word_1_258' title='bbox 1607 258 1706 312; x_wconf 86' lang='lat' dir='ltr'>fide</span> <span class='ocrx_word' id='word_1_259' title='bbox 1727 275 1793 312; x_wconf 88' lang='lat' dir='ltr'>nc</span> <span class='ocrx_word' id='word_1_260' title='bbox 1809 275 1973 313; x_wconf 88' lang='lat' dir='ltr'>unum</span> <span class='ocrx_word' id='word_1_261' title='bbox 1992 260 2201 329; x_wconf 89' lang='lat' dir='ltr'>quidem</span> 
     </span>
     <span class='ocr_line' id='line_1_50' title="bbox 1211 333 2200 402; baseline 0.001 -16"><span class='ocrx_word' id='word_1_262' title='bbox 1211 335 1394 401; x_wconf 81' lang='lat' dir='ltr'>dogma</span> <span class='ocrx_word' id='word_1_263' title='bbox 1426 333 1675 402; x_wconf 73' lang='lat' dir='ltr'>‚excipere</span> <span class='ocrx_word' id='word_1_264' title='bbox 1701 334 1874 388; x_wconf 89' lang='lat' dir='ltr'>liceat.</span> <span class='ocrx_word' id='word_1_265' title='bbox 1907 335 1972 388; x_wconf 85' lang='lat' dir='ltr'>Et</span> <span class='ocrx_word' id='word_1_266' title='bbox 1996 350 2062 387; x_wconf 82' lang='lat' dir='ltr'>ex</span> <span class='ocrx_word' id='word_1_267' title='bbox 2102 334 2200 387; x_wconf 90' lang='lat' dir='ltr'>hoc</span> 
     </span>
     <span class='ocr_line' id='line_1_51' title="bbox 1214 407 2201 477; baseline 0 -16"><span class='ocrx_word' id='word_1_268' title='bbox 1214 415 1352 475; x_wconf 89' lang='lat' dir='ltr'>patet</span> <span class='ocrx_word' id='word_1_269' title='bbox 1379 407 1676 470; x_wconf 87' lang='lat' dir='ltr'>discrimen,</span> <span class='ocrx_word' id='word_1_270' title='bbox 1701 409 1835 477; x_wconf 90' lang='lat' dir='ltr'>quod</span> <span class='ocrx_word' id='word_1_271' title='bbox 1862 409 1998 461; x_wconf 88' lang='lat' dir='ltr'>inter</span> <span class='ocrx_word' id='word_1_272' title='bbox 2023 424 2201 461; x_wconf 87' lang='lat' dir='ltr'>recen-</span> 
     </span>
     <span class='ocr_line' id='line_1_52' title="bbox 1211 482 2201 544; baseline 0.002 -11"><span class='ocrx_word' id='word_1_273' title='bbox 1211 483 1360 534; x_wconf 86' lang='lat' dir='ltr'>sitam</span> <span class='ocrx_word' id='word_1_274' title='bbox 1390 482 1771 535; x_wconf 89' lang='lat' dir='ltr'>distinctionem</span> <span class='ocrx_word' id='word_1_275' title='bbox 1798 482 2125 544; x_wconf 86' lang='lat' dir='ltr'>catholicam,</span> <span class='ocrx_word' id='word_1_276' title='bbox 2148 489 2201 535; x_wconf 85' lang='lat' dir='ltr'>et</span> 
     </span>
     <span class='ocr_line' id='line_1_53' title="bbox 1212 556 2202 622; baseline 0.001 -15"><span class='ocrx_word' id='word_1_277' title='bbox 1212 557 1346 622; x_wconf 17' lang='lat' dir='ltr'>inte-r</span> <span class='ocrx_word' id='word_1_278' title='bbox 1386 556 1770 609; x_wconf 87' lang='lat' dir='ltr'>distinctionem</span> <span class='ocrx_word' id='word_1_279' title='bbox 1799 557 2202 610; x_wconf 84' lang='lat' dir='ltr'>Protestantium</span> 
     </span>
     <span class='ocr_line' id='line_1_54' title="bbox 1215 629 2201 699; baseline 0 -17"><span class='ocrx_word' id='word_1_280' title='bbox 1215 632 1261 682; x_wconf 91' lang='lat' dir='ltr'>in</span> <span class='ocrx_word' id='word_1_281' title='bbox 1291 629 1526 683; x_wconf 78' lang='lat' dir='ltr'>articulos</span> <span class='ocrx_word' id='word_1_282' title='bbox 1551 631 1936 698; x_wconf 76' lang='lat' dir='ltr'>fundamentales</span> <span class='ocrx_word' id='word_1_283' title='bbox 1957 671 1971 699; x_wconf 91' lang='lat'>,</span> <span class='ocrx_word' id='word_1_284' title='bbox 2011 638 2063 684; x_wconf 91' lang='lat' dir='ltr'>et</span> <span class='ocrx_word' id='word_1_285' title='bbox 2099 646 2201 684; x_wconf 83' lang='lat' dir='ltr'>non</span> 
     </span>
     <span class='ocr_line' id='line_1_55' title="bbox 1211 704 2202 772; baseline 0.001 -16"><span class='ocrx_word' id='word_1_286' title='bbox 1211 704 1598 772; x_wconf 71' lang='lat' dir='ltr'>fundamentales</span> <span class='ocrx_word' id='word_1_287' title='bbox 1653 706 1977 759; x_wconf 88' lang='lat' dir='ltr'>observatur.</span> <span class='ocrx_word' id='word_1_288' title='bbox 2044 705 2202 758; x_wconf 83' lang='lat' dir='ltr'>Juxta</span> 
     </span>
     <span class='ocr_line' id='line_1_56' title="bbox 1215 778 2201 833; baseline 0 -3"><span class='ocrx_word' id='word_1_289' title='bbox 1215 779 1564 832; x_wconf 87' lang='lat' dir='ltr'>Protestantes</span> <span class='ocrx_word' id='word_1_290' title='bbox 1631 780 1770 831; x_wconf 87' lang='lat' dir='ltr'>enim</span> <span class='ocrx_word' id='word_1_291' title='bbox 1827 778 2034 833; x_wconf 87' lang='lat' dir='ltr'>articuli</span> <span class='ocrx_word' id='word_1_292' title='bbox 2097 794 2201 831; x_wconf 89' lang='lat' dir='ltr'>non</span> 
     </span>
     <span class='ocr_line' id='line_1_57' title="bbox 1214 853 2205 921; baseline 0 -17"><span class='ocrx_word' id='word_1_293' title='bbox 1214 853 1626 906; x_wconf 79' lang='lat' dir='ltr'>fundamentales</span> <span class='ocrx_word' id='word_1_294' title='bbox 1653 854 1763 906; x_wconf 91' lang='lat' dir='ltr'>sine</span> <span class='ocrx_word' id='word_1_295' title='bbox 1790 854 1972 907; x_wconf 87' lang='lat' dir='ltr'>salutis</span> <span class='ocrx_word' id='word_1_296' title='bbox 1999 853 2205 921; x_wconf 85' lang='lat' dir='ltr'>dispen-</span> 
     </span>
     <span class='ocr_line' id='line_1_58' title="bbox 1214 928 2203 996; baseline 0.001 -17"><span class='ocrx_word' id='word_1_297' title='bbox 1214 928 1293 980; x_wconf 90' lang='lat' dir='ltr'>dio</span> <span class='ocrx_word' id='word_1_298' title='bbox 1324 944 1425 980; x_wconf 92' lang='lat' dir='ltr'>non</span> <span class='ocrx_word' id='word_1_299' title='bbox 1457 928 1622 980; x_wconf 90' lang='lat' dir='ltr'>solum</span> <span class='ocrx_word' id='word_1_300' title='bbox 1647 929 1893 996; x_wconf 90' lang='lat' dir='ltr'>ignorari,</span> <span class='ocrx_word' id='word_1_301' title='bbox 1924 929 2013 982; x_wconf 90' lang='lat' dir='ltr'>sed</span> <span class='ocrx_word' id='word_1_302' title='bbox 2042 935 2094 980; x_wconf 88' lang='lat' dir='ltr'>et</span> <span class='ocrx_word' id='word_1_303' title='bbox 2115 943 2203 980; x_wconf 87' lang='lat' dir='ltr'>ne-</span> 
     </span>
     <span class='ocr_line' id='line_1_59' title="bbox 1213 1003 2201 1072; baseline 0 -19"><span class='ocrx_word' id='word_1_304' title='bbox 1213 1003 1322 1069; x_wconf 89' lang='lat' dir='ltr'>gari</span> <span class='ocrx_word' id='word_1_305' title='bbox 1374 1009 1623 1070; x_wconf 85' lang='lat' dir='ltr'>possunt3</span> <span class='ocrx_word' id='word_1_306' title='bbox 1668 1018 1760 1071; x_wconf 90' lang='lat' dir='ltr'>per</span> <span class='ocrx_word' id='word_1_307' title='bbox 1797 1019 1953 1072; x_wconf 90' lang='lat' dir='ltr'>quam</span> <span class='ocrx_word' id='word_1_308' title='bbox 1991 1008 2201 1056; x_wconf 89' lang='lat' dir='ltr'>senten·</span> 
     </span>
     <span class='ocr_line' id='line_1_60' title="bbox 1214 1076 2206 1145; baseline 0 -17"><span class='ocrx_word' id='word_1_309' title='bbox 1214 1078 1336 1129; x_wconf 87' lang='lat' dir='ltr'>tiam</span> <span class='ocrx_word' id='word_1_310' title='bbox 1376 1078 1480 1129; x_wconf 90' lang='lat' dir='ltr'>Deo</span> <span class='ocrx_word' id='word_1_311' title='bbox 1534 1077 1788 1130; x_wconf 87' lang='lat' dir='ltr'>revelanti</span> <span class='ocrx_word' id='word_1_312' title='bbox 1827 1085 1979 1131; x_wconf 88' lang='lat' dir='ltr'>atrox</span> <span class='ocrx_word' id='word_1_313' title='bbox 2016 1076 2206 1145; x_wconf 87' lang='lat' dir='ltr'>injuria</span> 
     </span>
     <span class='ocr_line' id='line_1_61' title="bbox 1214 1149 1559 1222; baseline 0.003 -20"><span class='ocrx_word' id='word_1_314' title='bbox 1214 1152 1431 1203; x_wconf 78' lang='lat' dir='ltr'>insertur</span> <span class='ocrx_word' id='word_1_315' title='bbox 1461 1149 1559 1222; x_wconf 81' lang='lat'>(5).</span> 
     </span>
    </p>

    <p class='ocr_par' dir='ltr' id='par_1_6' title="bbox 1213 1223 2207 1963">
     <span class='ocr_line' id='line_1_62' title="bbox 1286 1223 2204 1294; baseline 0 -17"><span class='ocrx_word' id='word_1_316' title='bbox 1286 1225 1436 1277; x_wconf 87' lang='lat' dir='ltr'>Nota.</span> <span class='ocrx_word' id='word_1_317' title='bbox 1468 1226 1619 1277; x_wconf 82' lang='lat' dir='ltr'>quta</span> <span class='ocrx_word' id='word_1_318' title='bbox 1639 1223 1929 1277; x_wconf 87' lang='lat' dir='ltr'>Catholicos</span> <span class='ocrx_word' id='word_1_319' title='bbox 1950 1223 2204 1294; x_wconf 85' lang='lat' dir='ltr'>quaedam</span> 
     </span>
     <span class='ocr_line' id='line_1_63' title="bbox 1216 1299 2206 1370; baseline 0 -20"><span class='ocrx_word' id='word_1_320' title='bbox 1216 1299 1455 1366; x_wconf 78' lang='lat' dir='ltr'>dogmata</span> <span class='ocrx_word' id='word_1_321' title='bbox 1494 1299 1663 1352; x_wconf 84' lang='lat' dir='ltr'>solent</span> <span class='ocrx_word' id='word_1_322' title='bbox 1702 1299 1906 1352; x_wconf 82' lang='lat' dir='ltr'>articuli</span> <span class='ocrx_word' id='word_1_323' title='bbox 1932 1299 2045 1370; x_wconf 81' lang='lat' dir='ltr'>fidei</span> <span class='ocrx_word' id='word_1_324' title='bbox 2073 1313 2206 1350; x_wconf 92' lang='lat' dir='ltr'>nun-</span> 
     </span>
     <span class='ocr_line' id='line_1_64' title="bbox 1215 1374 2207 1442; baseline 0 -18"><span class='ocrx_word' id='word_1_325' title='bbox 1215 1375 1420 1440; x_wconf 88' lang='lat' dir='ltr'>cupari,</span> <span class='ocrx_word' id='word_1_326' title='bbox 1466 1390 1526 1426; x_wconf 90' lang='lat' dir='ltr'>ea</span> <span class='ocrx_word' id='word_1_327' title='bbox 1569 1374 1845 1434; x_wconf 89' lang='lat' dir='ltr'>nimirum,</span> <span class='ocrx_word' id='word_1_328' title='bbox 1899 1388 2033 1442; x_wconf 87' lang='lat' dir='ltr'>quae</span> <span class='ocrx_word' id='word_1_329' title='bbox 2084 1380 2207 1426; x_wconf 89' lang='lat' dir='ltr'>sunt</span> 
     </span>
     <span class='ocr_line' id='line_1_65' title="bbox 1217 1446 2206 1516; baseline 0 -17"><span class='ocrx_word' id='word_1_330' title='bbox 1217 1446 1537 1515; x_wconf 84' lang='lat' dir='ltr'>principalia,</span> <span class='ocrx_word' id='word_1_331' title='bbox 1575 1448 1818 1516; x_wconf 83' lang='lat' dir='ltr'>explicite</span> <span class='ocrx_word' id='word_1_332' title='bbox 1840 1447 2121 1509; x_wconf 88' lang='lat' dir='ltr'>credenda,</span> <span class='ocrx_word' id='word_1_333' title='bbox 2152 1453 2206 1499; x_wconf 89' lang='lat' dir='ltr'>et</span> 
     </span>
     <span class='ocr_line' id='line_1_66' title="bbox 1217 1522 2207 1589; baseline 0 -16"><span class='ocrx_word' id='word_1_334' title='bbox 1217 1522 1363 1589; x_wconf 85' lang='lat' dir='ltr'>plura</span> <span class='ocrx_word' id='word_1_335' title='bbox 1390 1522 1486 1575; x_wconf 87' lang='lat' dir='ltr'>sub</span> <span class='ocrx_word' id='word_1_336' title='bbox 1529 1538 1583 1574; x_wconf 91' lang='lat' dir='ltr'>se</span> <span class='ocrx_word' id='word_1_337' title='bbox 1624 1522 1725 1575; x_wconf 89' lang='lat' dir='ltr'>alia</span> <span class='ocrx_word' id='word_1_338' title='bbox 1760 1523 2000 1588; x_wconf 83' lang='lat' dir='ltr'>dogmata</span> <span class='ocrx_word' id='word_1_339' title='bbox 2040 1522 2207 1574; x_wconf 88' lang='lat' dir='ltr'>conti-</span> 
     </span>
     <span class='ocr_line' id='line_1_67' title="bbox 1217 1595 2206 1660; baseline -0.001 -13"><span class='ocrx_word' id='word_1_340' title='bbox 1217 1603 1369 1660; x_wconf 85' lang='lat' dir='ltr'>nent3</span> <span class='ocrx_word' id='word_1_341' title='bbox 1414 1596 1544 1648; x_wconf 86' lang='lat' dir='ltr'>tales</span> <span class='ocrx_word' id='word_1_342' title='bbox 1583 1602 1705 1648; x_wconf 85' lang='lat' dir='ltr'>sunt</span> <span class='ocrx_word' id='word_1_343' title='bbox 1742 1595 1948 1649; x_wconf 88' lang='lat' dir='ltr'>articuli</span> <span class='ocrx_word' id='word_1_344' title='bbox 1976 1602 2206 1650; x_wconf 81' lang='lat' dir='ltr'>contenti</span> 
     </span>
     <span class='ocr_line' id='line_1_68' title="bbox 1215 1669 2207 1739; baseline 0.001 -18"><span class='ocrx_word' id='word_1_345' title='bbox 1215 1671 1263 1721; x_wconf 88' lang='lat' dir='ltr'>in</span> <span class='ocrx_word' id='word_1_346' title='bbox 1292 1670 1554 1739; x_wconf 90' lang='lat' dir='ltr'>symbolo,</span> <span class='ocrx_word' id='word_1_347' title='bbox 1598 1670 1733 1738; x_wconf 91' lang='lat' dir='ltr'>quod</span> <span class='ocrx_word' id='word_1_348' title='bbox 1773 1670 2004 1723; x_wconf 88' lang='lat' dir='ltr'>Ecclesia</span> <span class='ocrx_word' id='word_1_349' title='bbox 2043 1669 2207 1722; x_wconf 89' lang='lat' dir='ltr'>fideli·</span> 
     </span>
     <span class='ocr_line' id='line_1_69' title="bbox 1214 1743 2206 1812; baseline 0.002 -17"><span class='ocrx_word' id='word_1_350' title='bbox 1214 1745 1308 1796; x_wconf 86' lang='lat' dir='ltr'>bus</span> <span class='ocrx_word' id='word_1_351' title='bbox 1354 1743 1671 1796; x_wconf 88' lang='lat' dir='ltr'>credendum</span> <span class='ocrx_word' id='word_1_352' title='bbox 1728 1745 1984 1812; x_wconf 90' lang='lat' dir='ltr'>proponit.</span> <span class='ocrx_word' id='word_1_353' title='bbox 2028 1744 2206 1808; x_wconf 88' lang='lat' dir='ltr'>Quoad</span> 
     </span>
     <span class='ocr_line' id='line_1_70' title="bbox 1213 1818 2206 1871; baseline 0.001 -1"><span class='ocrx_word' id='word_1_354' title='bbox 1213 1818 1556 1870; x_wconf 80' lang='lat' dir='ltr'>substantiam</span> <span class='ocrx_word' id='word_1_355' title='bbox 1583 1825 1758 1870; x_wconf 89' lang='lat' dir='ltr'>autem</span> <span class='ocrx_word' id='word_1_356' title='bbox 1795 1819 2001 1871; x_wconf 87' lang='lat' dir='ltr'>articuli</span> <span class='ocrx_word' id='word_1_357' title='bbox 2030 1819 2148 1871; x_wconf 86' lang='lat' dir='ltr'>fidei</span> <span class='ocrx_word' id='word_1_358' title='bbox 2175 1835 2206 1871; x_wconf 90' lang='lat' dir='ltr'>a</span> 
     </span>
     <span class='ocr_line' id='line_1_71' title="bbox 1213 1892 2205 1963; baseline 0.003 -20"><span class='ocrx_word' id='word_1_359' title='bbox 1213 1893 1398 1944; x_wconf 87' lang='lat' dir='ltr'>ceteris</span> <span class='ocrx_word' id='word_1_360' title='bbox 1414 1892 1742 1963; x_wconf 85' lang='lat' dir='ltr'>dogmatibus</span> <span class='ocrx_word' id='word_1_361' title='bbox 1758 1908 1858 1945; x_wconf 90' lang='lat' dir='ltr'>non</span> <span class='ocrx_word' id='word_1_362' title='bbox 1881 1893 2205 1963; x_wconf 89' lang='lat' dir='ltr'>distinguun-</span> 
     </span>
    </p>
   </div>
   <div class='ocr_carea' id='block_1_6' title="bbox 1214 1966 2290 2037">
    <p class='ocr_par' dir='ltr' id='par_1_7' title="bbox 1214 1966 2290 2037">
     <span class='ocr_line' id='line_1_72' title="bbox 1214 1966 2290 2037; baseline 0.003 -19"><span class='ocrx_word' id='word_1_363' title='bbox 1214 1974 1328 2031; x_wconf 80' lang='lat' dir='ltr'>tur3</span> <span class='ocrx_word' id='word_1_364' title='bbox 1373 1974 1424 2018; x_wconf 90' lang='lat' dir='ltr'>et</span> <span class='ocrx_word' id='word_1_365' title='bbox 1462 1967 1557 2019; x_wconf 89' lang='lat' dir='ltr'>suh</span> <span class='ocrx_word' id='word_1_366' title='bbox 1586 1966 1680 2018; x_wconf 92' lang='lat' dir='ltr'>hoc</span> <span class='ocrx_word' id='word_1_367' title='bbox 1708 1974 1948 2035; x_wconf 88' lang='lat' dir='ltr'>respectu</span> <span class='ocrx_word' id='word_1_368' title='bbox 1983 1968 2082 2020; x_wconf 90' lang='lat' dir='ltr'>dici</span> <span class='ocrx_word' id='word_1_369' title='bbox 2118 1985 2205 2037; x_wconf 88' lang='lat' dir='ltr'>po·</span> <span class='ocrx_word' id='word_1_370' title='bbox 2283 2030 2290 2036; x_wconf 31' lang='lat'><strong>⁴</strong></span> 
     </span>
    </p>
   </div>
   <div class='ocr_carea' id='block_1_7' title="bbox 1211 2041 2207 2333">
    <p class='ocr_par' dir='ltr' id='par_1_8' title="bbox 1211 2041 2207 2333">
     <span class='ocr_line' id='line_1_73' title="bbox 1212 2041 2206 2109; baseline 0.002 -16"><span class='ocrx_word' id='word_1_371' title='bbox 1212 2047 1332 2102; x_wconf 85' lang='lat' dir='ltr'>test,</span> <span class='ocrx_word' id='word_1_372' title='bbox 1365 2041 1499 2109; x_wconf 89' lang='lat' dir='ltr'>quod</span> <span class='ocrx_word' id='word_1_373' title='bbox 1526 2041 1697 2108; x_wconf 70' lang='lat' dir='ltr'>doqma</span> <span class='ocrx_word' id='word_1_374' title='bbox 1735 2041 2043 2102; x_wconf 77' lang='lat' dir='ltr'>catholicum,</span> <span class='ocrx_word' id='word_1_375' title='bbox 2083 2043 2206 2095; x_wconf 82' lang='lat' dir='ltr'>arti-</span> 
     </span>
     <span class='ocr_line' id='line_1_74' title="bbox 1211 2114 2206 2185; baseline 0.003 -18"><span class='ocrx_word' id='word_1_376' title='bbox 1211 2115 1349 2167; x_wconf 80' lang='lat' dir='ltr'>culus</span> <span class='ocrx_word' id='word_1_377' title='bbox 1375 2114 1509 2184; x_wconf 78' lang='lat' dir='ltr'>fidei,</span> <span class='ocrx_word' id='word_1_378' title='bbox 1552 2115 1776 2169; x_wconf 82' lang='lat' dir='ltr'>doctrina</span> <span class='ocrx_word' id='word_1_379' title='bbox 1803 2116 1857 2168; x_wconf 84' lang='lat' dir='ltr'>de</span> <span class='ocrx_word' id='word_1_380' title='bbox 1885 2117 1996 2185; x_wconf 83' lang='lat' dir='ltr'>fide,</span> <span class='ocrx_word' id='word_1_381' title='bbox 2022 2118 2206 2170; x_wconf 81' lang='lat' dir='ltr'>veritas</span> 
     </span>
     <span class='ocr_line' id='line_1_75' title="bbox 1211 2189 2207 2258; baseline 0.001 -16"><span class='ocrx_word' id='word_1_382' title='bbox 1211 2189 1323 2258; x_wconf 79' lang='lat' dir='ltr'>fidei</span> <span class='ocrx_word' id='word_1_383' title='bbox 1349 2191 1452 2241; x_wconf 88' lang='lat' dir='ltr'>sint</span> <span class='ocrx_word' id='word_1_384' title='bbox 1469 2191 1846 2256; x_wconf 83' lang='lat' dir='ltr'>expressioneS,</span> <span class='ocrx_word' id='word_1_385' title='bbox 1866 2205 2027 2244; x_wconf 91' lang='lat' dir='ltr'>unum</span> <span class='ocrx_word' id='word_1_386' title='bbox 2045 2190 2207 2245; x_wconf 89' lang='lat' dir='ltr'>idem-</span> 
     </span>
     <span class='ocr_line' id='line_1_76' title="bbox 1212 2263 1687 2333; baseline 0 -17"><span class='ocrx_word' id='word_1_387' title='bbox 1212 2279 1312 2333; x_wconf 92' lang='lat' dir='ltr'>que</span> <span class='ocrx_word' id='word_1_388' title='bbox 1338 2263 1687 2332; x_wconf 73' lang='lat' dir='ltr'>designantes..</span> 
     </span>
    </p>
   </div>
   <div class='ocr_carea' id='block_1_8' title="bbox 1642 2403 1766 2462">
    <p class='ocr_par' dir='ltr' id='par_1_9' title="bbox 1642 2403 1766 2462">
     <span class='ocr_line' id='line_1_77' title="bbox 1642 2403 1766 2462; baseline 0.008 -14"><span class='ocrx_word' id='word_1_389' title='bbox 1642 2403 1766 2462; x_wconf 54' lang='lat' dir='ltr'>§a</span> 
     </span>
    </p>
   </div>
   <div class='ocr_carea' id='block_1_9' title="bbox 1211 2498 2323 3444">
    <p class='ocr_par' dir='ltr' id='par_1_10' title="bbox 1332 2498 2096 2594">
     <span class='ocr_line' id='line_1_78' title="bbox 1332 2498 2096 2537; baseline 0.004 -4"><span class='ocrx_word' id='word_1_390' title='bbox 1332 2500 1383 2535; x_wconf 91' lang='lat' dir='ltr'>De</span> <span class='ocrx_word' id='word_1_391' title='bbox 1406 2499 1620 2535; x_wconf 85' lang='lat' dir='ltr'>veritatibus</span> <span class='ocrx_word' id='word_1_392' title='bbox 1641 2498 1821 2535; x_wconf 83' lang='lat' dir='ltr'>indirecte</span> <span class='ocrx_word' id='word_1_393' title='bbox 1844 2508 1911 2536; x_wconf 88' lang='lat' dir='ltr'>seu</span> <span class='ocrx_word' id='word_1_394' title='bbox 1934 2500 2096 2537; x_wconf 77' lang='lat' dir='ltr'>mediate</span> 
     </span>
     <span class='ocr_line' id='line_1_79' title="bbox 1613 2558 1796 2594; baseline -0.011 -1"><span class='ocrx_word' id='word_1_395' title='bbox 1613 2558 1796 2594; x_wconf 84' lang='lat' dir='ltr'>revelatis.</span> 
     </span>
    </p>

    <p class='ocr_par' dir='ltr' id='par_1_11' title="bbox 1211 2634 2323 3365">
     <span class='ocr_line' id='line_1_80' title="bbox 1284 2634 2206 2703; baseline 0.002 -17"><span class='ocrx_word' id='word_1_396' title='bbox 1284 2634 1355 2686; x_wconf 85' lang='lat' dir='ltr'>Ex</span> <span class='ocrx_word' id='word_1_397' title='bbox 1408 2635 1668 2703; x_wconf 86' lang='lat' dir='ltr'>principiis</span> <span class='ocrx_word' id='word_1_398' title='bbox 1709 2636 1863 2688; x_wconf 88' lang='lat' dir='ltr'>certis</span> <span class='ocrx_word' id='word_1_399' title='bbox 1890 2636 2206 2690; x_wconf 88' lang='lat' dir='ltr'>consectaria</span> 
     </span>
     <span class='ocr_line' id='line_1_81' title="bbox 1212 2708 2206 2780; baseline 0.005 -21"><span class='ocrx_word' id='word_1_400' title='bbox 1212 2708 1395 2761; x_wconf 89' lang='lat' dir='ltr'>deduci</span> <span class='ocrx_word' id='word_1_401' title='bbox 1418 2750 1430 2771; x_wconf 98' lang='lat'>,</span> <span class='ocrx_word' id='word_1_402' title='bbox 1461 2714 1513 2760; x_wconf 90' lang='lat' dir='ltr'>et</span> <span class='ocrx_word' id='word_1_403' title='bbox 1532 2710 1781 2762; x_wconf 87' lang='lat' dir='ltr'>veritates</span> <span class='ocrx_word' id='word_1_404' title='bbox 1808 2709 1938 2763; x_wconf 90' lang='lat' dir='ltr'>alias</span> <span class='ocrx_word' id='word_1_405' title='bbox 1963 2711 2206 2780; x_wconf 88' lang='lat' dir='ltr'>cognosci</span> 
     </span>
     <span class='ocr_line' id='line_1_82' title="bbox 1215 2783 2200 2853; baseline 0.004 -19"><span class='ocrx_word' id='word_1_406' title='bbox 1215 2798 1361 2849; x_wconf 90' lang='lat' dir='ltr'>posse</span> <span class='ocrx_word' id='word_1_407' title='bbox 1388 2823 1401 2844; x_wconf 90' lang='lat'>‚</span> <span class='ocrx_word' id='word_1_408' title='bbox 1445 2783 1613 2836; x_wconf 92' lang='lat' dir='ltr'>omnis</span> <span class='ocrx_word' id='word_1_409' title='bbox 1663 2783 1991 2853; x_wconf 88' lang='lat' dir='ltr'>Philosophia</span> <span class='ocrx_word' id='word_1_410' title='bbox 2032 2785 2200 2838; x_wconf 87' lang='lat' dir='ltr'>docet.</span> 
     </span>
     <span class='ocr_line' id='line_1_83' title="bbox 1211 2856 2205 2927; baseline 0.003 -19"><span class='ocrx_word' id='word_1_411' title='bbox 1211 2856 1403 2909; x_wconf 88' lang='lat' dir='ltr'>Eodem</span> <span class='ocrx_word' id='word_1_412' title='bbox 1444 2857 1594 2910; x_wconf 91' lang='lat' dir='ltr'>modo</span> <span class='ocrx_word' id='word_1_413' title='bbox 1621 2873 1688 2910; x_wconf 88' lang='lat' dir='ltr'>ex</span> <span class='ocrx_word' id='word_1_414' title='bbox 1715 2858 2041 2927; x_wconf 88' lang='lat' dir='ltr'>dogmatibus</span> <span class='ocrx_word' id='word_1_415' title='bbox 2075 2858 2205 2911; x_wconf 92' lang='lat' dir='ltr'>divi-</span> 
     </span>
     <span class='ocr_line' id='line_1_84' title="bbox 1215 2931 2205 3001; baseline 0.004 -20"><span class='ocrx_word' id='word_1_416' title='bbox 1215 2932 1351 2983; x_wconf 89' lang='lat' dir='ltr'>nitus</span> <span class='ocrx_word' id='word_1_417' title='bbox 1379 2931 1621 2984; x_wconf 73' lang='lat' dir='ltr'>revelatis</span> <span class='ocrx_word' id='word_1_418' title='bbox 1647 2947 1737 2999; x_wconf 88' lang='lat' dir='ltr'>per</span> <span class='ocrx_word' id='word_1_419' title='bbox 1765 2932 2048 3001; x_wconf 90' lang='lat' dir='ltr'>legitimam</span> <span class='ocrx_word' id='word_1_420' title='bbox 2082 2948 2205 2998; x_wconf 85' lang='lat' dir='ltr'>con-</span> 
     </span>
     <span class='ocr_line' id='line_1_85' title="bbox 1212 3005 2197 3073; baseline 0.003 -17"><span class='ocrx_word' id='word_1_421' title='bbox 1212 3006 1532 3073; x_wconf 87' lang='lat' dir='ltr'>sequentiam</span> <span class='ocrx_word' id='word_1_422' title='bbox 1547 3005 1677 3058; x_wconf 89' lang='lat' dir='ltr'>alias</span> <span class='ocrx_word' id='word_1_423' title='bbox 1692 3006 1937 3058; x_wconf 85' lang='lat' dir='ltr'>veritates</span> <span class='ocrx_word' id='word_1_424' title='bbox 1953 3006 2197 3069; x_wconf 83' lang='lat' dir='ltr'>derivari,</span> 
     </span>
     <span class='ocr_line' id='line_1_86' title="bbox 1213 3078 2202 3147; baseline 0.003 -16"><span class='ocrx_word' id='word_1_425' title='bbox 1213 3094 1391 3131; x_wconf 86' lang='lat' dir='ltr'>omnes</span> <span class='ocrx_word' id='word_1_426' title='bbox 1429 3078 1669 3147; x_wconf 89' lang='lat' dir='ltr'>Theologi</span> <span class='ocrx_word' id='word_1_427' title='bbox 1709 3079 2010 3134; x_wconf 89' lang='lat' dir='ltr'>admittunt.</span> <span class='ocrx_word' id='word_1_428' title='bbox 2036 3080 2202 3144; x_wconf 88' lang='lat' dir='ltr'>Quae·-</span> 
     </span>
     <span class='ocr_line' id='line_1_87' title="bbox 1213 3153 2200 3222; baseline 0.004 -19"><span class='ocrx_word' id='word_1_429' title='bbox 1213 3155 1346 3204; x_wconf 89' lang='lat' dir='ltr'>ritur</span> <span class='ocrx_word' id='word_1_430' title='bbox 1372 3158 1567 3218; x_wconf 84' lang='lat' dir='ltr'>autem,</span> <span class='ocrx_word' id='word_1_431' title='bbox 1598 3169 1665 3205; x_wconf 90' lang='lat' dir='ltr'>an</span> <span class='ocrx_word' id='word_1_432' title='bbox 1693 3159 1745 3205; x_wconf 91' lang='lat' dir='ltr'>et</span> <span class='ocrx_word' id='word_1_433' title='bbox 1769 3153 1974 3222; x_wconf 91' lang='lat' dir='ltr'>quando</span> <span class='ocrx_word' id='word_1_434' title='bbox 2012 3155 2200 3207; x_wconf 86' lang='lat' dir='ltr'>verita-</span> 
     </span>
     <span class='ocr_line' id='line_1_88' title="bbox 1214 3226 2197 3295; baseline 0.005 -18"><span class='ocrx_word' id='word_1_435' title='bbox 1214 3232 1291 3278; x_wconf 89' lang='lat' dir='ltr'>tes</span> <span class='ocrx_word' id='word_1_436' title='bbox 1313 3227 1460 3287; x_wconf 87' lang='lat' dir='ltr'>istae‚</span> <span class='ocrx_word' id='word_1_437' title='bbox 1491 3242 1553 3278; x_wconf 85' lang='lat' dir='ltr'>ex</span> <span class='ocrx_word' id='word_1_438' title='bbox 1579 3227 1905 3295; x_wconf 88' lang='lat' dir='ltr'>dogmatibus</span> <span class='ocrx_word' id='word_1_439' title='bbox 1925 3226 2197 3292; x_wconf 87' lang='lat' dir='ltr'>deductae,</span> 
     </span>
     <span class='ocr_line' id='line_1_89' title="bbox 1215 3299 2323 3365; baseline 0.005 -14"><span class='ocrx_word' id='word_1_440' title='bbox 1215 3299 1278 3352; x_wconf 91' lang='lat' dir='ltr'>de</span> <span class='ocrx_word' id='word_1_441' title='bbox 1304 3299 1404 3351; x_wconf 89' lang='lat' dir='ltr'>fide</span> <span class='ocrx_word' id='word_1_442' title='bbox 1427 3300 1532 3352; x_wconf 89' lang='lat' dir='ltr'>sint</span> <span class='ocrx_word' id='word_1_443' title='bbox 1556 3300 1846 3354; x_wconf 86' lang='lat' dir='ltr'>credendae</span> <span class='ocrx_word' id='word_1_444' title='bbox 1874 3299 1901 3354; x_wconf 77' lang='lat'>⁵?</span> <span class='ocrx_word' id='word_1_445' title='bbox 2287 3358 2323 3365; x_wconf 66' lang='grc'>,,</span> 
     </span>
    </p>

    <p class='ocr_par' dir='ltr' id='par_1_12' title="bbox 1289 3371 2318 3444">
     <span class='ocr_line' id='line_1_90' title="bbox 1289 3371 2318 3444; baseline 0.003 -18"><span class='ocrx_word' id='word_1_446' title='bbox 1289 3374 1342 3426; x_wconf 72' lang='lat' dir='ltr'>l.</span> <span class='ocrx_word' id='word_1_447' title='bbox 1380 3372 1574 3427; x_wconf 86' lang='lat' dir='ltr'>Graves</span> <span class='ocrx_word' id='word_1_448' title='bbox 1615 3373 1856 3444; x_wconf 89' lang='lat' dir='ltr'>Theologi</span> <span class='ocrx_word' id='word_1_449' title='bbox 1901 3373 2199 3441; x_wconf 85' lang='lat' dir='ltr'>affirmant,</span> <span class='ocrx_word' id='word_1_450' title='bbox 2238 3371 2241 3374; x_wconf 67' lang='grc'>’</span> <span class='ocrx_word' id='word_1_451' title='bbox 2311 3409 2318 3429; x_wconf 75' lang='grc'>.</span> 
     </span>
    </p>
   </div>
   <div class='ocr_carea' id='block_1_10' title="bbox 1258 3472 1905 3522">
    <p class='ocr_par' dir='ltr' id='par_1_13' title="bbox 1258 3472 1905 3522">
     <span class='ocr_line' id='line_1_91' title="bbox 1258 3472 1905 3522; baseline 0 -11"><span class='ocrx_word' id='word_1_452' title='bbox 1258 3472 1311 3520; x_wconf 76' lang='grc'>(3)</span> <span class='ocrx_word' id='word_1_453' title='bbox 1335 3474 1388 3511; x_wconf 70' lang='lat' dir='ltr'>Cf.</span> <span class='ocrx_word' id='word_1_454' title='bbox 1410 3474 1480 3513; x_wconf 78' lang='lat' dir='ltr'>Th.</span> <span class='ocrx_word' id='word_1_455' title='bbox 1502 3484 1606 3520; x_wconf 70' lang='lat' dir='ltr'>gen„</span> <span class='ocrx_word' id='word_1_456' title='bbox 1631 3473 1657 3522; x_wconf 74' lang='lat' dir='ltr'>S</span> <span class='ocrx_word' id='word_1_457' title='bbox 1681 3473 1760 3514; x_wconf 67' lang='lat'>294.</span> <span class='ocrx_word' id='word_1_458' title='bbox 1809 3507 1812 3509; x_wconf 80' lang='lat'>.</span> <span class='ocrx_word' id='word_1_459' title='bbox 1903 3487 1905 3489; x_wconf 53' lang='lat'><strong><em>¹</em></strong></span> 
     </span>
    </p>
   </div>
   <div class='ocr_carea' id='block_1_11' title="bbox 2088 3731 2332 3860">
    <p class='ocr_par' dir='ltr' id='par_1_14' title="bbox 2088 3731 2332 3860">
     <span class='ocr_line' id='line_1_92' title="bbox 2088 3731 2332 3860; baseline 0 0"><span class='ocrx_word' id='word_1_460' title='bbox 2088 3731 2332 3860; x_wconf 95' lang='lat' dir='ltr'> </span> 
     </span>
    </p>
   </div>
  </div>
 </body>
</html>
