2332 3860
0 210 27 280 i

0 327 51 365 ²1:

0 0 201 322 1

382 298 401 306 ό
460 245 667 304 §.¹8⁴¹-

11 374 45 402 .‚,
107 362 396 406 Argumentum
418 366 466 392 ex
487 353 690 399 consensu,
713 356 1007 401 definitionibus,

215 436 217 438 ·
251 436 318 467 et
339 430 443 476 praxi
465 429 647 467 Ecclesiae
664 435 841 467 sumtum.

98 524 417 600 Peccatum
457 543 709 612 originale
750 559 868 597 cum
922 545 1066 597 fune-

77 593 179 690 slis
203 619 331 672 su-is
346 618 612 674 effectibus
651 619 701 670 in
744 634 921 675 omnes
974 619 1064 670 bo-

37 690 238 747 mines
265 691 578 745 transfusum
601 708 733 754 esse,
760 693 811 745 in
835 691 1061 746 Ecclesia

16 746 320 834 3311101133
359 782 581 834 semper,
627 767 842 835 ubique,
884 772 936 819 et
998 768 1062 820 ab

25 899 27 901 ,
46 841 308 907 ,3133111113
345 841 598 896 creditum
633 847 728 909 est.

99 967 111 971 ,
151 915 201 967 l.
246 914 388 967 Hanc
427 913 577 966 fidem
619 915 668 966 in
711 913 939 967 Ecclesia
987 915 1060 966 vi-

79 990 275 1060 guisse,
341 1004 406 1041 ex
471 988 696 1041 haeresis
761 989 1061 1056 pelagianae

25 1080 48 1129 ,j
74 1063 280 1120 historia
322 1068 479 1131 patet.
512 1062 897 1130 Quamprimum
923 1064 1057 1114 enim

74 1135 308 1202 Pelagius
348 1142 401 1188 et
428 1135 713 1188 Caelestius
735 1137 917 1189 doecre
939 1145 1058 1189 sunt.

23 1255 43 1270 „
76 1212 203 1282 ausi,
247 1209 503 1263 Adamum
547 1211 805 1278 peccando
843 1211 936 1263 sibi
967 1212 1055 1263 soli

78 1283 328 1347 nocuisse,
374 1301 472 1336 non
503 1291 674 1336 autem
718 1286 932 1353 posteris
962 1286 1056 1337 nisi

35 1407 41 1415 ,
77 1358 308 1425 exemplo
347 1364 398 1410 et
437 1358 698 1420 scandale,
743 1366 895 1428 atque
948 1359 1058 1412 ideo

55 1494 58 1495 ⁷
76 1431 352 1493 infantibus
368 1432 568 1484 nullum
585 1440 850 1500 peccatum
873 1434 1057 1498 inesse,

75 1505 305 1576 catholici
345 1507 533 1575 ubique
574 1507 800 1559 locorum
826 1507 952 1560 tales
979 1524 1058 1559 as·

49 1581 323 1647 ,sei-‚tiones
387 1581 788 1643 exhorruerunt,
852 1589 902 1633 ct
973 1581 1058 1633 da-

70 1653 335 1719 mnarunt.
363 1654 461 1722 lpsi
490 1655 877 1709 haeresiarchae
907 1656 1059 1723 probe

78 1728 464 1791 intellexerunt,
508 1746 563 1782 se
628 1746 813 1782 novam
852 1730 1061 1782 doctri-

43 1817 226 1867 ⁴nam
241 1803 454 1867 asserre3
522 1805 852 1872 quamobrem
919 1819 1058 1855 more

56 1874 302 1938 illorum,
345 1878 427 1946 qui
469 1877 533 1930 ab
572 1879 782 1946 antiqua
834 1884 884 1931 et
922 1894 1058 1930 com·

33 1951 214 2015 ,muni
282 1950 511 2003 doctrina
575 1951 900 2015 desciscunt,
958 1969 1056 2003 non

45 2023 212 2076 -clare
251 2032 302 2077 et
360 2032 533 2094 aperte
598 2028 877 2079 sententias
940 2043 1060 2078 suas

85 2101 497 2166 pronuntiarunt,
528 2100 615 2151 sed
644 2101 869 2153 subdolis
911 2101 1059 2169 phra-

82 2172 221 2223 sibus
259 2179 308 2224 et
346 2174 598 2241 ambiguis
627 2176 836 2227 vocibus
882 2191 1060 2243 propo-

81 2253 312 2307 suerunt,
357 2253 408 2298 et
446 2264 645 2300 errores
677 2265 794 2301 suos
823 2249 1060 2301 hincinde

83 2318 488 2381 dissimularunt,
557 2322 625 2374 ita
666 2328 722 2375 ut
763 2330 868 2374 tum
911 2340 939 2374 a
982 2339 1062 2391 sy-

81 2394 209 2447 nodo
250 2393 616 2461 Diospolitana,
662 2403 768 2449 tum
810 2413 836 2447 a
866 2396 1061 2448 Zosimo

81 2466 142 2519 R.
185 2467 240 2521 P.
275 2476 532 2537 tamquam
555 2469 790 2522 catholici
814 2470 1062 2524 haberen-

82 2546 182 2595 tur.
225 2541 514 2604 Rationem,
569 2559 699 2612 quae
766 2543 1065 2610 Pelagianos

85 2615 143 2667 ad
185 2618 338 2669 talem
378 2616 564 2684 agendi
593 2619 842 2670 rationem
869 2619 1060 2685 adegit,

55 2699 57 2701 ’
85 2688 245 2742 reddit
270 2689 325 2742 S.
358 2690 701 2760 Hieronymus
729 2692 1060 2753 adseverans,

73 2761 217 2831 -ipsos
279 2765 529 2827 timuisse,
592 2782 656 2818 ne
694 2767 735 2818 si
778 2767 1062 2819 doctrinam

85 2850 226 2888 suam
289 2838 426 2890 clare
491 2840 794 2906 proferrent,
851 2857 880 2893 a
922 2841 1066 2909 plebe

85 2906 449 2978 lapidarentur.
511 2912 710 2965 Etenim
752 2913 883 2966 Dial.
945 2915 1062 2966 adv.

87 2980 259 3052 Pelag.
291 2984 371 3056 (1)
400 2984 694 3047 Critobolus,
738 2986 1071 3056 quiPelagia-

89 3068 267 3113 norum
308 3066 478 3127 partes
517 3061 756 3123 sustinet,
800 3062 868 3114 ita
911 3061 1083 3131 10331·

80 3133 204 3197 fitur:
250 3151 277 3181 «
307 3132 459 3202 Cupis
498 3149 600 3195 me,
644 3141 701 3187 ut
737 3134 801 3187 ad
854 3135 1082 3188 invidio-'

75 3205 365 3267 'sum-illud
406 3208 611 3259 veniam
650 3214 702 3260 et
741 3208 1067 3262 dicam'tibi:

90 3277 208 3345 quid
234 3278 394 3339 enim
414 3289 760 3349 peccaverunt
787 3282 1074 3354 (infantesfl

93 3354 356 3413 1111313133
395 3356 446 3407 13
487 3371 570 3408 me
613 3356 914 3423 populorum
951 3356 1074 3426 lapi-

94 3421 182 3511 des
217 3428 475 3494 coniicias,
517 3435 569 3483 et
587 3444 740 3500 quem
761 3431 952 3486 viribus
973 3446 1072 3485 non

90 3520 251 3567 ΜΝ
275 3512 330 3563 ΙἸ

565 191 567 194 <
600 198 603 201 -
649 214 652 219 1
695 169 814 207 PARS
849 170 902 207 ΙΙ.
947 168 1113 208 SECTlO
1154 171 1189 208 l.
1236 169 1388 215 carm·
1427 168 1498 206 w.

1128 257 1290 319 poteS,
1333 249 1601 302 voluntate
1628 247 1924 313 interficias.
1944 268 1989 299 s»
2025 247 2116 303 Cui

1127 324 1256 376 hene
1297 323 1483 379 ibidem
1511 322 1773 390 respondit
1795 320 2116 386 ,Catholicusz

1130 417 1156 446 «
1186 396 1285 458 lile.
1318 396 1637 454 haereticum
1701 395 1970 463 interficit,
2031 397 2115 466 qui

1126 486 1236 523 3333
1258 470 1589 539 haereticum.
1605 468 1816 538 patitur,
1835 467 2113 532 „Caeterum

1127 552 1297 598 nostra
1338 545 1591 612 correptio
1619 542 1900 601 vivificatio
1926 549 2028 604 est,
2061 551 2116 596 ut

1126 617 1321 671 haeresi
1362 619 1606 680 morienS,
1651 619 1798 684 vivas
1836 616 2117 670 catholicae

1125 692 1260 751 fidei.
1293 712 1319 741 »
1350 691 1558 747 Certum
1599 707 1730 759 ergo·
1768 698 1865 752 est,
1931 690 2116 745 doctri-

1126 782 1241 818 nam
1284 766 1346 819 de
1387 766 1752 835 propagatione
1794 767 1989 834 peccati
2018 766 2115 817 ori·

1123 839 1307 923 ginalis
1330 841 1431 893 iam
1456 843 1663 893 1333313
1690 839 1898 892 3333310
1919 839 2114 922 quinto,

1124 916 1418 983 priusquam
1441 930 1556 967 eam
1583 914 1634 966 S.
1661 911 1968 983 Auyuslinus
1996 914 2114 966 scri·

1125 989 1221 1055 ptis
1259 990 1365 1041 suis
1408 990 1828 1058 propugnaverit,
1857 988 1905 1039 13
1939 986 2113 1040 Ε3313-

1121 1063 1195 1114 313
1261 1079 1588 1116 communem
1657 1070 1708 1116 31
1767 1062 2112 1116 universalem

1121 1136 1295 1189 fuisse
1362 1136 1427 1201 At
1492 1138 1618 1190 haec
1685 1144 1788 1189 tam
1857 1136 2115 1189 unanimis

1121 1212 1387 1263 consensio
1427 1212 1634 1264 aliunde
1655 1211 1772 1263 oriri
1795 1226 1896 1262 non
1927 1211 2111 1278 potuit,

1120 1301 1274 1353 quam
1315 1301 1379 1338 ex
1420 1286 1590 1338 divina
1623 1285 1893 1337 traditione
1934 1284 1998 1336 ab
2046 1283 2115 1336 A·

1123 1360 1329 1427 postolis
1370 1376 1459 1428 per
1488 1361 1789 1412 universum
1810 1359 1999 1411 orbem
2016 1356 2115 1411 dis-

1121 1435 1400 1498 seminata;
1466 1451 1558 1487 nec
1617 1435 1772 1486 enim
1820 1433 1995 1499 furtim
2057 1433 2109 1484 in

1122 1507 1406 1561 Ecclesiam
1446 1509 1668 1578 irrepere
1711 1508 2112 1575 potuiteiusmo·

1121 1582 1169 1633 di
1210 1582 1462 1645 doctrina,
1507 1590 1558 1635 et
1597 1584 1787 1651 absque
1828 1581 1963 1634 omni
1991 1596 2113 1633 con-

1125 1657 1425 1710 tradictione
1466 1650 1700 1720 diffundi,
1747 1656 1819 1709 uti
1847 1663 2108 1709 ostensum

1121 1739 1197 1783 est
1238 1731 1355 1783 alibi
1386 1729 1483 1802 (ἦ).

1194 1806 1247 1856 9.
1292 1805 1530 1857 Haeresis
1578 1803 1845 1872 pelagiana
1894 1819 1994 1857 non
2035 1819 2116 1856 so-

1124 1879 1228 1931 lum
1268 1895 1298 1930 a
1336 1878 1390 1931 S.
1435 1878 1758 1947 Hieronymo,
1797 1894 1824 1929 a
1854 1876 1913 1930 S.
1945 1875 2115 1959 Anqu-

1119 1954 1245 2004 stino
1296 1959 1346 2005 et
1407 1954 1521 2004 aliis
1579 1952 1928 2005 celeberrimis
1993 1952 2115 2002 viris

1121 2033 1328 2078 strenue
1370 2026 1692 2095 impugnata,
1737 2025 1826 2078 sed
1867 2041 1896 2077 a
1936 2024 2115 2077 Conci-

1124 2102 1201 2154 liis
1241 2108 1395 2170 atque
1433 2117 1464 2153 a
1518 2100 1744 2154 Summis
1785 2086 2114 2152 Pontificibus

1122 2177 1364 2228 damnata
1392 2175 1504 2227 fuit.
1538 2175 1615 2227 Ab
1642 2190 1777 2226 anno
1807 2174 1912 2226 [112
1954 2187 2113 2242 usque

1122 2249 1185 2301 ad
1239 2265 1430 2302 annum
1494 2249 1592 2300 [251
1653 2249 1835 2316 viginti
1894 2255 2115 2316 quatuor

1122 2322 1345 2375 Concilia
1375 2323 1549 2375 habita
1570 2330 1691 2375 sunt
1719 2322 1967 2373 adversus
1994 2320 2115 2373 hae·

1126 2399 1258 2449 resin
1305 2398 1646 2464 pelagianam.
1693 2395 1973 2463 Praecipua
2015 2395 2117 2446 fue-

1127 2477 1271 2522 runt:
1335 2469 1714 2537 Carthayinense
1771 2484 1907 2520 anno
1966 2468 2113 2530 M2,

1128 2544 1542 2613 Diospolitanum,
1599 2542 1731 2612 quod
1773 2558 1872 2596 non
1911 2542 2117 2610 quidem

1130 2635 1390 2687 personas,
1436 2618 1526 2669 sed
1567 2624 1738 2669 tamen
1787 2631 1988 2668 errores
2027 2614 2117 2668 Pe-

1131 2693 1247 2749 lagii
1311 2699 1362 2744 et
1419 2690 1655 2744 Caelestii
1711 2690 2115 2751 condemnavit,

1130 2767 1475 2820 llilevilanum
1534 2765 1591 2816 II
1636 2770 1686 2817 et
1740 2762 2118 2832 Cczrthaqinense

1129 2857 1263 2893 anno
1318 2841 1443 2892 [116.
1506 2839 1669 2890 Η3133
1726 2845 1778 2890 31
1833 2837 2119 2890 Milevitani

1130 2913 1329 2967 concilii
1390 2914 1596 2966 decreta
1653 2912 1718 2965 ab
1764 2910 2121 2964 Innocentiol

1131 2990 1182 3040 13
1220 2987 1445 3047 Concilio
1484 2986 1665 3038 Romae
1717 2991 1892 3038 coacto
1937 2984 2122 3038 confir-

1134 3068 1267 3114 mata
1295 3068 1436 3114 sunt.
1469 3059 1596 3112 Dein
1626 3058 1865 3129 Synodus
1892 3056 2121 3128 plenaria

1133 3136 1242 3187 214
1282 3136 1645 3203 Episcoporum
1686 3133 1996 3202 Carthagine
2035 3133 2123 3186 ha-

1135 3210 1238 3262 bita
1277 3215 1356 3260 est
1394 3224 1528 3260 3330
1568 3206 1708 3269 1118,
1762 3208 1850 3263 ubi
1888 3207 2124 3275 omnibus

1135 3272 1301 3335 denuo
1340 3280 1585 3343 discussis
1622 3296 1846 3365 summa
1860 3295 2125 3338 consensu

1135 3355 1409 3408 anathema
1465 3355 1660 3424 dictum
1697 3362 1778 3408 est
1823 3356 1874 3409 in
1907 3370 2007 3408 303
2039 3353 2125 3422 331

1135 3418 1435 3482 affirmant..
1450 3429 1714 3498 .parvulos
1734 3428 1862 3481 nihil
1879 3444 1941 3480 ex
1965 3419 2120 3479 Adam

1183 3529 1233 3575 (2)
1258 3529 1383 3568 Theol.
1411 3530 1498 3568 Gen.
1540 3529 1664 3577 5197,
1689 3529 1856 3573 επακ
