2332 3860
267 164 374 220 {90

265 263 406 330 Reep.
443 263 585 316 Dum
611 262 801 317 Patres
852 265 1030 317 dicunt
1077 263 1187 333 Spi-

192 337 653 391 ritum‘'·Sanctum
711 354 741 390 a
804 337 954 390 Patre
1009 355 1186 407 proce—

192 411 312 463 dere
336 452 350 474 ,
418 411 532 464 ideo
601 412 979 479 processionem
1053 414 1184 466 eius-

191 484 314 545 dem·
347 501 378 537 a
403 484 531 538 Filio
561 501 659 537 non
696 493 907 553 negant,
943 502 1036 538 nec
1063 502 1180 539 eum

190 574 221 611 a
259 557 368 612 solo
407 558 556 612 Patre
585 559 861 627 procedere
901 559 1179 623 affirmant,

189 631 280 684 sed
311 631 426 685 aliis
466 628 703 695 i'n‘lociS,
747 640 803 685 ut
842 633 1000 687 allata
1041 635 1183 687 testi-

190 707 361 758 monia
389 707 626 775 probant,
657 708 768 759 eius
805 709 1181 775 processionem

188 795 219 831 a
257 779 386 832 Filio
413 780 552 832 clare
579 781 904 847 profitentur.
947 781 1065 834 Ideo
1094 799 1182 834 au-

189 859 293 905 tem
333 853 510 905 Patres
539 854 857 922 frequentius
885 855 948 907 dc
979 872 1180 924 proces-

187 927 331 979 sione
368 925 589 995 Spiritus
614 928 789 980 Sancti
839 945 869 980 a
908 928 1060 982 Patre
1109 930 1180 982 lo-

187 1008 454 1067 quuntur,
499 1002 618 1069 quia
676 1002 972 1054 confutandi
1033 1011 1180 1055 erant

186 1072 540 1127 Macedoniani
598 1082 649 1127 et
702 1076 1007 1128 Eunomiani
1036 1118 1047 1139 ,
1092 1079 1176 1145 qui

185 1149 562 1214 processionem
595 1148 815 1215 Spiritus
837 1149 1011 1201 Sancti
1034 1166 1062 1201 a
1086 1150 1179 1202 Pa-

185 1227 263 1273 tre
303 1222 583 1289 negabant.
639 1222 718 1274 Ex
758 1222 936 1275 eadem
979 1224 1176 1276 ratione

184 1292 242 1346 C.
284 1294 539 1347 CPtanum
577 1295 610 1348 I
642 1297 798 1348 citata
838 1298 997 1350 verba
1038 1314 1175 1366 sym-

183 1367 297 1420 bolo
337 1368 552 1429 addidit,
586 1371 704 1437 quia
729 1376 909 1423 contra
942 1370 1176 1423 Macedo-

183 1442 362 1494 nianos
420 1442 708 1494 definienda
763 1449 874 1495 erat
932 1444 1175 1497 divinitas

180 1514 401 1582 Spiritus
441 1514 635 1568 Sancti.
668 1515 816 1569 Unde
844 1533 962 1570 cum
991 1519 1039 1569 id
1067 1535 1174 1570 mo-

179 1589 248 1638 ris
288 1588 475 1641 habeat
522 1590 752 1641 Ecclesia
794 1591 842 1641 in
905 1592 1011 1643 suis
1051 1592 1175 1643 defi-

180 1662 455 1715 nitionibus
481 1663 802 1730 exprimendi
832 1671 1030 1716 tantum
1058 1665 1174 1718 doc-

181 1737 389 1795 trinam,
434 1752 589 1804 quam
630 1738 940 1804 impugnant
993 1739 1173 1791 haere-

181 1810 289 1870 tici,
335 1810 523 1861 mirum
553 1826 653 1862 non
688 1817 786 1871 est,
821 1811 953 1878 quod
996 1812 1173 1865 Patres

179 1881 366 1933 CPtani
381 1882 444 1934 de
467 1884 789 1950 processione
810 1883 1029 1951 Spiritus
1051 1886 1174 1937 San-

179 1956 246 2007 cti
286 1971 315 2006 a
355 1954 504 2017 Filio,
536 1973 666 2024 quae
704 1964 828 2009 tunc
867 1974 966 2010 non
1009 1959 1174 2026 impu-

178 2028 455 2094 gnabatur,
475 2032 789 2099 mentionem
812 2048 912 2084 non
939 2032 1169 2086 fecerint.

178 2101 320 2165 Quod
361 2102 403 2154 si
457 2104 871 2166 existimassent,
923 2105 1169 2173 Spiritum

177 2174 426 2228 Sanctum
467 2193 497 2228 a
536 2177 664 2229 Filio
704 2194 804 2230 non
859 2180 1166 2247 procedere,

179 2247 480 2303 debuissent
519 2267 709 2318 ponere
760 2254 811 2303 in
863 2269 956 2305 sua
996 2254 1173 2305 defini·

180 2323 347 2378 tione:
391 2324 478 2391 qui
515 2340 545 2376 a
595 2325 692 2376 solo
735 2325 885 2377 Patre
915 2328 1166 2394 procedit,

178 2404 235 2449 ut
292 2396 609 2464 configerent
666 2398 1061 2452 Macedonianos
1120 2409 1171 2453 et

177 2469 543 2534 Eunomianos,
596 2474 972 2539 processionem
1010 2474 1168 2541 Spiri-

178 2550 260 2595 tus
323 2543 500 2597 Sancti
561 2561 590 2597 a
648 2544 776 2597 Filio
830 2547 1165 2612 profitentes3

178 2617 335 2669 verba
374 2625 571 2670 autem:
603 2621 687 2686 qui
716 2635 745 2671 α
767 2619 910 2671 Patre
932 2621 1164 2688 procedit,

179 2693 556 2756 processionem
593 2709 623 2743 a
661 2691 789 2745 Filio
830 2709 929 2745 non
953 2702 1165 2761 negant,

178 2762 266 2814 sed
307 2764 550 2830 implicite
589 2765 887 2824 adstruunt,
930 2768 1049 2835 quia
1078 2767 1168 2820 Pa-

181 2842 257 2888 ter
295 2843 346 2887 et
387 2837 547 2891 Filius
588 2855 748 2891 unum
787 2846 927 2892 sunt.

251 2907 703 2964 Obi.l1.²²Nonnulli
727 2913 920 2980 PatreS‚
944 2929 1170 2981 praeser-

181 2981 272 3034 tim
311 2981 514 3042 Graeci,
559 2986 736 3038 dicunt
762 2955 1008 3055 Spirit’um
1038 2987 1167 3039 San-

179 3061 320 3109 ctum
352 3072 443 3123 per
474 3057 659 3110 Filiam
690 3061 986 3126 procedere3
1011 3077 1040 3112 a
1063 3077 1129 3128 qu
1137 3062 1171 3111 1-

179 3127 276 3180 bus
297 3129 508 3195 proinde
531 3135 783 3197 processio
804 3133 1026 3203 Spiritus
1045 3134 1171 3187 San-

179 3201 246 3254 cti
286 3217 316 3254 11
343 3201 475 3254 Filio
504 3212 738 3267 negatur.

214 3270 391 3348 Resp.
436 3275 576 3338 Quae
605 3276 780 3332 Patres
820 3280 1019 3343 dicunt,
1049 3281 1170 3348 dog·

181 3349 308 3410 mati
357 3348 610 3406 catholico
669 3351 962 3407 nullatenus
1018 3371 1172 3423 oppo-

875 185 937 221 DE
975 184 1070 222 ΠΕΟ
1109 184 1161 221 ΙΝ
1196 184 1252 222 SE
1289 182 1565 221 senorum·
1622 189 1625 191 '

1246 264 1635 332 productionem
1654 261 1930 331 significat3
1961 217 2290 331 quobensti
2265 246 2332 328 ἐζ

1245 339 1308 391 de
1347 337 1726 423 operationibus
1753 337 1814 390 ad
1844 342 1992 388 extra
2028 335 2236 389 dicitur:
2257 316 2332 446 5{

1244 414 1408 464 omnia
1418 427 1505 480 per
1523 412 1682 480 ipsum
1699 411 1833 478 facta
1854 416 1988 476 suna·
2008 414 2075 461 et:
2099 414 2240 462 mum

1244 486 1333 537 dus
1355 488 1618 555 peripsum
1643 486 1800 552 factus
1819 480 1957 554 est(l
1969 481 2007 554 ).
2034 480 2090 535 S.
2122 482 2280 536 Tho-

1243 575 1348 612 mas
1387 557 1462 629 (2)
1505 559 1710 626 egregie
1749 557 2009 609 observat:
2050 576 2075 605 «
2109 556 2237 619 Quia
2279 555 2319 616 ''f-

1244 632 1404 685 Filius
1444 633 1599 685 habet
1637 647 1667 684 a
1709 630 1878 689 Patre,
1921 630 2055 699 quod
2084 631 2149 683 ab
2177 638 2237 683 eo

1244 707 1486 774 procedat
1523 705 1742 773 Spiritus
1780 702 2022 764 SanctuS‚
2067 710 2242 771 potest,

1243 781 1360 839 dici,
1391 780 1524 849 quod
1555 780 1707 831 Pater
1745 793 1835 845 per
1863 775 2048 828 Filium
2077 779 2237 845 spiret

1241 854 1486 921 Spiritum
1526 853 1794 918 Sanctum;
1830 851 1908 902 vel
1951 850 2083 918 quod
2125 850 2236 919 Spi-
2300 911 2301 914 Ἴ

1243 930 1370 980 ritus
1388 929 1609 980 Sanctus
1637 925 1881 993 procedat
1907 941 1935 976 a
1967 924 2119 976 Patre.
2147 941 2235 993 per
2323 938 2327 939 ⁷

1242 1001 1456 1064 Filium,
1501 1001 1633 1070 quod
1676 1000 1811 1052 idem
1851 1004 1947 1050 est.
1997 1018 2021 1047 »
2065 998 2234 1051 Bessa‘

1240 1077 1370 1136 rien,
1416 1083 1467 1127 et
1507 1076 1588 1126 alii
1631 1073 1811 1126 Graeci
1859 1072 2136 1126 doctissimi
2181 1073 2232 1124 in

1241 1149 1464 1201 Concilio
1516 1148 1805 1199 Florentino
1864 1144 2227 1206 declararunt,

1244 1242 1268 1270 «
1287 1224 1419 1291 quod
1436 1223 1505 1283 id,
1526 1222 1659 1291 quod
1676 1221 1757 1274 Ss.
1782 1220 2028 1272 Doctores
2055 1219 2232 1273 dicunt

1239 1303 1289 1348 et
1316 1297 1504 1349 >Patres
1533 1338 1544 1357 ,
1596 1312 1662 1347 ex
1703 1295 1851 1346 Patre
1893 1310 1982 1361 per
2040 1292 2230 1346 Filium

1241 1371 1514 1436 procedere
1556 1369 1803 1436 Spiritum
1842 1366 2112 1428 Sanctum,
2166 1368 2231 1419 ad

1239 1444 1372 1496 hanc
1412 1443 1806 1510 intelligentiam
1832 1441 2016 1502 tendit,
2050 1448 2107 1493 ut
2143 1457 2231 1507 per

1239 1517 1334 1569 hoc
1383 1517 1743 1585 significetur,
1787 1514 1972 1566 Filium
2027 1529 2230 1583 quoque

1238 1607 1347 1642 esse
1407 1591 1693 1644 secundum
1751 1587 1974 1640 Graecos
2022 1588 2230 1656 quidem

1237 1680 1477 1727 causam,
1522 1664 1808 1716 secundum
1861 1678 1983 1715 vero
2022 1661 2228 1714 Latinos

1237 1740 1543 1806 principium
1601 1736 1963 1791 subsistentiae
2009 1735 2229 1803 Spiritus
2280 1802 2283 1803 7

1236 1811 1409 1863 Sancti
1451 1813 1582 1863 sicut
1625 1819 1676 1863 et
1734 1810 1955 1862 Patrem.
2011 1829 2038 1858 »
2081 1809 2228 1862 Ratio

1238 1885 1390 1937 huius
1429 1885 1741 1938 diversitatis
1768 1891 1866 1944 ost,
1910 1884 2027 1952 quia
2064 1881 2227 1935 Latini

1237 1959 1542 2026 principium
1565 1961 1615 2010 in
1645 1973 1798 2011 sensu
1826 1957 2016 2018 latiori,
2045 1955 2227 2009 Graeci

1238 2034 1448 2085 veroin
1510 2049 1664 2086 sensu
1721 2033 1958 2084 strictiori
2015 2038 2227 2084 sumunt

1236 2122 1324 2173 pro
1365 2123 1444 2167 cc,
1488 2107 1622 2174 quod
1655 2107 1758 2158 vim
1787 2104 2100 2174 producendi
2125 2121 2225 2159 non

1233 2180 1480 2239 aliunde,
1523 2181 1611 2232 sed
1670 2197 1698 2232 a
1758 2196 1812 2231 se
1870 2179 2044 2232 habet.
2107 2178 2225 2233 Ideo

1234 2252 1415 2305 Graeci
1457 2253 1682 2314 Patrem,
1727 2254 1811 2322 qui
1852 2255 1956 2305 vim
1997 2251 2225 2320 spirandi
2303 2294 2306 2296 >

1233 2342 1261 2378 a
1301 2343 1356 2378 se
1397 2327 1552 2379 habet
1577 2369 1589 2389 ‚
1626 2327 1930 2395 principium
1956 2367 1969 2388 ,
2038 2325 2226 2378 Filium

1236 2416 1376 2462 vem,
1420 2401 1506 2469 qui
1546 2402 1649 2453 vim
1691 2400 1914 2468 spirandi
1955 2399 2050 2452 sibi
2079 2415 2108 2451 a
2137 2399 2226 2451 Pa·

1233 2479 1309 2525 tre
1348 2477 1780 2526 communicatam
1822 2473 1993 2533 habet,
2035 2472 2226 2539 simpli·

1233 2548 1358 2599 citer
1406 2563 1602 2600 causam.
1653 2548 1874 2614 Spiritus
1922 2545 2095 2598 Sancti
2140 2558 2225 2597 vo-

1232 2628 1372 2684 cant3
1403 2637 1468 2672 ex
1490 2637 1590 2689 quo
1618 2627 1850 2688 apparet,
1883 2619 2106 2672 Graecos
2127 2618 2224 2671 hac
2295 2658 2298 2662 .

1233 2695 1281 2745 in
1324 2710 1379 2745 re
1419 2695 1584 2761 quoad
1639 2710 1834 2755 voceS‚
1898 2709 1999 2746 non
2057 2691 2223 2761 quoad
2277 2755 2280 2756 7

1231 2768 1571 2820 substantiam
1638 2767 1890 2836 dogmatis
1947 2783 1978 2820 a
2028 2765 2223 2819 Latinis
2287 2822 2294 2826 ³

1232 2841 1522 2893 dissentire.

1304 2913 1393 2966 Obi
1442 2916 1526 2967 ‚¹52⁸
1590 2914 1817 2967 Ecclesia
1869 2913 2030 2966 latina
2088 2912 2223 2964 male

1232 2989 1355 3052 egit,
1400 2988 1524 3040 dum
1552 2988 1788 3056 symbolo
1816 2986 2012 3040 addidit
2041 3001 2221 3038 vocem

1235 3061 1473 3128 Filioque,
1517 3068 1802 3130 postquam
1866 3062 1916 3112 in
1957 3059 2111 3113 Conc.
2159 3059 2223 3112 E-

1234 3135 1444 3201 phesino
1471 3136 1730 3204 quaelibet
1749 3134 1940 3188 additio
1969 3131 2220 3202 prohibita

1235 3208 1335 3259 fue
1323 3214 1419 3259 at.

1307 3280 1444 3348 Resp.
1462 3279 1721 3334 Immerito
1737 3287 1943 3349 propter
1969 3278 2104 3338 hanc
2120 3277 2217 3333 ad}-

1231 3353 1476 3407 ditionem
1504 3355 1732 3422 carpitur
1772 3353 1995 3413 Ecclesia
2032 3352 2214 3425 1111111115
2289 3378 2323 3406 ,

180 3426 404 3478 nuntur,
446 3422 565 3488 quia
605 3423 760 3476 etiam
800 3425 1052 3492 particula
1082 3441 1173 3496 per
1234 3440 1354 3481 nam
1390 3441 1458 3479 ex
1480 3426 1731 3484 hactenus
1750 3427 1980 3496 probatis
1995 3428 2218 3499 constatis

227 3519 278 3562 (1)
299 3519 351 3556 10.
378 3519 421 3557 2³
438 3525 480 3557 et
501 3520 553 3556 10.

1273 3522 1382 3569 (ml,
1407 3532 1444 3568 q
1470 3522 1640 3570 Souka,
