<?xml version="1.0" encoding="UTF-8"?>
<!DOCTYPE html PUBLIC "-//W3C//DTD XHTML 1.0 Transitional//EN"
    "http://www.w3.org/TR/xhtml1/DTD/xhtml1-transitional.dtd">
<html xmlns="http://www.w3.org/1999/xhtml" xml:lang="en" lang="en">
 <head>
  <title>
</title>
<meta http-equiv="Content-Type" content="text/html;charset=utf-8" />
  <meta name='ocr-system' content='tesseract 3.04.00' />
  <meta name='ocr-capabilities' content='ocr_page ocr_carea ocr_par ocr_line ocrx_word'/>
</head>
<body>
  <div class='ocr_page' id='page_1' title='image "./theologiae00knoluoft_0079.png"; bbox 0 0 2332 3860; ppageno 0'>
   <div class='ocr_carea' id='block_1_1' title="bbox 3 122 2118 313">
    <p class='ocr_par' dir='ltr' id='par_1_1' title="bbox 3 122 2118 313">
     <span class='ocr_line' id='line_1_1' title="bbox 424 122 1561 196; baseline 0.002 -5"><span class='ocrx_word' id='word_1_1' title='bbox 424 192 426 196; x_wconf 73' lang='grc'>,</span> <span class='ocrx_word' id='word_1_2' title='bbox 704 147 843 191; x_wconf 57' lang='lat' dir='ltr'><strong>&#39;raas</strong></span> <span class='ocrx_word' id='word_1_3' title='bbox 878 135 915 192; x_wconf 80' lang='grc' dir='ltr'><strong>ι’.</strong></span> <span class='ocrx_word' id='word_1_4' title='bbox 939 138 1124 192; x_wconf 62' lang='lat' dir='ltr'><strong>&#39;suerio</strong></span> <span class='ocrx_word' id='word_1_5' title='bbox 1163 154 1198 191; x_wconf 86' lang='lat'><strong>1.</strong></span> <span class='ocrx_word' id='word_1_6' title='bbox 1243 122 1471 193; x_wconf 57' lang='lat' dir='ltr'><strong>carum.</strong></span> <span class='ocrx_word' id='word_1_7' title='bbox 1545 122 1561 128; x_wconf 46' lang='lat'><strong>⁴</strong></span> 
     </span>
     <span class='ocr_line' id='line_1_2' title="bbox 3 213 2118 313; baseline 0.003 -25"><span class='ocrx_word' id='word_1_8' title='bbox 3 243 6 247; x_wconf 78' lang='grc'>’</span> <span class='ocrx_word' id='word_1_9' title='bbox 82 238 209 293; x_wconf 78' lang='lat' dir='ltr'><strong>fides</strong></span> <span class='ocrx_word' id='word_1_10' title='bbox 236 235 543 303; x_wconf 77' lang='lat' dir='ltr'><strong>languescit,</strong></span> <span class='ocrx_word' id='word_1_11' title='bbox 586 247 638 286; x_wconf 79' lang='lat' dir='ltr'><strong>et</strong></span> <span class='ocrx_word' id='word_1_12' title='bbox 664 232 890 286; x_wconf 74' lang='lat' dir='ltr'><strong>charitas</strong></span> <span class='ocrx_word' id='word_1_13' title='bbox 929 234 1071 286; x_wconf 83' lang='lat' dir='ltr'><strong>refri—</strong></span> <span class='ocrx_word' id='word_1_14' title='bbox 1138 235 1340 287; x_wconf 88' lang='lat' dir='ltr'><strong>blimior</strong></span> <span class='ocrx_word' id='word_1_15' title='bbox 1362 213 1495 287; x_wconf 71' lang='lat' dir='ltr'><strong>est.»</strong></span> <span class='ocrx_word' id='word_1_16' title='bbox 1515 235 1566 288; x_wconf 87' lang='lat' dir='ltr'><strong>S.</strong></span> <span class='ocrx_word' id='word_1_17' title='bbox 1595 234 1963 305; x_wconf 68' lang='lat' dir='ltr'><em>chrysostomus</em></span> <span class='ocrx_word' id='word_1_18' title='bbox 1987 239 2118 313; x_wconf 79' lang='lat' dir='ltr'><strong>(t0)=</strong></span> 
     </span>
    </p>
   </div>
   <div class='ocr_carea' id='block_1_2' title="bbox 1982 143 2043 198">
    <p class='ocr_par' dir='ltr' id='par_1_2' title="bbox 1982 143 2043 198">
     <span class='ocr_line' id='line_1_3' title="bbox 1982 143 2043 198; baseline -0.016 0"><span class='ocrx_word' id='word_1_19' title='bbox 1982 143 2043 198; x_wconf 48' lang='lat'><strong>721</strong></span> 
     </span>
    </p>
   </div>
   <div class='ocr_carea' id='block_1_3' title="bbox 83 307 2120 452">
    <p class='ocr_par' dir='ltr' id='par_1_3' title="bbox 83 307 2120 452">
     <span class='ocr_line' id='line_1_4' title="bbox 83 307 2120 382; baseline 0 -15"><span class='ocrx_word' id='word_1_20' title='bbox 83 313 283 382; x_wconf 66' lang='lat' dir='ltr'><strong>gesen-3</strong></span> <span class='ocrx_word' id='word_1_21' title='bbox 337 308 475 360; x_wconf 80' lang='lat' dir='ltr'><strong>unde</strong></span> <span class='ocrx_word' id='word_1_22' title='bbox 530 307 756 374; x_wconf 87' lang='lat' dir='ltr'><strong>legitur:</strong></span> <span class='ocrx_word' id='word_1_23' title='bbox 807 307 926 360; x_wconf 76' lang='lat' dir='ltr'><strong>vani</strong></span> <span class='ocrx_word' id='word_1_24' title='bbox 962 317 1074 360; x_wconf 78' lang='lat' dir='ltr'><strong>sunt</strong></span> <span class='ocrx_word' id='word_1_25' title='bbox 1141 329 1165 358; x_wconf 91' lang='lat'>«</span> <span class='ocrx_word' id='word_1_26' title='bbox 1209 309 1302 362; x_wconf 89' lang='lat' dir='ltr'><strong>Dei</strong></span> <span class='ocrx_word' id='word_1_27' title='bbox 1353 309 1663 381; x_wconf 70' lang='lat' dir='ltr'><strong>exquisitam</strong></span> <span class='ocrx_word' id='word_1_28' title='bbox 1714 313 2120 379; x_wconf 83' lang='lat' dir='ltr'><strong>comprehensio-</strong></span> 
     </span>
     <span class='ocr_line' id='line_1_5' title="bbox 83 381 2119 452; baseline 0 -12"><span class='ocrx_word' id='word_1_29' title='bbox 83 401 245 440; x_wconf 81' lang='lat' dir='ltr'><strong>omnes</strong></span> <span class='ocrx_word' id='word_1_30' title='bbox 265 382 500 442; x_wconf 74' lang='lat' dir='ltr'><strong>homines,</strong></span> <span class='ocrx_word' id='word_1_31' title='bbox 532 381 583 433; x_wconf 79' lang='lat' dir='ltr'><strong>in</strong></span> <span class='ocrx_word' id='word_1_32' title='bbox 607 381 898 449; x_wconf 71' lang='lat' dir='ltr'><strong>quibusnon</strong></span> <span class='ocrx_word' id='word_1_33' title='bbox 920 382 1073 434; x_wconf 77' lang='lat' dir='ltr'><strong>subest</strong></span> <span class='ocrx_word' id='word_1_34' title='bbox 1138 399 1255 436; x_wconf 89' lang='lat' dir='ltr'><strong>nem</strong></span> <span class='ocrx_word' id='word_1_35' title='bbox 1284 383 1472 436; x_wconf 88' lang='lat' dir='ltr'><strong>habere</strong></span> <span class='ocrx_word' id='word_1_36' title='bbox 1511 399 1607 436; x_wconf 75' lang='lat' dir='ltr'><strong>non</strong></span> <span class='ocrx_word' id='word_1_37' title='bbox 1652 391 1817 452; x_wconf 85' lang='lat' dir='ltr'><strong>potest</strong></span> <span class='ocrx_word' id='word_1_38' title='bbox 1853 383 2082 452; x_wconf 77' lang='lat' dir='ltr'>Angelus</span> <span class='ocrx_word' id='word_1_39' title='bbox 2107 429 2119 450; x_wconf 93' lang='lat'>,</span> 
     </span>
    </p>
   </div>
   <div class='ocr_carea' id='block_1_4' title="bbox 65 455 1070 2965">
    <p class='ocr_par' dir='ltr' id='par_1_4' title="bbox 84 455 539 527">
     <span class='ocr_line' id='line_1_6' title="bbox 84 455 539 527; baseline -0.018 -12"><span class='ocrx_word' id='word_1_40' title='bbox 84 459 293 515; x_wconf 70' lang='lat' dir='ltr'><strong>scientia·</strong></span> <span class='ocrx_word' id='word_1_41' title='bbox 323 457 413 509; x_wconf 80' lang='lat' dir='ltr'><strong>Dei</strong></span> <span class='ocrx_word' id='word_1_42' title='bbox 442 455 539 527; x_wconf 80' lang='lat' dir='ltr'><strong>(t).</strong></span> 
     </span>
    </p>

    <p class='ocr_par' dir='ltr' id='par_1_5' title="bbox 65 530 1070 2965">
     <span class='ocr_line' id='line_1_7' title="bbox 153 530 1066 598; baseline -0.003 -13"><span class='ocrx_word' id='word_1_43' title='bbox 153 534 207 586; x_wconf 65' lang='grc' dir='ltr'><strong>Ξ).</strong></span> <span class='ocrx_word' id='word_1_44' title='bbox 240 530 478 584; x_wconf 76' lang='lat' dir='ltr'><strong>Graviter</strong></span> <span class='ocrx_word' id='word_1_45' title='bbox 506 534 703 589; x_wconf 87' lang='lat' dir='ltr'><strong>errant,</strong></span> <span class='ocrx_word' id='word_1_46' title='bbox 736 530 820 598; x_wconf 89' lang='lat' dir='ltr'><strong>qui</strong></span> <span class='ocrx_word' id='word_1_47' title='bbox 863 535 1066 598; x_wconf 80' lang='lat' dir='ltr'><strong>putant.</strong></span> 
     </span>
     <span class='ocr_line' id='line_1_8' title="bbox 80 603 1070 672; baseline -0.006 -10"><span class='ocrx_word' id='word_1_48' title='bbox 80 609 242 662; x_wconf 88' lang='lat' dir='ltr'><strong>Deum</strong></span> <span class='ocrx_word' id='word_1_49' title='bbox 258 622 286 658; x_wconf 88' lang='lat' dir='ltr'><strong>a</strong></span> <span class='ocrx_word' id='word_1_50' title='bbox 304 605 448 657; x_wconf 90' lang='lat' dir='ltr'><strong>nobis</strong></span> <span class='ocrx_word' id='word_1_51' title='bbox 469 603 692 672; x_wconf 83' lang='lat' dir='ltr'><strong>perfecte</strong></span> <span class='ocrx_word' id='word_1_52' title='bbox 706 603 1070 672; x_wconf 83' lang='lat' dir='ltr'><strong>comprehendi</strong></span> 
     </span>
     <span class='ocr_line' id='line_1_9' title="bbox 80 677 1068 752; baseline -0.006 -16"><span class='ocrx_word' id='word_1_53' title='bbox 80 698 244 752; x_wconf 86' lang='lat' dir='ltr'><strong>posse.</strong></span> <span class='ocrx_word' id='word_1_54' title='bbox 278 677 372 731; x_wconf 86' lang='lat' dir='ltr'><strong>Per</strong></span> <span class='ocrx_word' id='word_1_55' title='bbox 399 677 798 746; x_wconf 77' lang='lat' dir='ltr'><strong>comprehendere</strong></span> <span class='ocrx_word' id='word_1_56' title='bbox 826 679 961 730; x_wconf 86' lang='lat' dir='ltr'><strong>enim</strong></span> <span class='ocrx_word' id='word_1_57' title='bbox 992 680 1068 730; x_wconf 90' lang='lat' dir='ltr'><strong>in·</strong></span> 
     </span>
     <span class='ocr_line' id='line_1_10' title="bbox 79 752 1069 823; baseline -0.003 -16"><span class='ocrx_word' id='word_1_58' title='bbox 79 756 329 823; x_wconf 85' lang='lat' dir='ltr'><strong>telligitur</strong></span> <span class='ocrx_word' id='word_1_59' title='bbox 370 753 520 821; x_wconf 88' lang='lat' dir='ltr'><strong>plena</strong></span> <span class='ocrx_word' id='word_1_60' title='bbox 560 759 612 804; x_wconf 82' lang='lat' dir='ltr'><strong>et</strong></span> <span class='ocrx_word' id='word_1_61' title='bbox 651 752 976 820; x_wconf 86' lang='lat' dir='ltr'><strong>adaequata,</strong></span> <span class='ocrx_word' id='word_1_62' title='bbox 1021 760 1069 804; x_wconf 86' lang='lat' dir='ltr'><strong>et</strong></span> 
     </span>
     <span class='ocr_line' id='line_1_11' title="bbox 79 826 1070 894; baseline -0.005 -11"><span class='ocrx_word' id='word_1_63' title='bbox 79 829 250 883; x_wconf 85' lang='lat' dir='ltr'><strong>totalis</strong></span> <span class='ocrx_word' id='word_1_64' title='bbox 278 828 347 880; x_wconf 87' lang='lat' dir='ltr'><strong>rei</strong></span> <span class='ocrx_word' id='word_1_65' title='bbox 379 826 621 894; x_wconf 82' lang='lat' dir='ltr'><strong>cognitiO,</strong></span> <span class='ocrx_word' id='word_1_66' title='bbox 652 827 950 893; x_wconf 70' lang='lat' dir='ltr'><strong>metaphora</strong></span> <span class='ocrx_word' id='word_1_67' title='bbox 979 827 1070 878; x_wconf 88' lang='lat' dir='ltr'><strong>du-</strong></span> 
     </span>
     <span class='ocr_line' id='line_1_12' title="bbox 78 899 1068 968; baseline -0.004 -12"><span class='ocrx_word' id='word_1_68' title='bbox 78 911 158 956; x_wconf 89' lang='lat' dir='ltr'><strong>cta</strong></span> <span class='ocrx_word' id='word_1_69' title='bbox 199 920 228 955; x_wconf 89' lang='lat' dir='ltr'><strong>a</strong></span> <span class='ocrx_word' id='word_1_70' title='bbox 270 902 422 954; x_wconf 87' lang='lat' dir='ltr'><strong>rebus</strong></span> <span class='ocrx_word' id='word_1_71' title='bbox 471 901 747 968; x_wconf 89' lang='lat' dir='ltr'><strong>corporeis.</strong></span> <span class='ocrx_word' id='word_1_72' title='bbox 806 899 888 952; x_wconf 90' lang='lat' dir='ltr'><strong>Uti</strong></span> <span class='ocrx_word' id='word_1_73' title='bbox 932 902 1068 952; x_wconf 82' lang='lat' dir='ltr'><strong>enim</strong></span> 
     </span>
     <span class='ocr_line' id='line_1_13' title="bbox 79 974 1066 1046; baseline -0.004 -16"><span class='ocrx_word' id='word_1_74' title='bbox 79 993 262 1046; x_wconf 88' lang='lat' dir='ltr'><strong>eorpus</strong></span> <span class='ocrx_word' id='word_1_75' title='bbox 280 975 482 1043; x_wconf 82' lang='lat' dir='ltr'><strong>aliquod</strong></span> <span class='ocrx_word' id='word_1_76' title='bbox 500 975 565 1027; x_wconf 88' lang='lat' dir='ltr'><strong>ab</strong></span> <span class='ocrx_word' id='word_1_77' title='bbox 580 974 679 1026; x_wconf 85' lang='lat' dir='ltr'><strong>atio</strong></span> <span class='ocrx_word' id='word_1_78' title='bbox 702 974 1066 1042; x_wconf 87' lang='lat' dir='ltr'><strong>comprehendi</strong></span> 
     </span>
     <span class='ocr_line' id='line_1_14' title="bbox 78 1049 1070 1117; baseline -0.003 -13"><span class='ocrx_word' id='word_1_79' title='bbox 78 1052 283 1111; x_wconf 88' lang='lat' dir='ltr'><strong>dicitur,</strong></span> <span class='ocrx_word' id='word_1_80' title='bbox 315 1050 446 1117; x_wconf 89' lang='lat' dir='ltr'><strong>quod</strong></span> <span class='ocrx_word' id='word_1_81' title='bbox 478 1055 640 1100; x_wconf 88' lang='lat' dir='ltr'><strong>totum</strong></span> <span class='ocrx_word' id='word_1_82' title='bbox 670 1049 718 1099; x_wconf 91' lang='lat' dir='ltr'><strong>in</strong></span> <span class='ocrx_word' id='word_1_83' title='bbox 750 1065 809 1100; x_wconf 87' lang='lat' dir='ltr'><strong>eo</strong></span> <span class='ocrx_word' id='word_1_84' title='bbox 844 1051 1070 1101; x_wconf 89' lang='lat' dir='ltr'><strong>contine-</strong></span> 
     </span>
     <span class='ocr_line' id='line_1_15' title="bbox 78 1123 1067 1191; baseline -0.003 -13"><span class='ocrx_word' id='word_1_85' title='bbox 78 1133 182 1186; x_wconf 71' lang='lat' dir='ltr'><strong>tur,</strong></span> <span class='ocrx_word' id='word_1_86' title='bbox 224 1126 295 1177; x_wconf 84' lang='lat' dir='ltr'><strong>ita</strong></span> <span class='ocrx_word' id='word_1_87' title='bbox 335 1125 590 1176; x_wconf 83' lang='lat' dir='ltr'><strong>obiectum</strong></span> <span class='ocrx_word' id='word_1_88' title='bbox 631 1123 763 1191; x_wconf 88' lang='lat' dir='ltr'><strong>quod</strong></span> <span class='ocrx_word' id='word_1_89' title='bbox 806 1126 1067 1190; x_wconf 82' lang='lat' dir='ltr'><strong>cognosci-</strong></span> 
     </span>
     <span class='ocr_line' id='line_1_16' title="bbox 78 1197 1061 1265; baseline -0.003 -13"><span class='ocrx_word' id='word_1_90' title='bbox 78 1207 178 1257; x_wconf 86' lang='lat' dir='ltr'><strong>tur,</strong></span> <span class='ocrx_word' id='word_1_91' title='bbox 203 1199 390 1251; x_wconf 88' lang='lat' dir='ltr'><strong>dicitur</strong></span> <span class='ocrx_word' id='word_1_92' title='bbox 404 1197 789 1265; x_wconf 86' lang='lat' dir='ltr'><strong>comprehendi,</strong></span> <span class='ocrx_word' id='word_1_93' title='bbox 815 1198 854 1249; x_wconf 92' lang='lat' dir='ltr'><strong>si</strong></span> <span class='ocrx_word' id='word_1_94' title='bbox 882 1205 1061 1259; x_wconf 84' lang='lat' dir='ltr'><strong>totum,</strong></span> 
     </span>
     <span class='ocr_line' id='line_1_17' title="bbox 75 1271 1063 1342; baseline -0.001 -17"><span class='ocrx_word' id='word_1_95' title='bbox 75 1280 324 1342; x_wconf 87' lang='lat' dir='ltr'><strong>quantum</strong></span> <span class='ocrx_word' id='word_1_96' title='bbox 362 1279 439 1324; x_wconf 83' lang='lat' dir='ltr'><strong>est</strong></span> <span class='ocrx_word' id='word_1_97' title='bbox 466 1313 477 1331; x_wconf 93' lang='lat'>,</span> <span class='ocrx_word' id='word_1_98' title='bbox 524 1271 848 1338; x_wconf 80' lang='lat' dir='ltr'><strong>perspicitur.</strong></span> <span class='ocrx_word' id='word_1_99' title='bbox 901 1271 1063 1324; x_wconf 85' lang='lat' dir='ltr'><strong>Deum</strong></span> 
     </span>
     <span class='ocr_line' id='line_1_18' title="bbox 75 1345 1060 1413; baseline -0.001 -14"><span class='ocrx_word' id='word_1_100' title='bbox 75 1355 248 1399; x_wconf 89' lang='lat' dir='ltr'><strong>autem</strong></span> <span class='ocrx_word' id='word_1_101' title='bbox 279 1346 347 1398; x_wconf 84' lang='lat' dir='ltr'><strong>ita</strong></span> <span class='ocrx_word' id='word_1_102' title='bbox 376 1345 740 1412; x_wconf 83' lang='lat' dir='ltr'><strong>comprehendi</strong></span> <span class='ocrx_word' id='word_1_103' title='bbox 773 1362 869 1396; x_wconf 89' lang='lat' dir='ltr'><strong>non</strong></span> <span class='ocrx_word' id='word_1_104' title='bbox 897 1363 1060 1413; x_wconf 80' lang='lat' dir='ltr'><strong>posse,</strong></span> 
     </span>
     <span class='ocr_line' id='line_1_19' title="bbox 73 1419 1067 1488; baseline -0.001 -15"><span class='ocrx_word' id='word_1_105' title='bbox 73 1420 124 1473; x_wconf 93' lang='lat' dir='ltr'><strong>S.</strong></span> <span class='ocrx_word' id='word_1_106' title='bbox 151 1420 415 1488; x_wconf 83' lang='lat' dir='ltr'><strong>Scriptura</strong></span> <span class='ocrx_word' id='word_1_107' title='bbox 452 1426 687 1472; x_wconf 86' lang='lat' dir='ltr'><strong>testatur.</strong></span> <span class='ocrx_word' id='word_1_108' title='bbox 716 1419 801 1471; x_wconf 85' lang='lat' dir='ltr'><strong>lob</strong></span> <span class='ocrx_word' id='word_1_109' title='bbox 831 1421 967 1471; x_wconf 88' lang='lat' dir='ltr'><strong>enim</strong></span> <span class='ocrx_word' id='word_1_110' title='bbox 998 1421 1067 1472; x_wconf 91' lang='lat' dir='ltr'><strong>di-</strong></span> 
     </span>
     <span class='ocr_line' id='line_1_20' title="bbox 71 1493 1065 1562; baseline -0.001 -15"><span class='ocrx_word' id='word_1_111' title='bbox 71 1498 244 1547; x_wconf 83' lang='lat' dir='ltr'><strong>citur:</strong></span> <span class='ocrx_word' id='word_1_112' title='bbox 296 1495 418 1546; x_wconf 80' lang='lat' dir='ltr'><strong>Ecce</strong></span> <span class='ocrx_word' id='word_1_113' title='bbox 457 1493 587 1546; x_wconf 79' lang='lat' dir='ltr'><strong>Deus</strong></span> <span class='ocrx_word' id='word_1_114' title='bbox 626 1510 829 1562; x_wconf 68' lang='lat' dir='ltr'><strong>uniquus</strong></span> <span class='ocrx_word' id='word_1_115' title='bbox 878 1496 1065 1546; x_wconf 70' lang='lat' dir='ltr'><strong>vincens</strong></span> 
     </span>
     <span class='ocr_line' id='line_1_21' title="bbox 73 1567 1065 1637; baseline -0.001 -16"><span class='ocrx_word' id='word_1_116' title='bbox 73 1569 323 1621; x_wconf 77' lang='lat' dir='ltr'><strong>scientiam</strong></span> <span class='ocrx_word' id='word_1_117' title='bbox 350 1576 566 1619; x_wconf 80' lang='lat' dir='ltr'><strong>nostram</strong></span> <span class='ocrx_word' id='word_1_118' title='bbox 589 1567 683 1637; x_wconf 68' lang='lat'>(2).</span> <span class='ocrx_word' id='word_1_119' title='bbox 718 1568 899 1620; x_wconf 82' lang='lat' dir='ltr'><strong>terem.</strong></span> <span class='ocrx_word' id='word_1_120' title='bbox 930 1567 1065 1621; x_wconf 81' lang='lat' dir='ltr'><strong>Deus</strong></span> 
     </span>
     <span class='ocr_line' id='line_1_22' title="bbox 75 1642 1065 1709; baseline -0.001 -14"><span class='ocrx_word' id='word_1_121' title='bbox 75 1649 405 1709; x_wconf 87' lang='lat' dir='ltr'><strong>nuncupatur</strong></span> <span class='ocrx_word' id='word_1_122' title='bbox 438 1657 642 1708; x_wconf 74' lang='lat' dir='ltr'><strong>maqmts</strong></span> <span class='ocrx_word' id='word_1_123' title='bbox 670 1642 889 1701; x_wconf 63' lang='lat' dir='ltr'><strong>consilae,</strong></span> <span class='ocrx_word' id='word_1_124' title='bbox 923 1651 964 1693; x_wconf 79' lang='lat' dir='ltr'><strong>et</strong></span> <span class='ocrx_word' id='word_1_125' title='bbox 994 1644 1065 1694; x_wconf 76' lang='lat' dir='ltr'><strong>in-</strong></span> 
     </span>
     <span class='ocr_line' id='line_1_23' title="bbox 71 1714 1062 1786; baseline 0 -19"><span class='ocrx_word' id='word_1_126' title='bbox 71 1715 511 1784; x_wconf 73' lang='lat' dir='ltr'><strong>comprehensibilis</strong></span> <span class='ocrx_word' id='word_1_127' title='bbox 531 1716 740 1783; x_wconf 72' lang='lat' dir='ltr'><strong>coyitatet</strong></span> <span class='ocrx_word' id='word_1_128' title='bbox 757 1714 853 1786; x_wconf 83' lang='lat'>(5).</span> <span class='ocrx_word' id='word_1_129' title='bbox 882 1716 1032 1768; x_wconf 89' lang='lat' dir='ltr'><strong>Prov.</strong></span> <span class='ocrx_word' id='word_1_130' title='bbox 1046 1735 1062 1767; x_wconf 93' lang='lat'><em>:</em></span> 
     </span>
     <span class='ocr_line' id='line_1_24' title="bbox 74 1789 1063 1857; baseline 0 -16"><span class='ocrx_word' id='word_1_131' title='bbox 74 1789 172 1853; x_wconf 72' lang='lat' dir='ltr'><strong>Qui</strong></span> <span class='ocrx_word' id='word_1_132' title='bbox 198 1797 444 1842; x_wconf 76' lang='lat' dir='ltr'><strong>scr-titator</strong></span> <span class='ocrx_word' id='word_1_133' title='bbox 475 1798 542 1840; x_wconf 78' lang='lat' dir='ltr'><strong>est</strong></span> <span class='ocrx_word' id='word_1_134' title='bbox 582 1791 870 1850; x_wconf 54' lang='lat' dir='ltr'><strong>nummati-5,</strong></span> <span class='ocrx_word' id='word_1_135' title='bbox 902 1791 1063 1857; x_wconf 76' lang='lat' dir='ltr'><strong>oppri-</strong></span> 
     </span>
     <span class='ocr_line' id='line_1_25' title="bbox 70 1860 1061 1932; baseline -0.001 -17"><span class='ocrx_word' id='word_1_136' title='bbox 70 1875 229 1915; x_wconf 80' lang='lat' dir='ltr'><strong>metur</strong></span> <span class='ocrx_word' id='word_1_137' title='bbox 255 1879 285 1915; x_wconf 87' lang='lat' dir='ltr'><strong>a</strong></span> <span class='ocrx_word' id='word_1_138' title='bbox 306 1863 463 1932; x_wconf 75' lang='lat' dir='ltr'><strong>yloria</strong></span> <span class='ocrx_word' id='word_1_139' title='bbox 486 1860 582 1932; x_wconf 80' lang='lat' dir='ltr'><strong>(lt).</strong></span> <span class='ocrx_word' id='word_1_140' title='bbox 610 1862 776 1915; x_wconf 86' lang='lat' dir='ltr'><strong>Eccl.:</strong></span> <span class='ocrx_word' id='word_1_141' title='bbox 799 1862 934 1914; x_wconf 84' lang='lat' dir='ltr'><strong>Deus</strong></span> <span class='ocrx_word' id='word_1_142' title='bbox 960 1880 1061 1914; x_wconf 63' lang='lat' dir='ltr'><strong>mm</strong></span> 
     </span>
     <span class='ocr_line' id='line_1_26' title="bbox 70 1937 1062 1989; baseline -0.001 0"><span class='ocrx_word' id='word_1_143' title='bbox 70 1938 147 1989; x_wconf 73' lang='lat' dir='ltr'><strong>ior</strong></span> <span class='ocrx_word' id='word_1_144' title='bbox 173 1946 240 1989; x_wconf 84' lang='lat' dir='ltr'><strong>est</strong></span> <span class='ocrx_word' id='word_1_145' title='bbox 269 1938 402 1989; x_wconf 71' lang='lat' dir='ltr'><strong>emm</strong></span> <span class='ocrx_word' id='word_1_146' title='bbox 434 1937 594 1989; x_wconf 79' lang='lat' dir='ltr'><strong>laude.</strong></span> <span class='ocrx_word' id='word_1_147' title='bbox 639 1937 927 1989; x_wconf 75' lang='lat' dir='ltr'><strong>Exaltcmtes</strong></span> <span class='ocrx_word' id='word_1_148' title='bbox 954 1954 1062 1989; x_wconf 74' lang='lat' dir='ltr'><strong>eum</strong></span> 
     </span>
     <span class='ocr_line' id='line_1_27' title="bbox 70 2011 1061 2078; baseline 0.001 -16"><span class='ocrx_word' id='word_1_149' title='bbox 70 2011 334 2078; x_wconf 74' lang='lat' dir='ltr'><strong>replemini</strong></span> <span class='ocrx_word' id='word_1_150' title='bbox 362 2012 559 2062; x_wconf 75' lang='lat' dir='ltr'><strong>virtute:</strong></span> <span class='ocrx_word' id='word_1_151' title='bbox 591 2028 649 2063; x_wconf 75' lang='lat' dir='ltr'><strong>ue</strong></span> <span class='ocrx_word' id='word_1_152' title='bbox 689 2011 932 2076; x_wconf 67' lang='lat' dir='ltr'><strong>laboretis3</strong></span> <span class='ocrx_word' id='word_1_153' title='bbox 963 2029 1061 2063; x_wconf 73' lang='lat' dir='ltr'><strong>non</strong></span> 
     </span>
     <span class='ocr_line' id='line_1_28' title="bbox 71 2082 1062 2154; baseline 0.001 -18"><span class='ocrx_word' id='word_1_154' title='bbox 71 2086 199 2137; x_wconf 79' lang='lat' dir='ltr'><strong>onim</strong></span> <span class='ocrx_word' id='word_1_155' title='bbox 227 2085 634 2153; x_wconf 75' lang='lat' dir='ltr'><strong>comprehendetis·</strong></span> <span class='ocrx_word' id='word_1_156' title='bbox 657 2082 752 2154; x_wconf 65' lang='lat'><strong>(5).</strong></span> <span class='ocrx_word' id='word_1_157' title='bbox 782 2085 845 2136; x_wconf 86' lang='lat' dir='ltr'><strong>Et</strong></span> <span class='ocrx_word' id='word_1_158' title='bbox 874 2085 1062 2138; x_wconf 87' lang='lat' dir='ltr'><strong>Paulus</strong></span> 
     </span>
     <span class='ocr_line' id='line_1_29' title="bbox 70 2158 1061 2212; baseline 0 -2"><span class='ocrx_word' id='word_1_159' title='bbox 70 2158 133 2210; x_wconf 89' lang='lat' dir='ltr'><strong>de</strong></span> <span class='ocrx_word' id='word_1_160' title='bbox 154 2158 258 2211; x_wconf 89' lang='lat' dir='ltr'><strong>Deo</strong></span> <span class='ocrx_word' id='word_1_161' title='bbox 281 2160 371 2211; x_wconf 84' lang='lat' dir='ltr'><strong>ait:</strong></span> <span class='ocrx_word' id='word_1_162' title='bbox 396 2158 574 2211; x_wconf 77' lang='lat' dir='ltr'><strong>Lucem</strong></span> <span class='ocrx_word' id='word_1_163' title='bbox 601 2159 836 2211; x_wconf 74' lang='lat' dir='ltr'><strong>mlzcibt&#39;tat</strong></span> <span class='ocrx_word' id='word_1_164' title='bbox 859 2163 1061 2212; x_wconf 67' lang='lat' dir='ltr'><strong>inacces-</strong></span> 
     </span>
     <span class='ocr_line' id='line_1_30' title="bbox 71 2230 1060 2303; baseline 0.003 -20"><span class='ocrx_word' id='word_1_165' title='bbox 71 2233 258 2284; x_wconf 74' lang='lat' dir='ltr'><strong>sibilem</strong></span> <span class='ocrx_word' id='word_1_166' title='bbox 293 2230 402 2303; x_wconf 81' lang='grc'>(6),</span> <span class='ocrx_word' id='word_1_167' title='bbox 445 2249 598 2301; x_wconf 86' lang='lat' dir='ltr'><strong>quam</strong></span> <span class='ocrx_word' id='word_1_168' title='bbox 632 2234 787 2299; x_wconf 78' lang='lat' dir='ltr'><strong>igitur</strong></span> <span class='ocrx_word' id='word_1_169' title='bbox 839 2235 1060 2301; x_wconf 85' lang='lat' dir='ltr'><strong>perfecte</strong></span> 
     </span>
     <span class='ocr_line' id='line_1_31' title="bbox 70 2307 1058 2373; baseline 0.004 -15"><span class='ocrx_word' id='word_1_170' title='bbox 70 2312 339 2373; x_wconf 87' lang='lat' dir='ltr'><strong>penetrare</strong></span> <span class='ocrx_word' id='word_1_171' title='bbox 363 2322 507 2358; x_wconf 86' lang='lat' dir='ltr'><strong>mens</strong></span> <span class='ocrx_word' id='word_1_172' title='bbox 532 2307 755 2359; x_wconf 84' lang='lat' dir='ltr'><strong>hnmana</strong></span> <span class='ocrx_word' id='word_1_173' title='bbox 782 2324 879 2359; x_wconf 88' lang='lat' dir='ltr'><strong>non</strong></span> <span class='ocrx_word' id='word_1_174' title='bbox 905 2308 1058 2363; x_wconf 83' lang='lat' dir='ltr'><strong>valet.</strong></span> 
     </span>
     <span class='ocr_line' id='line_1_32' title="bbox 67 2380 1061 2435; baseline 0.003 -4"><span class='ocrx_word' id='word_1_175' title='bbox 67 2409 140 2421; x_wconf 93' lang='lat'><strong>-—-</strong></span> <span class='ocrx_word' id='word_1_176' title='bbox 160 2380 300 2432; x_wconf 87' lang='lat' dir='ltr'><strong>Idem</strong></span> <span class='ocrx_word' id='word_1_177' title='bbox 330 2381 515 2433; x_wconf 84' lang='lat' dir='ltr'><strong>docent</strong></span> <span class='ocrx_word' id='word_1_178' title='bbox 537 2380 626 2434; x_wconf 88' lang='lat' dir='ltr'><strong>SS.</strong></span> <span class='ocrx_word' id='word_1_179' title='bbox 656 2381 849 2433; x_wconf 85' lang='lat' dir='ltr'><strong>Patres.</strong></span> <span class='ocrx_word' id='word_1_180' title='bbox 876 2382 934 2435; x_wconf 80' lang='lat' dir='ltr'><strong>S.</strong></span> <span class='ocrx_word' id='word_1_181' title='bbox 961 2382 1061 2434; x_wconf 81' lang='lat' dir='ltr'><strong>Ire-</strong></span> 
     </span>
     <span class='ocr_line' id='line_1_33' title="bbox 68 2453 1061 2525; baseline 0.002 -20"><span class='ocrx_word' id='word_1_182' title='bbox 68 2470 221 2507; x_wconf 77' lang='lat' dir='ltr'><strong>naeus</strong></span> <span class='ocrx_word' id='word_1_183' title='bbox 237 2453 312 2525; x_wconf 89' lang='lat'><strong>(7)</strong></span> <span class='ocrx_word' id='word_1_184' title='bbox 334 2456 424 2507; x_wconf 82' lang='lat' dir='ltr'><strong>ait:</strong></span> <span class='ocrx_word' id='word_1_185' title='bbox 460 2475 486 2504; x_wconf 90' lang='lat'>«</span> <span class='ocrx_word' id='word_1_186' title='bbox 518 2453 959 2508; x_wconf 76' lang='lat' dir='ltr'><strong>immensurabilis</strong></span> <span class='ocrx_word' id='word_1_187' title='bbox 986 2465 1061 2508; x_wconf 86' lang='lat' dir='ltr'><strong>est</strong></span> 
     </span>
     <span class='ocr_line' id='line_1_34' title="bbox 66 2528 1059 2597; baseline 0.001 -17"><span class='ocrx_word' id='word_1_188' title='bbox 66 2529 116 2580; x_wconf 91' lang='lat' dir='ltr'><strong>in</strong></span> <span class='ocrx_word' id='word_1_189' title='bbox 146 2529 299 2582; x_wconf 87' lang='lat' dir='ltr'><strong>corde</strong></span> <span class='ocrx_word' id='word_1_190' title='bbox 328 2528 484 2587; x_wconf 89' lang='lat' dir='ltr'><strong>Deus,</strong></span> <span class='ocrx_word' id='word_1_191' title='bbox 529 2536 580 2581; x_wconf 83' lang='lat' dir='ltr'><strong>et</strong></span> <span class='ocrx_word' id='word_1_192' title='bbox 621 2530 1059 2597; x_wconf 80' lang='lat' dir='ltr'><strong>incomprehensi—</strong></span> 
     </span>
     <span class='ocr_line' id='line_1_35' title="bbox 65 2601 1059 2674; baseline 0.002 -20"><span class='ocrx_word' id='word_1_193' title='bbox 65 2601 179 2654; x_wconf 87' lang='lat' dir='ltr'><strong>bilis</strong></span> <span class='ocrx_word' id='word_1_194' title='bbox 207 2604 256 2654; x_wconf 92' lang='lat' dir='ltr'><strong>in</strong></span> <span class='ocrx_word' id='word_1_195' title='bbox 286 2603 478 2657; x_wconf 73' lang='lat' dir='ltr'><strong>animo,</strong></span> <span class='ocrx_word' id='word_1_196' title='bbox 502 2622 524 2651; x_wconf 66' lang='grc' dir='ltr'><strong>ι)</strong></span> <span class='ocrx_word' id='word_1_197' title='bbox 548 2602 900 2674; x_wconf 72' lang='lat' dir='ltr'><strong>Oriqenes(8):</strong></span> <span class='ocrx_word' id='word_1_198' title='bbox 926 2624 949 2652; x_wconf 91' lang='lat'>«</span> <span class='ocrx_word' id='word_1_199' title='bbox 976 2604 1059 2656; x_wconf 91' lang='lat' dir='ltr'><strong>Di-</strong></span> 
     </span>
     <span class='ocr_line' id='line_1_36' title="bbox 66 2676 1057 2739; baseline 0.003 -12"><span class='ocrx_word' id='word_1_200' title='bbox 66 2676 230 2728; x_wconf 87' lang='lat' dir='ltr'><strong>cimus</strong></span> <span class='ocrx_word' id='word_1_201' title='bbox 256 2677 539 2729; x_wconf 89' lang='lat' dir='ltr'><strong>secundum</strong></span> <span class='ocrx_word' id='word_1_202' title='bbox 571 2679 862 2739; x_wconf 82' lang='lat' dir='ltr'><strong>veritatem,</strong></span> <span class='ocrx_word' id='word_1_203' title='bbox 895 2678 1057 2730; x_wconf 87' lang='lat' dir='ltr'><strong>Deum</strong></span> 
     </span>
     <span class='ocr_line' id='line_1_37' title="bbox 66 2749 1059 2817; baseline 0.003 -16"><span class='ocrx_word' id='word_1_204' title='bbox 66 2749 636 2817; x_wconf 81' lang='lat' dir='ltr'><strong>incomprehensibilem</strong></span> <span class='ocrx_word' id='word_1_205' title='bbox 680 2768 791 2803; x_wconf 74' lang='lat' dir='ltr'><strong>esse-</strong></span> <span class='ocrx_word' id='word_1_206' title='bbox 832 2759 881 2804; x_wconf 84' lang='lat' dir='ltr'><strong>et</strong></span> <span class='ocrx_word' id='word_1_207' title='bbox 921 2753 1059 2804; x_wconf 88' lang='lat' dir='ltr'><strong>inae-</strong></span> 
     </span>
     <span class='ocr_line' id='line_1_38' title="bbox 65 2822 1054 2896; baseline 0.002 -21"><span class='ocrx_word' id='word_1_208' title='bbox 65 2823 425 2877; x_wconf 79' lang='lat' dir='ltr'><strong>stimabilem.»</strong></span> <span class='ocrx_word' id='word_1_209' title='bbox 447 2824 497 2875; x_wconf 89' lang='lat' dir='ltr'><strong>S.</strong></span> <span class='ocrx_word' id='word_1_210' title='bbox 519 2822 1054 2896; x_wconf 70' lang='lat' dir='ltr'><strong>GreyoritisNyss.(9):</strong></span> 
     </span>
     <span class='ocr_line' id='line_1_39' title="bbox 69 2896 1056 2965; baseline 0.009 -21"><span class='ocrx_word' id='word_1_211' title='bbox 69 2915 95 2945; x_wconf 90' lang='lat'>«</span> <span class='ocrx_word' id='word_1_212' title='bbox 139 2896 326 2950; x_wconf 87' lang='lat' dir='ltr'><strong>Divina</strong></span> <span class='ocrx_word' id='word_1_213' title='bbox 368 2904 579 2958; x_wconf 84' lang='lat' dir='ltr'><strong>natura,</strong></span> <span class='ocrx_word' id='word_1_214' title='bbox 625 2900 1056 2965; x_wconf 75' lang='lat' dir='ltr'><strong>quemadmodum</strong></span> 
     </span>
    </p>
   </div>
   <div class='ocr_carea' id='block_1_5' title="bbox 0 2970 1057 3040">
    <p class='ocr_par' dir='ltr' id='par_1_6' title="bbox 0 2970 1057 3040">
     <span class='ocr_line' id='line_1_40' title="bbox 0 2970 1057 3040; baseline 0.005 -19"><span class='ocrx_word' id='word_1_215' title='bbox 0 3019 2 3021; x_wconf 74' lang='grc'>,</span> <span class='ocrx_word' id='word_1_216' title='bbox 64 2985 119 3023; x_wconf 86' lang='lat' dir='ltr'><strong>se</strong></span> <span class='ocrx_word' id='word_1_217' title='bbox 149 2970 357 3032; x_wconf 85' lang='lat' dir='ltr'><strong>habeat,</strong></span> <span class='ocrx_word' id='word_1_218' title='bbox 388 2972 573 3038; x_wconf 84' lang='lat' dir='ltr'><strong>attingi</strong></span> <span class='ocrx_word' id='word_1_219' title='bbox 615 2979 665 3023; x_wconf 85' lang='lat' dir='ltr'><strong>et</strong></span> <span class='ocrx_word' id='word_1_220' title='bbox 692 2974 1057 3040; x_wconf 80' lang='lat' dir='ltr'><strong>comprehendi</strong></span> 
     </span>
    </p>
   </div>
   <div class='ocr_carea' id='block_1_6' title="bbox 65 3046 1060 3189">
    <p class='ocr_par' dir='ltr' id='par_1_7' title="bbox 65 3046 1060 3189">
     <span class='ocr_line' id='line_1_41' title="bbox 68 3046 1060 3114; baseline 0.004 -19"><span class='ocrx_word' id='word_1_221' title='bbox 68 3059 167 3096; x_wconf 90' lang='lat' dir='ltr'><strong>non</strong></span> <span class='ocrx_word' id='word_1_222' title='bbox 210 3052 396 3114; x_wconf 84' lang='lat' dir='ltr'><strong>potest,</strong></span> <span class='ocrx_word' id='word_1_223' title='bbox 441 3046 682 3114; x_wconf 83' lang='lat' dir='ltr'><strong>omnique</strong></span> <span class='ocrx_word' id='word_1_224' title='bbox 723 3047 1060 3114; x_wconf 84' lang='lat' dir='ltr'><strong>comprehen-</strong></span> 
     </span>
     <span class='ocr_line' id='line_1_42' title="bbox 65 3118 1058 3189; baseline 0.005 -19"><span class='ocrx_word' id='word_1_225' title='bbox 65 3118 230 3182; x_wconf 88' lang='lat' dir='ltr'><strong>sione,</strong></span> <span class='ocrx_word' id='word_1_226' title='bbox 261 3135 392 3189; x_wconf 90' lang='lat' dir='ltr'><strong>quae</strong></span> <span class='ocrx_word' id='word_1_227' title='bbox 412 3121 694 3174; x_wconf 86' lang='lat' dir='ltr'><strong>rationibus</strong></span> <span class='ocrx_word' id='word_1_228' title='bbox 721 3127 943 3184; x_wconf 62' lang='lat' dir='ltr'><strong>constat,</strong></span> <span class='ocrx_word' id='word_1_229' title='bbox 974 3138 1058 3175; x_wconf 90' lang='lat' dir='ltr'><strong>su-</strong></span> 
     </span>
    </p>
   </div>
   <div class='ocr_carea' id='block_1_7' title="bbox 114 3379 458 3555">
    <p class='ocr_par' dir='ltr' id='par_1_8' title="bbox 114 3379 458 3555">
     <span class='ocr_line' id='line_1_43' title="bbox 129 3379 325 3434; baseline 0.01 -21"><span class='ocrx_word' id='word_1_230' title='bbox 129 3379 160 3415; x_wconf 66' lang='lat' dir='ltr'><strong>a)</strong></span> <span class='ocrx_word' id='word_1_231' title='bbox 188 3379 246 3434; x_wconf 65' lang='lat'><strong>33,</strong></span> <span class='ocrx_word' id='word_1_232' title='bbox 270 3380 325 3415; x_wconf 78' lang='lat'><strong>14.</strong></span> 
     </span>
     <span class='ocr_line' id='line_1_44' title="bbox 114 3421 328 3555; baseline 0.014 -56"><span class='ocrx_word' id='word_1_233' title='bbox 114 3421 167 3555; x_wconf 67' lang='lat' dir='ltr'><strong>{a</strong></span> <span class='ocrx_word' id='word_1_234' title='bbox 189 3422 248 3508; x_wconf 69' lang='lat' dir='ltr'><strong>a·</strong></span> <span class='ocrx_word' id='word_1_235' title='bbox 273 3424 328 3503; x_wconf 69' lang='lat'><strong>33.-</strong></span> 
     </span>
     <span class='ocr_line' id='line_1_45' title="bbox 129 3510 458 3554; baseline 0.015 -9"><span class='ocrx_word' id='word_1_236' title='bbox 129 3510 163 3554; x_wconf 78' lang='lat'><strong>6)</strong></span> <span class='ocrx_word' id='word_1_237' title='bbox 190 3511 207 3545; x_wconf 88' lang='lat'>1</span> <span class='ocrx_word' id='word_1_238' title='bbox 229 3511 320 3549; x_wconf 82' lang='lat' dir='ltr'><strong>Tim.</strong></span> <span class='ocrx_word' id='word_1_239' title='bbox 345 3511 379 3554; x_wconf 79' lang='lat'><strong>6,</strong></span> <span class='ocrx_word' id='word_1_240' title='bbox 404 3511 458 3550; x_wconf 73' lang='lat'><strong>16.</strong></span> 
     </span>
    </p>
   </div>
   <div class='ocr_carea' id='block_1_8' title="bbox 1120 456 2125 3188">
    <p class='ocr_par' dir='ltr' id='par_1_9' title="bbox 1128 456 2125 1341">
     <span class='ocr_line' id='line_1_46' title="bbox 1134 456 2122 526; baseline 0.003 -17"><span class='ocrx_word' id='word_1_241' title='bbox 1134 457 1356 509; x_wconf 16' lang='lat' dir='ltr'><strong>autoulla</strong></span> <span class='ocrx_word' id='word_1_242' title='bbox 1385 462 1643 509; x_wconf 79' lang='lat' dir='ltr'><strong>creatura.</strong></span> <span class='ocrx_word' id='word_1_243' title='bbox 1679 477 1705 506; x_wconf 87' lang='lat'>»</span> <span class='ocrx_word' id='word_1_244' title='bbox 1735 457 1787 510; x_wconf 91' lang='lat' dir='ltr'><strong>S.</strong></span> <span class='ocrx_word' id='word_1_245' title='bbox 1819 456 2122 526; x_wconf 62' lang='lat' dir='ltr'><strong>Augyustinus</strong></span> 
     </span>
     <span class='ocr_line' id='line_1_47' title="bbox 1137 530 2124 600; baseline 0.004 -18"><span class='ocrx_word' id='word_1_246' title='bbox 1137 530 1586 600; x_wconf 64' lang='lat' dir='ltr'><strong>(1ll):«Attingere</strong></span> <span class='ocrx_word' id='word_1_247' title='bbox 1610 531 1929 599; x_wconf 85' lang='lat' dir='ltr'><strong>aliquantum</strong></span> <span class='ocrx_word' id='word_1_248' title='bbox 1955 542 2124 586; x_wconf 84' lang='lat' dir='ltr'><strong>mente</strong></span> 
     </span>
     <span class='ocr_line' id='line_1_48' title="bbox 1134 605 2121 673; baseline 0.003 -17"><span class='ocrx_word' id='word_1_249' title='bbox 1134 605 1295 657; x_wconf 90' lang='lat' dir='ltr'><strong>Deum</strong></span> <span class='ocrx_word' id='word_1_250' title='bbox 1328 621 1514 673; x_wconf 76' lang='lat' dir='ltr'><strong>magna</strong></span> <span class='ocrx_word' id='word_1_251' title='bbox 1556 605 1814 657; x_wconf 80' lang='lat' dir='ltr'><strong>beatitudo</strong></span> <span class='ocrx_word' id='word_1_252' title='bbox 1847 612 1944 665; x_wconf 86' lang='lat' dir='ltr'><strong>est,</strong></span> <span class='ocrx_word' id='word_1_253' title='bbox 1989 623 2121 659; x_wconf 88' lang='lat' dir='ltr'><strong>com·</strong></span> 
     </span>
     <span class='ocr_line' id='line_1_49' title="bbox 1136 679 2124 748; baseline 0.001 -18"><span class='ocrx_word' id='word_1_254' title='bbox 1136 679 1452 746; x_wconf 82' lang='lat' dir='ltr'><strong>prehendere</strong></span> <span class='ocrx_word' id='word_1_255' title='bbox 1481 685 1654 730; x_wconf 90' lang='lat' dir='ltr'><strong>autem</strong></span> <span class='ocrx_word' id='word_1_256' title='bbox 1694 680 1901 730; x_wconf 86' lang='lat' dir='ltr'><strong>omnino</strong></span> <span class='ocrx_word' id='word_1_257' title='bbox 1943 680 2124 748; x_wconf 88' lang='lat' dir='ltr'><strong>impos-</strong></span> 
     </span>
     <span class='ocr_line' id='line_1_50' title="bbox 1132 751 2125 806; baseline 0.003 -3"><span class='ocrx_word' id='word_1_258' title='bbox 1132 752 1335 805; x_wconf 88' lang='lat' dir='ltr'><strong>sibile.»</strong></span> <span class='ocrx_word' id='word_1_259' title='bbox 1368 752 1595 804; x_wconf 85' lang='lat' dir='ltr'><strong>Tandem</strong></span> <span class='ocrx_word' id='word_1_260' title='bbox 1625 751 1770 805; x_wconf 79' lang='lat' dir='ltr'><strong>Cone.</strong></span> <span class='ocrx_word' id='word_1_261' title='bbox 1797 754 2031 806; x_wconf 77' lang='lat' dir='ltr'><strong>Lateran.</strong></span> <span class='ocrx_word' id='word_1_262' title='bbox 2051 755 2125 806; x_wconf 89' lang='lat' dir='ltr'><strong>IV</strong></span> 
     </span>
     <span class='ocr_line' id='line_1_51' title="bbox 1132 825 2124 896; baseline 0.002 -19"><span class='ocrx_word' id='word_1_263' title='bbox 1132 842 1244 894; x_wconf 87' lang='lat' dir='ltr'><strong>cap.</strong></span> <span class='ocrx_word' id='word_1_264' title='bbox 1279 826 1519 878; x_wconf 83' lang='lat' dir='ltr'><strong>Firmiter</strong></span> <span class='ocrx_word' id='word_1_265' title='bbox 1535 826 1678 878; x_wconf 87' lang='lat' dir='ltr'><strong>dicit:</strong></span> <span class='ocrx_word' id='word_1_266' title='bbox 1698 825 1975 889; x_wconf 77' lang='lat' dir='ltr'><strong>Credimus,</strong></span> <span class='ocrx_word' id='word_1_267' title='bbox 1995 831 2124 896; x_wconf 80' lang='lat' dir='ltr'><strong>quod</strong></span> 
     </span>
     <span class='ocr_line' id='line_1_52' title="bbox 1131 901 2124 962; baseline 0.002 -11"><span class='ocrx_word' id='word_1_268' title='bbox 1131 917 1259 952; x_wconf 73' lang='lat' dir='ltr'><strong>tinus</strong></span> <span class='ocrx_word' id='word_1_269' title='bbox 1285 902 1417 952; x_wconf 76' lang='lat' dir='ltr'><strong>solus</strong></span> <span class='ocrx_word' id='word_1_270' title='bbox 1457 901 1518 952; x_wconf 76' lang='lat' dir='ltr'><strong>sit</strong></span> <span class='ocrx_word' id='word_1_271' title='bbox 1546 901 1698 960; x_wconf 66' lang='lat' dir='ltr'><strong>Deua,</strong></span> <span class='ocrx_word' id='word_1_272' title='bbox 1742 909 1990 962; x_wconf 74' lang='lat' dir='ltr'><strong>aeternus,</strong></span> <span class='ocrx_word' id='word_1_273' title='bbox 2037 904 2124 953; x_wconf 72' lang='lat' dir='ltr'><strong>im-</strong></span> 
     </span>
     <span class='ocr_line' id='line_1_53' title="bbox 1131 974 2123 1042; baseline 0.001 -17"><span class='ocrx_word' id='word_1_274' title='bbox 1131 991 1322 1026; x_wconf 75' lang='lat' dir='ltr'><strong>mensus</strong></span> <span class='ocrx_word' id='word_1_275' title='bbox 1345 1016 1357 1035; x_wconf 87' lang='lat'><strong>‚</strong></span> <span class='ocrx_word' id='word_1_276' title='bbox 1411 974 1931 1042; x_wconf 55' lang='lat' dir='ltr'><strong>incomprehensibili&amp;</strong></span> <span class='ocrx_word' id='word_1_277' title='bbox 1986 975 2123 1027; x_wconf 82' lang='lat' dir='ltr'><strong>Deus</strong></span> 
     </span>
     <span class='ocr_line' id='line_1_54' title="bbox 1130 1049 2121 1117; baseline 0.001 -17"><span class='ocrx_word' id='word_1_278' title='bbox 1130 1065 1314 1117; x_wconf 83' lang='lat' dir='ltr'><strong>nempe</strong></span> <span class='ocrx_word' id='word_1_279' title='bbox 1355 1055 1431 1100; x_wconf 84' lang='lat' dir='ltr'><strong>est</strong></span> <span class='ocrx_word' id='word_1_280' title='bbox 1474 1050 1575 1100; x_wconf 82' lang='lat' dir='ltr'><strong>Ens</strong></span> <span class='ocrx_word' id='word_1_281' title='bbox 1626 1049 1881 1101; x_wconf 83' lang='lat' dir='ltr'><strong>infinitum</strong></span> <span class='ocrx_word' id='word_1_282' title='bbox 1910 1089 1921 1108; x_wconf 89' lang='lat'>‚</span> <span class='ocrx_word' id='word_1_283' title='bbox 1975 1065 2121 1101; x_wconf 85' lang='lat' dir='ltr'><strong>mens</strong></span> 
     </span>
     <span class='ocr_line' id='line_1_55' title="bbox 1131 1122 2119 1186; baseline 0.002 -13"><span class='ocrx_word' id='word_1_284' title='bbox 1131 1139 1251 1174; x_wconf 84' lang='lat' dir='ltr'><strong>vero</strong></span> <span class='ocrx_word' id='word_1_285' title='bbox 1295 1131 1467 1174; x_wconf 87' lang='lat' dir='ltr'><strong>nostra</strong></span> <span class='ocrx_word' id='word_1_286' title='bbox 1510 1129 1586 1174; x_wconf 84' lang='lat' dir='ltr'><strong>est</strong></span> <span class='ocrx_word' id='word_1_287' title='bbox 1625 1122 1794 1186; x_wconf 82' lang='lat' dir='ltr'><strong>finita3</strong></span> <span class='ocrx_word' id='word_1_288' title='bbox 1864 1122 2119 1176; x_wconf 84' lang='lat' dir='ltr'><strong>infinitum</strong></span> 
     </span>
     <span class='ocr_line' id='line_1_56' title="bbox 1129 1196 2117 1265; baseline 0.002 -17"><span class='ocrx_word' id='word_1_289' title='bbox 1129 1204 1303 1249; x_wconf 86' lang='lat' dir='ltr'><strong>autem</strong></span> <span class='ocrx_word' id='word_1_290' title='bbox 1345 1213 1371 1247; x_wconf 88' lang='lat' dir='ltr'><strong>a</strong></span> <span class='ocrx_word' id='word_1_291' title='bbox 1423 1197 1567 1249; x_wconf 86' lang='lat' dir='ltr'><strong>finito</strong></span> <span class='ocrx_word' id='word_1_292' title='bbox 1615 1196 1976 1265; x_wconf 81' lang='lat' dir='ltr'><strong>comprehendi</strong></span> <span class='ocrx_word' id='word_1_293' title='bbox 2031 1214 2117 1250; x_wconf 85' lang='lat' dir='ltr'><strong>ne-</strong></span> 
     </span>
     <span class='ocr_line' id='line_1_57' title="bbox 1128 1268 1402 1341; baseline -0.004 -19"><span class='ocrx_word' id='word_1_294' title='bbox 1128 1271 1239 1338; x_wconf 86' lang='lat' dir='ltr'><strong>quit</strong></span> <span class='ocrx_word' id='word_1_295' title='bbox 1269 1268 1402 1341; x_wconf 59' lang='lat' dir='ltr'><strong>(te).</strong></span> 
     </span>
    </p>

    <p class='ocr_par' dir='ltr' id='par_1_10' title="bbox 1120 1343 2120 3188">
     <span class='ocr_line' id='line_1_58' title="bbox 1202 1343 2116 1412; baseline 0 -16"><span class='ocrx_word' id='word_1_296' title='bbox 1202 1345 1253 1396; x_wconf 81' lang='lat'><strong>5.</strong></span> <span class='ocrx_word' id='word_1_297' title='bbox 1288 1344 1534 1406; x_wconf 78' lang='lat' dir='ltr'><strong>Quamvis</strong></span> <span class='ocrx_word' id='word_1_298' title='bbox 1572 1343 1736 1396; x_wconf 89' lang='lat' dir='ltr'><strong>Deum</strong></span> <span class='ocrx_word' id='word_1_299' title='bbox 1778 1344 2116 1412; x_wconf 87' lang='lat' dir='ltr'><strong>comprehen-</strong></span> 
     </span>
     <span class='ocr_line' id='line_1_59' title="bbox 1128 1417 2117 1479; baseline 0.002 -10"><span class='ocrx_word' id='word_1_300' title='bbox 1128 1418 1248 1470; x_wconf 86' lang='lat' dir='ltr'><strong>dere</strong></span> <span class='ocrx_word' id='word_1_301' title='bbox 1279 1435 1377 1471; x_wconf 90' lang='lat' dir='ltr'><strong>non</strong></span> <span class='ocrx_word' id='word_1_302' title='bbox 1411 1417 1702 1479; x_wconf 82' lang='lat' dir='ltr'><strong>valeamuS‚</strong></span> <span class='ocrx_word' id='word_1_303' title='bbox 1749 1419 1906 1470; x_wconf 87' lang='lat' dir='ltr'><strong>talem</strong></span> <span class='ocrx_word' id='word_1_304' title='bbox 1946 1426 2117 1471; x_wconf 88' lang='lat' dir='ltr'><strong>tamen</strong></span> 
     </span>
     <span class='ocr_line' id='line_1_60' title="bbox 1128 1492 2118 1562; baseline 0 -18"><span class='ocrx_word' id='word_1_305' title='bbox 1128 1493 1189 1545; x_wconf 88' lang='lat' dir='ltr'><strong>de</strong></span> <span class='ocrx_word' id='word_1_306' title='bbox 1217 1494 1324 1560; x_wconf 76' lang='lat' dir='ltr'><strong>ipso</strong></span> <span class='ocrx_word' id='word_1_307' title='bbox 1353 1493 1699 1559; x_wconf 79' lang='lat' dir='ltr'><strong>cognitionem</strong></span> <span class='ocrx_word' id='word_1_308' title='bbox 1737 1492 1879 1544; x_wconf 90' lang='lat' dir='ltr'><strong>nohis</strong></span> <span class='ocrx_word' id='word_1_309' title='bbox 1915 1508 2118 1562; x_wconf 90' lang='lat' dir='ltr'><strong>compa-</strong></span> 
     </span>
     <span class='ocr_line' id='line_1_61' title="bbox 1129 1567 2120 1635; baseline 0 -16"><span class='ocrx_word' id='word_1_310' title='bbox 1129 1583 1241 1619; x_wconf 90' lang='lat' dir='ltr'><strong>rare</strong></span> <span class='ocrx_word' id='word_1_311' title='bbox 1266 1582 1554 1635; x_wconf 84' lang='lat' dir='ltr'><strong>possumuS‚</strong></span> <span class='ocrx_word' id='word_1_312' title='bbox 1574 1583 1705 1635; x_wconf 84' lang='lat' dir='ltr'><strong>quae</strong></span> <span class='ocrx_word' id='word_1_313' title='bbox 1729 1567 1910 1618; x_wconf 87' lang='lat' dir='ltr'><strong>rationi</strong></span> <span class='ocrx_word' id='word_1_314' title='bbox 1934 1567 1982 1618; x_wconf 90' lang='lat' dir='ltr'><strong>in</strong></span> <span class='ocrx_word' id='word_1_315' title='bbox 2010 1567 2120 1621; x_wconf 86' lang='lat' dir='ltr'><strong>fun-</strong></span> 
     </span>
     <span class='ocr_line' id='line_1_62' title="bbox 1126 1639 2115 1707; baseline 0.001 -15"><span class='ocrx_word' id='word_1_316' title='bbox 1126 1642 1293 1693; x_wconf 86' lang='lat' dir='ltr'><strong>ctione</strong></span> <span class='ocrx_word' id='word_1_317' title='bbox 1326 1640 1602 1692; x_wconf 87' lang='lat' dir='ltr'><strong>theoretica</strong></span> <span class='ocrx_word' id='word_1_318' title='bbox 1633 1647 1684 1692; x_wconf 82' lang='lat' dir='ltr'><strong>et</strong></span> <span class='ocrx_word' id='word_1_319' title='bbox 1723 1642 1946 1707; x_wconf 86' lang='lat' dir='ltr'><strong>practica</strong></span> <span class='ocrx_word' id='word_1_320' title='bbox 1974 1639 2115 1693; x_wconf 67' lang='lat' dir='ltr'><strong>sulii&lt;</strong></span> 
     </span>
     <span class='ocr_line' id='line_1_63' title="bbox 1126 1714 2117 1776; baseline 0.001 -10"><span class='ocrx_word' id='word_1_321' title='bbox 1126 1717 1214 1776; x_wconf 87' lang='lat' dir='ltr'><strong>cit,</strong></span> <span class='ocrx_word' id='word_1_322' title='bbox 1248 1722 1304 1766; x_wconf 89' lang='lat' dir='ltr'><strong>ut</strong></span> <span class='ocrx_word' id='word_1_323' title='bbox 1334 1721 1442 1766; x_wconf 86' lang='lat' dir='ltr'><strong>tum</strong></span> <span class='ocrx_word' id='word_1_324' title='bbox 1485 1714 1758 1766; x_wconf 86' lang='lat' dir='ltr'><strong>relationes</strong></span> <span class='ocrx_word' id='word_1_325' title='bbox 1791 1714 1956 1766; x_wconf 85' lang='lat' dir='ltr'><strong>Deum</strong></span> <span class='ocrx_word' id='word_1_326' title='bbox 1985 1716 2117 1767; x_wconf 88' lang='lat' dir='ltr'><strong>inter</strong></span> 
     </span>
     <span class='ocr_line' id='line_1_64' title="bbox 1126 1788 2116 1849; baseline 0.001 -10"><span class='ocrx_word' id='word_1_327' title='bbox 1126 1796 1176 1839; x_wconf 88' lang='lat' dir='ltr'><strong>et</strong></span> <span class='ocrx_word' id='word_1_328' title='bbox 1205 1789 1464 1840; x_wconf 88' lang='lat' dir='ltr'><strong>hominem</strong></span> <span class='ocrx_word' id='word_1_329' title='bbox 1506 1788 1876 1849; x_wconf 86' lang='lat' dir='ltr'><strong>determinare,</strong></span> <span class='ocrx_word' id='word_1_330' title='bbox 1910 1795 2018 1840; x_wconf 89' lang='lat' dir='ltr'><strong>tum</strong></span> <span class='ocrx_word' id='word_1_331' title='bbox 2045 1789 2116 1841; x_wconf 80' lang='lat' dir='ltr'><strong>of-</strong></span> 
     </span>
     <span class='ocr_line' id='line_1_65' title="bbox 1127 1861 2115 1930; baseline 0.002 -17"><span class='ocrx_word' id='word_1_332' title='bbox 1127 1862 1240 1914; x_wconf 83' lang='lat' dir='ltr'><strong>ficia</strong></span> <span class='ocrx_word' id='word_1_333' title='bbox 1277 1862 1465 1914; x_wconf 85' lang='lat' dir='ltr'><strong>exinde</strong></span> <span class='ocrx_word' id='word_1_334' title='bbox 1507 1861 1761 1913; x_wconf 84' lang='lat' dir='ltr'><strong>deducere</strong></span> <span class='ocrx_word' id='word_1_335' title='bbox 1801 1870 1972 1930; x_wconf 84' lang='lat' dir='ltr'><strong>queat.</strong></span> <span class='ocrx_word' id='word_1_336' title='bbox 2016 1861 2115 1915; x_wconf 84' lang='lat' dir='ltr'><strong>Ge·</strong></span> 
     </span>
     <span class='ocr_line' id='line_1_66' title="bbox 1129 1936 2114 2003; baseline 0.001 -16"><span class='ocrx_word' id='word_1_337' title='bbox 1129 1936 1349 1988; x_wconf 87' lang='lat' dir='ltr'><strong>neratim</strong></span> <span class='ocrx_word' id='word_1_338' title='bbox 1376 1936 1512 1987; x_wconf 89' lang='lat' dir='ltr'><strong>enim</strong></span> <span class='ocrx_word' id='word_1_339' title='bbox 1553 1951 1795 2003; x_wconf 82' lang='lat' dir='ltr'><strong>persaepe</strong></span> <span class='ocrx_word' id='word_1_340' title='bbox 1838 1951 2007 1987; x_wconf 88' lang='lat' dir='ltr'><strong>rerum</strong></span> <span class='ocrx_word' id='word_1_341' title='bbox 2034 1952 2114 1988; x_wconf 86' lang='lat' dir='ltr'><strong>es-</strong></span> 
     </span>
     <span class='ocr_line' id='line_1_67' title="bbox 1125 2010 2115 2077; baseline 0 -15"><span class='ocrx_word' id='word_1_342' title='bbox 1125 2011 1316 2062; x_wconf 88' lang='lat' dir='ltr'><strong>sentias</strong></span> <span class='ocrx_word' id='word_1_343' title='bbox 1345 2026 1444 2061; x_wconf 87' lang='lat' dir='ltr'><strong>non</strong></span> <span class='ocrx_word' id='word_1_344' title='bbox 1478 2010 1832 2077; x_wconf 82' lang='lat' dir='ltr'><strong>perspicimuS,</strong></span> <span class='ocrx_word' id='word_1_345' title='bbox 1866 2017 1916 2061; x_wconf 87' lang='lat' dir='ltr'><strong>et</strong></span> <span class='ocrx_word' id='word_1_346' title='bbox 1946 2016 2115 2062; x_wconf 88' lang='lat' dir='ltr'><strong>tamen</strong></span> 
     </span>
     <span class='ocr_line' id='line_1_68' title="bbox 1126 2082 2117 2151; baseline 0 -15"><span class='ocrx_word' id='word_1_347' title='bbox 1126 2101 1206 2136; x_wconf 87' lang='lat' dir='ltr'><strong>res</strong></span> <span class='ocrx_word' id='word_1_348' title='bbox 1247 2099 1554 2151; x_wconf 80' lang='lat' dir='ltr'><strong>cognoscere</strong></span> <span class='ocrx_word' id='word_1_349' title='bbox 1596 2084 1832 2134; x_wconf 86' lang='lat' dir='ltr'><strong>dicimur.</strong></span> <span class='ocrx_word' id='word_1_350' title='bbox 1876 2082 2117 2136; x_wconf 85' lang='lat' dir='ltr'><strong>Animam</strong></span> 
     </span>
     <span class='ocr_line' id='line_1_69' title="bbox 1125 2156 2112 2226; baseline 0 -16"><span class='ocrx_word' id='word_1_351' title='bbox 1125 2159 1339 2211; x_wconf 88' lang='lat' dir='ltr'><strong>alterins</strong></span> <span class='ocrx_word' id='word_1_352' title='bbox 1368 2158 1588 2210; x_wconf 85' lang='lat' dir='ltr'><strong>hominis</strong></span> <span class='ocrx_word' id='word_1_353' title='bbox 1615 2173 1745 2226; x_wconf 88' lang='lat' dir='ltr'><strong>quae</strong></span> <span class='ocrx_word' id='word_1_354' title='bbox 1769 2156 1988 2224; x_wconf 87' lang='lat' dir='ltr'><strong>simplex</strong></span> <span class='ocrx_word' id='word_1_355' title='bbox 2016 2166 2112 2219; x_wconf 83' lang='lat' dir='ltr'><strong>est,</strong></span> 
     </span>
     <span class='ocr_line' id='line_1_70' title="bbox 1125 2231 2115 2299; baseline 0 -15"><span class='ocrx_word' id='word_1_356' title='bbox 1125 2250 1223 2285; x_wconf 90' lang='lat' dir='ltr'><strong>non</strong></span> <span class='ocrx_word' id='word_1_357' title='bbox 1256 2232 1515 2294; x_wconf 65' lang='lat' dir='ltr'><strong>videnum,</strong></span> <span class='ocrx_word' id='word_1_358' title='bbox 1548 2238 1599 2283; x_wconf 82' lang='lat' dir='ltr'><strong>ct</strong></span> <span class='ocrx_word' id='word_1_359' title='bbox 1628 2231 1817 2283; x_wconf 89' lang='lat' dir='ltr'><strong>multas</strong></span> <span class='ocrx_word' id='word_1_360' title='bbox 1845 2233 1955 2283; x_wconf 89' lang='lat' dir='ltr'><strong>eius</strong></span> <span class='ocrx_word' id='word_1_361' title='bbox 1983 2233 2115 2299; x_wconf 80' lang='lat' dir='ltr'><strong>cogi·</strong></span> 
     </span>
     <span class='ocr_line' id='line_1_71' title="bbox 1127 2305 2110 2370; baseline -0.001 -12"><span class='ocrx_word' id='word_1_362' title='bbox 1127 2308 1344 2359; x_wconf 86' lang='lat' dir='ltr'><strong>tationes</strong></span> <span class='ocrx_word' id='word_1_363' title='bbox 1405 2313 1454 2357; x_wconf 89' lang='lat' dir='ltr'><strong>et</strong></span> <span class='ocrx_word' id='word_1_364' title='bbox 1509 2306 1774 2359; x_wconf 85' lang='lat' dir='ltr'><strong>volitiones</strong></span> <span class='ocrx_word' id='word_1_365' title='bbox 1815 2305 2110 2370; x_wconf 80' lang='lat' dir='ltr'><strong>nescimus3</strong></span> 
     </span>
     <span class='ocr_line' id='line_1_72' title="bbox 1123 2381 2114 2447; baseline 0.002 -16"><span class='ocrx_word' id='word_1_366' title='bbox 1123 2381 1209 2432; x_wconf 85' lang='lat' dir='ltr'><strong>sed</strong></span> <span class='ocrx_word' id='word_1_367' title='bbox 1238 2388 1406 2432; x_wconf 85' lang='lat' dir='ltr'><strong>tamen</strong></span> <span class='ocrx_word' id='word_1_368' title='bbox 1431 2386 1646 2431; x_wconf 86' lang='lat' dir='ltr'><strong>eatenus</strong></span> <span class='ocrx_word' id='word_1_369' title='bbox 1668 2395 1781 2432; x_wconf 86' lang='lat' dir='ltr'><strong>eam</strong></span> <span class='ocrx_word' id='word_1_370' title='bbox 1806 2395 2114 2447; x_wconf 84' lang='lat' dir='ltr'><strong>cognoscere</strong></span> 
     </span>
     <span class='ocr_line' id='line_1_73' title="bbox 1124 2455 2115 2522; baseline 0.001 -17"><span class='ocrx_word' id='word_1_371' title='bbox 1124 2455 1363 2515; x_wconf 87' lang='lat' dir='ltr'><strong>dicimur,</strong></span> <span class='ocrx_word' id='word_1_372' title='bbox 1382 2461 1638 2522; x_wconf 87' lang='lat' dir='ltr'><strong>quatenus</strong></span> <span class='ocrx_word' id='word_1_373' title='bbox 1663 2469 1751 2522; x_wconf 90' lang='lat' dir='ltr'><strong>per</strong></span> <span class='ocrx_word' id='word_1_374' title='bbox 1777 2469 2041 2506; x_wconf 87' lang='lat' dir='ltr'><strong>sermones</strong></span> <span class='ocrx_word' id='word_1_375' title='bbox 2063 2463 2115 2506; x_wconf 82' lang='lat' dir='ltr'><strong>et</strong></span> 
     </span>
     <span class='ocr_line' id='line_1_74' title="bbox 1123 2527 2112 2581; baseline -0.001 0"><span class='ocrx_word' id='word_1_376' title='bbox 1123 2530 1352 2581; x_wconf 87' lang='lat' dir='ltr'><strong>actiones</strong></span> <span class='ocrx_word' id='word_1_377' title='bbox 1410 2528 1640 2579; x_wconf 80' lang='lat' dir='ltr'><strong>eiusdem</strong></span> <span class='ocrx_word' id='word_1_378' title='bbox 1690 2543 1873 2580; x_wconf 88' lang='lat' dir='ltr'><strong>sensus</strong></span> <span class='ocrx_word' id='word_1_379' title='bbox 1924 2527 2112 2580; x_wconf 87' lang='lat' dir='ltr'><strong>interni</strong></span> 
     </span>
     <span class='ocr_line' id='line_1_75' title="bbox 1125 2601 2113 2662; baseline -0.001 -7"><span class='ocrx_word' id='word_1_380' title='bbox 1125 2604 1269 2655; x_wconf 89' lang='lat' dir='ltr'><strong>nobis</strong></span> <span class='ocrx_word' id='word_1_381' title='bbox 1336 2601 1749 2654; x_wconf 86' lang='lat' dir='ltr'><strong>manifestantur.</strong></span> <span class='ocrx_word' id='word_1_382' title='bbox 1818 2601 1928 2662; x_wconf 22' lang='lat' dir='ltr'><strong>Sic*</strong></span> <span class='ocrx_word' id='word_1_383' title='bbox 1958 2603 2113 2654; x_wconf 88' lang='lat' dir='ltr'><strong>etiam</strong></span> 
     </span>
     <span class='ocr_line' id='line_1_76' title="bbox 1122 2675 2112 2744; baseline -0.001 -15"><span class='ocrx_word' id='word_1_384' title='bbox 1122 2677 1286 2729; x_wconf 87' lang='lat' dir='ltr'><strong>Deum</strong></span> <span class='ocrx_word' id='word_1_385' title='bbox 1314 2718 1326 2738; x_wconf 94' lang='lat'>‚</span> <span class='ocrx_word' id='word_1_386' title='bbox 1370 2692 1522 2744; x_wconf 87' lang='lat' dir='ltr'><strong>quem</strong></span> <span class='ocrx_word' id='word_1_387' title='bbox 1566 2692 1664 2728; x_wconf 88' lang='lat' dir='ltr'><strong>non</strong></span> <span class='ocrx_word' id='word_1_388' title='bbox 1725 2675 2112 2743; x_wconf 87' lang='lat' dir='ltr'><strong>comprehendi-</strong></span> 
     </span>
     <span class='ocr_line' id='line_1_77' title="bbox 1124 2750 2108 2816; baseline -0.001 -13"><span class='ocrx_word' id='word_1_389' title='bbox 1124 2768 1257 2812; x_wconf 80' lang='lat' dir='ltr'><strong>mus,</strong></span> <span class='ocrx_word' id='word_1_390' title='bbox 1290 2757 1502 2803; x_wconf 88' lang='lat' dir='ltr'><strong>eatenus</strong></span> <span class='ocrx_word' id='word_1_391' title='bbox 1534 2756 1704 2802; x_wconf 86' lang='lat' dir='ltr'><strong>tamen</strong></span> <span class='ocrx_word' id='word_1_392' title='bbox 1731 2750 2108 2816; x_wconf 81' lang='lat' dir='ltr'><strong>cognoscimuS,</strong></span> 
     </span>
     <span class='ocr_line' id='line_1_78' title="bbox 1121 2824 2111 2894; baseline 0 -18"><span class='ocrx_word' id='word_1_393' title='bbox 1121 2832 1379 2894; x_wconf 86' lang='lat' dir='ltr'><strong>qnatenus</strong></span> <span class='ocrx_word' id='word_1_394' title='bbox 1408 2825 1457 2875; x_wconf 87' lang='lat' dir='ltr'><strong>in</strong></span> <span class='ocrx_word' id='word_1_395' title='bbox 1490 2840 1580 2875; x_wconf 87' lang='lat' dir='ltr'><strong>nos</strong></span> <span class='ocrx_word' id='word_1_396' title='bbox 1607 2825 1732 2890; x_wconf 76' lang='lat' dir='ltr'><strong>agit,</strong></span> <span class='ocrx_word' id='word_1_397' title='bbox 1763 2838 1818 2875; x_wconf 89' lang='lat' dir='ltr'><strong>se</strong></span> <span class='ocrx_word' id='word_1_398' title='bbox 1847 2824 1992 2876; x_wconf 90' lang='lat' dir='ltr'><strong>nobis</strong></span> <span class='ocrx_word' id='word_1_399' title='bbox 2032 2839 2111 2876; x_wconf 70' lang='lat' dir='ltr'><strong>re·</strong></span> 
     </span>
     <span class='ocr_line' id='line_1_79' title="bbox 1125 2897 2113 2967; baseline -0.002 -16"><span class='ocrx_word' id='word_1_400' title='bbox 1125 2904 1438 2967; x_wconf 85' lang='lat' dir='ltr'><strong>praesentat,</strong></span> <span class='ocrx_word' id='word_1_401' title='bbox 1473 2905 1523 2950; x_wconf 88' lang='lat' dir='ltr'><strong>et</strong></span> <span class='ocrx_word' id='word_1_402' title='bbox 1547 2897 1854 2950; x_wconf 85' lang='lat' dir='ltr'><strong>manifestat.</strong></span> <span class='ocrx_word' id='word_1_403' title='bbox 1891 2897 1999 2950; x_wconf 84' lang='lat' dir='ltr'><strong>Hoc</strong></span> <span class='ocrx_word' id='word_1_404' title='bbox 2025 2914 2113 2950; x_wconf 84' lang='lat' dir='ltr'><strong>au-</strong></span> 
     </span>
     <span class='ocr_line' id='line_1_80' title="bbox 1123 2970 2110 3039; baseline -0.002 -14"><span class='ocrx_word' id='word_1_405' title='bbox 1123 2981 1224 3025; x_wconf 90' lang='lat' dir='ltr'><strong>tem</strong></span> <span class='ocrx_word' id='word_1_406' title='bbox 1254 2973 1311 3025; x_wconf 80' lang='lat' dir='ltr'><strong>fit</strong></span> <span class='ocrx_word' id='word_1_407' title='bbox 1342 2979 1449 3024; x_wconf 90' lang='lat' dir='ltr'><strong>tum</strong></span> <span class='ocrx_word' id='word_1_408' title='bbox 1493 2970 1736 3031; x_wconf 86' lang='lat' dir='ltr'><strong>naturali,</strong></span> <span class='ocrx_word' id='word_1_409' title='bbox 1785 2977 1891 3023; x_wconf 87' lang='lat' dir='ltr'><strong>tum</strong></span> <span class='ocrx_word' id='word_1_410' title='bbox 1931 2987 2110 3039; x_wconf 87' lang='lat' dir='ltr'><strong>super-</strong></span> 
     </span>
     <span class='ocr_line' id='line_1_81' title="bbox 1124 3044 2113 3114; baseline -0.003 -15"><span class='ocrx_word' id='word_1_411' title='bbox 1124 3046 1342 3099; x_wconf 86' lang='lat' dir='ltr'><strong>naturali</strong></span> <span class='ocrx_word' id='word_1_412' title='bbox 1371 3045 1541 3106; x_wconf 88' lang='lat' dir='ltr'><strong>modo,</strong></span> <span class='ocrx_word' id='word_1_413' title='bbox 1572 3052 1728 3114; x_wconf 86' lang='lat' dir='ltr'><strong>atque</strong></span> <span class='ocrx_word' id='word_1_414' title='bbox 1757 3044 1866 3097; x_wconf 86' lang='lat' dir='ltr'><strong>ideo</strong></span> <span class='ocrx_word' id='word_1_415' title='bbox 1906 3045 2036 3097; x_wconf 76' lang='lat' dir='ltr'><strong>ratio</strong></span> <span class='ocrx_word' id='word_1_416' title='bbox 2063 3051 2113 3096; x_wconf 87' lang='lat' dir='ltr'><strong>et</strong></span> 
     </span>
     <span class='ocr_line' id='line_1_82' title="bbox 1120 3117 2111 3188; baseline -0.003 -15"><span class='ocrx_word' id='word_1_417' title='bbox 1120 3121 1346 3175; x_wconf 72' lang='lat' dir='ltr'><strong>revelatio</strong></span> <span class='ocrx_word' id='word_1_418' title='bbox 1384 3126 1506 3172; x_wconf 86' lang='lat' dir='ltr'><strong>sunt</strong></span> <span class='ocrx_word' id='word_1_419' title='bbox 1545 3119 1644 3172; x_wconf 88' lang='lat' dir='ltr'><strong>duo</strong></span> <span class='ocrx_word' id='word_1_420' title='bbox 1668 3119 1991 3188; x_wconf 60' lang='lat' dir='ltr'><strong>,cognitionis</strong></span> <span class='ocrx_word' id='word_1_421' title='bbox 2018 3117 2111 3171; x_wconf 87' lang='lat' dir='ltr'><strong>Dei</strong></span> 
     </span>
    </p>
   </div>
   <div class='ocr_carea' id='block_1_9' title="bbox 1165 3291 1952 3559">
    <p class='ocr_par' dir='ltr' id='par_1_11' title="bbox 1165 3291 1694 3337">
     <span class='ocr_line' id='line_1_83' title="bbox 1165 3291 1694 3337; baseline -0.002 -9"><span class='ocrx_word' id='word_1_422' title='bbox 1165 3293 1213 3337; x_wconf 77' lang='grc' dir='ltr'><strong>(Ἴ)</strong></span> <span class='ocrx_word' id='word_1_423' title='bbox 1242 3293 1280 3328; x_wconf 78' lang='lat' dir='ltr'><strong>L.</strong></span> <span class='ocrx_word' id='word_1_424' title='bbox 1303 3292 1326 3328; x_wconf 79' lang='lat'>4</span> <span class='ocrx_word' id='word_1_425' title='bbox 1348 3293 1426 3327; x_wconf 85' lang='lat' dir='ltr'><strong>adv.</strong></span> <span class='ocrx_word' id='word_1_426' title='bbox 1456 3293 1555 3327; x_wconf 78' lang='lat' dir='ltr'><strong>haer.</strong></span> <span class='ocrx_word' id='word_1_427' title='bbox 1580 3301 1612 3328; x_wconf 91' lang='lat' dir='ltr'><strong>c.</strong></span> <span class='ocrx_word' id='word_1_428' title='bbox 1641 3291 1694 3328; x_wconf 75' lang='lat'><strong>19.</strong></span> 
     </span>
    </p>

    <p class='ocr_par' dir='ltr' id='par_1_12' title="bbox 1166 3336 1675 3381">
     <span class='ocr_line' id='line_1_84' title="bbox 1166 3336 1675 3381; baseline -0.004 -9"><span class='ocrx_word' id='word_1_429' title='bbox 1166 3337 1215 3381; x_wconf 87' lang='lat'><strong>(8)</strong></span> <span class='ocrx_word' id='word_1_430' title='bbox 1244 3339 1292 3371; x_wconf 88' lang='lat' dir='ltr'><strong>De</strong></span> <span class='ocrx_word' id='word_1_431' title='bbox 1315 3337 1430 3380; x_wconf 85' lang='lat' dir='ltr'><strong>princ.</strong></span> <span class='ocrx_word' id='word_1_432' title='bbox 1458 3337 1494 3370; x_wconf 76' lang='lat' dir='ltr'><strong>L.</strong></span> <span class='ocrx_word' id='word_1_433' title='bbox 1522 3336 1554 3377; x_wconf 84' lang='lat'><strong>1,</strong></span> <span class='ocrx_word' id='word_1_434' title='bbox 1581 3347 1615 3370; x_wconf 89' lang='lat' dir='ltr'><strong>n.</strong></span> <span class='ocrx_word' id='word_1_435' title='bbox 1644 3337 1675 3370; x_wconf 81' lang='lat'><strong>5.</strong></span> 
     </span>
    </p>

    <p class='ocr_par' dir='ltr' id='par_1_13' title="bbox 1168 3379 1604 3424">
     <span class='ocr_line' id='line_1_85' title="bbox 1168 3379 1604 3424; baseline -0.002 -8"><span class='ocrx_word' id='word_1_436' title='bbox 1168 3382 1215 3424; x_wconf 54' lang='lat' dir='ltr'><strong>to)</strong></span> <span class='ocrx_word' id='word_1_437' title='bbox 1241 3382 1342 3416; x_wconf 85' lang='lat' dir='ltr'><strong>Cont.</strong></span> <span class='ocrx_word' id='word_1_438' title='bbox 1369 3381 1521 3415; x_wconf 79' lang='lat' dir='ltr'><strong>Eunoni.</strong></span> <span class='ocrx_word' id='word_1_439' title='bbox 1550 3379 1604 3415; x_wconf 70' lang='lat'><strong>12.</strong></span> 
     </span>
    </p>

    <p class='ocr_par' dir='ltr' id='par_1_14' title="bbox 1166 3424 1704 3468">
     <span class='ocr_line' id='line_1_86' title="bbox 1166 3424 1704 3468; baseline -0.004 -8"><span class='ocrx_word' id='word_1_440' title='bbox 1166 3426 1234 3468; x_wconf 84' lang='lat'>(10)</span> <span class='ocrx_word' id='word_1_441' title='bbox 1265 3426 1368 3458; x_wconf 85' lang='lat' dir='ltr'><strong>Hom.</strong></span> <span class='ocrx_word' id='word_1_442' title='bbox 1396 3424 1426 3459; x_wconf 74' lang='lat'><strong>4.</strong></span> <span class='ocrx_word' id='word_1_443' title='bbox 1453 3430 1550 3459; x_wconf 89' lang='lat' dir='ltr'><strong>cont.</strong></span> <span class='ocrx_word' id='word_1_444' title='bbox 1578 3429 1704 3459; x_wconf 80' lang='lat' dir='ltr'><strong>Anom.</strong></span> 
     </span>
    </p>

    <p class='ocr_par' dir='ltr' id='par_1_15' title="bbox 1182 3467 1952 3559">
     <span class='ocr_line' id='line_1_87' title="bbox 1183 3467 1952 3513; baseline 0 -9"><span class='ocrx_word' id='word_1_445' title='bbox 1183 3469 1238 3513; x_wconf 80' lang='lat'><strong>11)</strong></span> <span class='ocrx_word' id='word_1_446' title='bbox 1262 3470 1337 3503; x_wconf 87' lang='lat' dir='ltr'><strong>Ser.</strong></span> <span class='ocrx_word' id='word_1_447' title='bbox 1362 3468 1427 3504; x_wconf 80' lang='lat'><strong>117</strong></span> <span class='ocrx_word' id='word_1_448' title='bbox 1446 3469 1494 3504; x_wconf 87' lang='lat' dir='ltr'><strong>De</strong></span> <span class='ocrx_word' id='word_1_449' title='bbox 1510 3478 1586 3504; x_wconf 82' lang='lat' dir='ltr'><strong>ver.</strong></span> <span class='ocrx_word' id='word_1_450' title='bbox 1614 3471 1717 3503; x_wconf 76' lang='lat' dir='ltr'><strong>Doni.</strong></span> <span class='ocrx_word' id='word_1_451' title='bbox 1746 3477 1778 3502; x_wconf 90' lang='lat' dir='ltr'><strong>c.</strong></span> <span class='ocrx_word' id='word_1_452' title='bbox 1809 3468 1829 3502; x_wconf 79' lang='lat'>3</span> <span class='ocrx_word' id='word_1_453' title='bbox 1854 3477 1887 3502; x_wconf 87' lang='lat' dir='ltr'><strong>n.</strong></span> <span class='ocrx_word' id='word_1_454' title='bbox 1918 3467 1952 3504; x_wconf 71' lang='lat' dir='ltr'><strong>ts.</strong></span> 
     </span>
     <span class='ocr_line' id='line_1_88' title="bbox 1182 3512 1889 3559; baseline -0.004 -9"><span class='ocrx_word' id='word_1_455' title='bbox 1182 3514 1237 3559; x_wconf 76' lang='lat'><strong>12)</strong></span> <span class='ocrx_word' id='word_1_456' title='bbox 1264 3514 1314 3551; x_wconf 85' lang='lat' dir='ltr'><strong>Cl&#39;.</strong></span> <span class='ocrx_word' id='word_1_457' title='bbox 1340 3514 1379 3549; x_wconf 87' lang='lat' dir='ltr'><strong>S.</strong></span> <span class='ocrx_word' id='word_1_458' title='bbox 1405 3513 1536 3550; x_wconf 76' lang='lat' dir='ltr'><strong>Thom.</strong></span> <span class='ocrx_word' id='word_1_459' title='bbox 1559 3515 1590 3557; x_wconf 86' lang='lat'><strong>1,</strong></span> <span class='ocrx_word' id='word_1_460' title='bbox 1616 3523 1652 3557; x_wconf 87' lang='lat' dir='ltr'><strong>q.</strong></span> <span class='ocrx_word' id='word_1_461' title='bbox 1681 3513 1736 3556; x_wconf 79' lang='lat'><strong>12,</strong></span> <span class='ocrx_word' id='word_1_462' title='bbox 1761 3518 1828 3548; x_wconf 80' lang='lat' dir='ltr'><strong>att.</strong></span> <span class='ocrx_word' id='word_1_463' title='bbox 1855 3512 1889 3548; x_wconf 79' lang='lat'><strong>7.</strong></span> 
     </span>
    </p>
   </div>
  </div>
 </body>
</html>
