2332 3860
73 78 144 121 fr..
168 108 173 118 .

85 220 306 279 'externis
359 218 710 276 eredibilitatis
758 219 1064 273 characteri-

83 299 180 355 bus
213 294 485 364 insignitur
525 292 624 364 (i).

460 461 498 521 ς
534 462 674 507 fleat.

393 567 444 602 De
467 564 739 601 Praeadamitis.

146 664 359 720 Saeculo
409 664 503 717 47⁰
550 664 751 716 Isaacus
800 662 1060 732 Peyrerius

111 741 260 802 alluS‚
299 755 326 791 e
366 739 763 793 calvinistarum
803 743 962 798 secta,
995 754 1060 790 ex

94 830 181 885 psa
202 814 255 867 S.
286 814 547 882 Scriptura
577 813 790 881 probare
819 813 1054 874 tentavit,

73 889 174 942 iam
211 895 329 941 ante
387 888 641 940 Adamum
682 894 732 938 et
773 887 931 938 Evam
972 886 1059 938 ho-

61 963 234 1016 rmines
281 963 530 1015 extitisse.
585 961 856 1014 Contendit
914 961 1058 1011 nimi-

68 1042 182 1091 rum
223 1037 352 1090 Gen.
389 1037 427 1095 l,
459 1037 528 1088 26
557 1044 657 1088 etc.
691 1035 886 1087 narrari
917 1051 1058 1087 crea-

70 1111 258 1164 tionem
309 1112 586 1179 primorum
636 1110 938 1168 hominum,
992 1126 1056 1161 ex

67 1187 251 1254 ⁴quibus
277 1186 464 1237 ethnici
496 1185 809 1252 prodierunt3
856 1191 907 1235 et
929 1182 1054 1237 Gen.

66 1257 132 1317 ss,
163 1260 194 1311 7
224 1266 322 1312 etc.
354 1260 583 1312 exhiberi
606 1259 785 1311 Adami
815 1264 866 1309 et
892 1258 1050 1317 Evae,

63 1331 413 1386 Hebraeorum
466 1340 913 1401 protoparentum,
957 1333 1056 1385 for-

46 1410 364 1470 mationem,
390 1425 418 1460 a
443 1410 595 1476 priori
624 1409 882 1459 creatione
905 1407 1054 1476 longo

64 1498 338 1544 annorum,
381 1483 482 1534 imo
523 1489 573 1534 et
618 1482 940 1534 saeculorum
983 1483 1055 1533 in-

64 1557 283 1610 tervallo
337 1558 651 1617 distantem,
713 1564 865 1623 atque
918 1556 1053 1607 solos

35 1630 320 1683 *Hebraeos
358 1630 632 1691 Aelamitae,
674 1630 892 1697 gentiles
932 1646 1052 1682 vero

61 1704 425 1757 Praeadamieas
504 1704 835 1773 appellandos
916 1720 1046 1757 esse.

59 1777 332 1848 Peyrerius
384 1786 555 1831 tamen
597 1794 624 1830 a
678 1778 853 1829 multis
893 1778 1049 1831 solide

59 1854 352 1906 confutatus
376 1853 553 1906 falsam
583 1868 727 1904 suam
757 1852 1048 1920 opinionem

59 1941 162 1980 una
202 1943 319 1980 cum
377 1928 679 1979 calvinismo
724 1927 914 1979 Romae
967 1942 1047 1979 co-

57 2017 170 2055 ram
194 2017 394 2055 summo
422 2001 665 2054 Pontifice
693 2002 930 2053 ejuravit.
963 2000 1050 2053 At·

58 2082 229 2129 tamen
270 2093 370 2133 non
413 2076 703 2136 defuerunt,
734 2077 819 2144 qui
861 2075 1047 2144 Peyre-

57 2152 119 2203 rii
161 2167 360 2204 errores
398 2153 835 2219 amplecterentur
874 2157 925 2202 et
965 2151 1046 2202 de-

57 2225 344 2278 fenderent.
371 2224 558 2278 Contra
585 2226 706 2277 istos
728 2223 1045 2293 probandum

56 2305 154 2362 est,
198 2301 497 2355 universum
538 2315 702 2368 genus
760 2299 1043 2352 humanum

56 2374 120 2426 ab
160 2373 326 2426 Adam
365 2380 415 2426 et
464 2374 571 2426 Eva
610 2374 838 2426 omnium
881 2382 1047 2441 proto-

56 2449 351 2516 parentibus
378 2449 627 2515 originem
652 2447 876 2500 trahere.
907 2447 1045 2500 Haec

54 2523 329 2591 propositio
369 2523 541 2590 magni
582 2529 659 2575 est
695 2522 961 2583 momenti,
994 2530 1046 2575 et

53 2597 118 2649 ad
158 2596 311 2651 fidem
349 2602 568 2665 spectat,
600 2597 718 2666 quia
755 2598 1044 2649 necessario

10 2724 13 2730 s
53 2685 286 2724 connexa
325 2678 403 2723 est
432 2687 547 2723 cum
575 2670 813 2740 dogmate
841 2669 903 2723 de
932 2687 1046 2740 pro-

24 2746 323 2814 pagatione
363 2746 557 2813 peccati
593 2745 874 2812 originalis,

129 2819 179 2872 1.
226 2818 486 2873 Adamum
531 2825 582 2871 et
631 2819 793 2872 Evam
853 2820 1043 2886 primos

23 2891 286 2946 *homines
325 2893 480 2946 fuisse
525 2898 577 2945 et
627 2899 950 2946 caeterorum
991 2911 1043 2946 o·

0 2969 247 3031 '‘smnium
273 2971 678 3036 protoparenteS‚
722 2967 1042 3031 apertissime

8 3108 10 3110 Ὺ
51 3042 208 3095 tradit
245 3041 299 3095 S.
359 3041 650 3110 Scriptura,
706 3048 757 3094 et
798 3042 1043 3110 praeada-

50 3118 202 3169 mitas
239 3116 445 3185 penitus
471 3115 719 3169 excludit.
753 3115 881 3168 Nam
908 3115 1036 3170 Gen.

24 3187 373 3252 ,l‘fn'a'rratun
415 3186 475 3242 In
498 3190 769 3259 principio,
802 3190 1043 3244 videlicet

51 3262 355 3318 inexordio
410 3266 692 3333 temporiS‚
748 3265 882 3334 quod
924 3282 1039 3320 cum

55 3338 257 3391 entibus
319 3339 738 3406 contingentibus
810 3340 1037 3409 incepit,

0 3442 6 3488 .‘
53 3410 221 3470 Deum
257 3413 542 3466 condidisse
591 3413 792 3467 coelum
839 3420 892 3468 et
944 3420 1043 3468 ter·

0 3551 9 3562 .
97 3509 150 3558 (ι)
172 3504 223 3552 ce.
249 3511 430 3554 nooman
453 3514 487 3554 ι.
511 3514 546 3552 5.
570 3512 598 3555 s
620 3512 695 3551 128.

685 136 802 177 »Ans
836 137 890 177 11.
933 134 1098 176 sterio
1135 135 1172 175 l.
1216 134 1367 175 carm·
1401 133 1469 174 Ν.

1924 121 2031 178 295

1123 230 1255 279 ram,
1297 223 1349 270 et
1386 230 1479 268 sex
1507 214 1713 289 dierum
1735 218 1904 286 spatio
1922 227 2113 276 cuneta

1125 304 1541 358 rerumgenera
1635 290 1912 352 erfeciss'e,
1966 302 2114 350 seirto

1124 373 1297 419 autem
1323 364 1404 417 die
1433 364 1594 434 produ
1636 365 1734 417 isse
1766 365 2022 423 Adamum
2047 370 2113 423 ad

1125 441 1404 506 imaginem
1442 445 1495 491 et
1531 439 1921 498 similitudinem
1949 458 2111 498 suam.

1124 543 1144 554 -
1170 515 1390 578 Quinam
1427 513 1636 565 fuerunt
1661 529 1783 580 ergo
1810 514 1889 567 isti
1934 511 2112 569 Praea·

1124 588 1367 648 damitae‚
1410 587 1450 639 si
1494 587 1666 639 nullus
1704 594 1856 641 antea
1895 587 2001 642 Deo
2026 607 2113 643 au-

1123 669 1261 715 ctore
1292 661 1571 730 prodierat?
1599 663 1648 714 in
1677 678 1777 732 qua
1799 663 1935 715 orbis
1965 665 2113 733 plaga

1124 737 1439 795 habitarunt,
1483 736 1523 787 si
1564 743 1684 788 ante
1724 737 1980 806 opificium
2020 755 2113 791 sex

1122 811 1319 862 dierum
1361 825 1525 879 neque
1553 811 1755 864 coelum
1782 818 1913 873 erat,
1947 828 2112 883 neque

1122 891 1277 956 terra,
1304 901 1469 953 neque
1492 885 1632 937 locus
1655 886 1787 938 alius
1814 888 2111 955 corporeus?

1122 954 1295 1028 Neque
1316 961 1453 1011 enim
1474 962 1665 1012 creatio
1693 959 1855 1014 Adam
1885 963 2108 1015 secundo

1120 1037 1285 1101 capite
1329 1036 1542 1102 repetita
1583 1042 1660 1086 est
1711 1036 1976 1103 productio
2025 1036 2112 1095 ho-

1119 1111 1270 1161 minis
1303 1109 1491 1161 diversi
1532 1109 1596 1160 ab
1636 1125 1716 1169 en,
1747 1126 1900 1176 quem
1939 1112 2111 1163 condi-

1119 1183 1191 1235 dit
1231 1183 1310 1236 die
1351 1189 1518 1240 sexta.
1562 1199 1682 1236 cum
1712 1186 1947 1251 perfectis
1986 1188 2110 1254 prio·

1120 1258 1261 1309 ribus
1301 1257 1401 1309 illis
1441 1273 1533 1309 sex
1573 1258 1769 1310 dierum
1824 1261 2112 1328 generatio-

1120 1332 1288 1393 nibuS,
1332 1332 1469 1383 Deus
1523 1333 1833 1402 requieverit
1870 1335 1934 1387 ab
1974 1335 2114 1388 omni

1117 1422 1267 1472 opere
1294 1448 1305 1467 ‚
1351 1407 1625 1467 videlicet,
1687 1407 1882 1460 nullam
1924 1425 2110 1465 novam

1118 1481 1323 1532 molitus
1340 1481 2110 1536 sueritcreaturam.Deindead

1116 1571 1207 1606 sex
1248 1556 1445 1607 dierum
1474 1572 1628 1623 opera
1662 1558 1817 1609 etiam
1853 1557 2110 1616 Adamum

1117 1629 1339 1682 hebraici
1365 1631 1537 1698 populi
1558 1637 1769 1683 atavum
1800 1634 2108 1700 pertinuisse

1115 1711 1315 1756 constat
1355 1721 1417 1756 ex
1447 1704 1540 1756 Ex.
1584 1703 1704 1767 XX,
1738 1706 1827 1757 M:
1859 1706 1956 1759 Sem
1980 1710 2109 1760 enim

1114 1778 1274 1829 diebus
1301 1779 1412 1846 fecit
1452 1778 1691 1830 Dominus
1730 1781 1913 1833 coelum
1942 1788 1984 1834 et
2012 1789 2105 1834 ler-

1111 1867 1241 1912 ram‚
1269 1859 1310 1903 et
1338 1853 1521 1911 omnia,
1550 1869 1676 1920 quae
1704 1854 1756 1905 in
1783 1854 1853 1906 eis
1887 1864 2021 1907 sunt:
2052 1856 2106 1908 Id

1114 1942 1231 1978 vero
1272 1925 1474 1995 Moyses
1513 1927 1578 1978 ad
1630 1927 1888 1981 Hebraeos
1936 1929 2106 1983 dicere

1113 2017 1210 2052 non
1254 2002 1538 2068 potuisset,
1583 2002 1623 2052 si
1684 2004 1879 2070 primus
1926 2020 2104 2057 eorum

1111 2091 1296 2143 parens
1337 2092 1435 2127 non
1477 2082 1625 2128 sexta
1666 2077 1767 2138 die,
1810 2078 1897 2130 sed
1941 2082 2105 2132 serius

1110 2166 1173 2202 ex
1215 2150 1334 2202 limo
1374 2157 1543 2202 terrae
1582 2150 1832 2203 formatus
1883 2152 2100 2219 fuisset3

1114 2231 1234 2277 tunc
1275 2225 1411 2276 enim
1452 2226 1667 2293 populus
1710 2226 2015 2280 israeliticus
2051 2229 2101 2280 in

1110 2299 1249 2351 nullo
1290 2315 1445 2351 sensu
1486 2299 1549 2351 ad
1583 2299 1841 2366 opificium
1869 2316 1961 2354 sex
2001 2300 2103 2355 diess

1107 2389 1222 2425 rum
1243 2380 1518 2441 spectaret.
1542 2372 1773 2435 Accedit,
1806 2376 1939 2443 quod
1963 2392 2102 2444 prae-

1107 2448 1360 2499 adamitac
1400 2464 1430 2499 a
1482 2446 1535 2501 S.
1581 2447 1846 2516 Scriptura
1898 2454 2101 2515 penitus

1107 2522 1472 2574 excludantur.
1536 2521 1665 2573 Nam
1705 2527 1850 2576 sacer
1889 2523 2099 2578 Histori-

1107 2612 1198 2648 cus
1237 2595 1366 2649 Gen.
1413 2595 1453 2648 ll
1486 2597 1794 2663 explicatius
1843 2597 2099 2652 formatio-

1106 2686 1222 2723 nem
1264 2670 1444 2723 Adami
1479 2676 1531 2722 et
1559 2670 1696 2722 Evae
1722 2671 2093 2741 descripturuS,

1107 2762 1157 2797 v.
1203 2745 1236 2796 lt
1290 2751 1388 2797 etc.
1452 2745 1678 2798 breviter
1729 2756 2097 2802 commemorat

1106 2818 1418 2888 reliquarum
1485 2826 1840 2873 creaturarum
1911 2823 2096 2890 produ-

1105 2893 1366 2956 ctionem,·
1393 2900 1445 2946 et
1482 2909 1535 2944 v.
1562 2893 1630 2943 5
1652 2891 1822 2947 addit:
1861 2895 1926 2947 El
1953 2896 2094 2950 homo

1103 2984 1202 3020 non
1228 2976 1333 3020 erac
1358 2967 1447 3036 qui
1470 2975 1756 3036 operaretur
1794 2976 2001 3023 terram.-
2043 2974 2094 3026 id

1103 3049 1278 3096 autem
1316 3043 1443 3094 falso
1483 3042 1688 3096 omnino
1737 3039 1991 3107 dixisset,
2047 3049 2092 3099 si

1104 3123 1223 3167 ante
1262 3115 1517 3167 Adamum
1557 3116 1642 3167 alii
1678 3116 1923 3171 homines
1962 3122 2092 3173 exti-

1105 3191 1303 3242 tissent.
1338 3190 1605 3262 Praeterea
1635 3198 1746 3258 post
1766 3193 1948 3247 Adami
1978 3211 2090 3262 pro-

1104 3265 1396 3317 ductionem
1434 3264 1716 3333 Deusipse
1769 3266 1932 3319 dixit:
1974 3268 2089 3320 Non

1102 3346 1168 3391 est
1190 3337 1385 3400 bonum,
1416 3354 1513 3391 esse
1540 3338 1780 3392 hominem
1807 3342 1982 3400 solum,
2011 3343 2087 3408 fa-

1102 3414 1289 3465 ciamus
1333 3413 1378 3465 ei
1415 3413 1715 3466 adiutorium
1765 3415 1923 3467 simile
1960 3415 2086 3476 δῶτ’,-

1103 3494 1155 3539 et.
1193 3486 1421 3536 additur:
1461 3485 1595 3540 Adae
1623 3505 1729 3536 vero
1755 3505 1852 3537 mm
1878 3489 2083 3541 inveni&
