2332 3860
318 163 427 217 380

245 259 406 312 dixit:
469 257 785 312 Vos-mundi
842 259 975 324 estis,
1018 259 1099 311 sed
1136 274 1235 311 non

247 348 428 386 omnes.
460 330 657 386 *Sciebat
693 333 825 385 enim
844 331 1074 401 quisnam
1094 339 1231 393 esset,

244 408 331 476 qni
367 407 578 460 traderet
614 423 723 460 eum
743 425 766 469 ;
798 415 1058 477 propterea
1083 406 1234 458 dixit:

246 498 346 534 non
370 483 485 534 estis
505 480 679 534 mundi
705 495 870 533 omnes
898 480 995 552 (t).
1026 481 1234 549 lamque

246 556 457 609 absente
497 554 641 616 Iuda,
685 555 755 607 ita
796 553 1067 623 discipulos
1113 555 1234 607 affa-

248 635 350 681 tur:
373 628 510 682 Sicut
530 628 702 680 dilexit
721 644 792 680 me
813 626 983 689 Pater,
1000 636 1042 680 et
1063 644 1144 695 eqo
1159 629 1235 680 di-

247 703 346 756 texi
367 719 462 764 003,
487 709 675 754 manete
696 703 749 754 in
774 702 1028 755 dilectione
1053 718 1227 756 mea...

252 777 340 830 Vos
365 781 513 829 amice
539 779 636 828 mei
661 778 815 829 estis„
830 818 840 828 .
895 776 981 829 Vos
1020 777 1132 829 dimi
1175 793 1231 828 a-

244 850 471 922 micos(2
478 849 516 919 ).
562 850 867 920 Patremque
906 866 1058 903 suum
1111 866 1233 904 exo-

228 940 392 978 sans:
438 924 566 988 Quos
602 924 780 976 dedisti
837 924 980 984 mihi,
1043 925 1225 993 inquit,

243 998 505 1059 custodivi,
535 1006 578 1050 et
615 1014 754 1050 nemo
780 1014 841 1050 ea:
866 999 934 1049 eis
955 999 1104 1066 periit
1131 1000 1232 1051 nisi

240 1072 372 1143 silius
403 1039 694 1142 perditionis
732 1072 831 1142 (3).
872 1071 1066 1141 Reliqui
1108 1089 1229 1141 ergo

241 1147 473 1215 discipuli
517 1153 723 1215 propter
752 1147 975 1199 minores
1002 1146 1228 1216 culpabi-

239 1219 315 1273 les
354 1221 582 1273 desectus
623 1237 721 1273 non
789 1228 1059 1272 cessarunt
1117 1238 1227 1274 esse

236 1295 435 1355 mundi,
480 1295 630 1347 amici
673 1293 879 1356 Christi,
915 1311 1079 1363 neque
1107 1296 1226 1348 faeti

239 1376 362 1421 sunt
399 1368 488 1420 filii
530 1368 846 1437 perditioni5‚
873 1385 963 1421 seu
986 1376 1225 1422 aeternae

236 1442 577 1495 damnationis
596 1443 688 1494 rei.
722 1442 861 1494 Idem
895 1443 1226 1496 confirmatur

235 1532 301 1569 ex
342 1516 512 1568 verbis
552 1515 737 1568 Christi
781 1517 929 1569 Petro
968 1518 1220 1570 dicentis:

237 1590 333 1654 Qui
371 1590 495 1643 locus
533 1597 620 1651 est,
664 1607 762 1642 non
802 1592 1001 1659 indiqet,
1046 1592 1148 1644 nisi
1173 1601 1225 1644 ut

230 1665 368 1733 pedes
408 1664 545 1727 lavet,
589 1665 670 1716 sed
707 1672 775 1718 est
821 1667 1034 1717 mundas
1098 1674 1225 1718 tolus

235 1737 331 1809 (lt).
374 1738 533 1791 Sicuti
594 1755 715 1807 ergo
772 1738 923 1791 homo
982 1740 1117 1792 lotus
1173 1748 1224 1794 et

235 1813 459 1865 mundus
500 1829 590 1880 per
630 1815 766 1864 viam
794 1813 1038 1866 incedens
1066 1822 1222 1866 attra-

232 1885 309 1938 hit
348 1887 552 1955 quidem
595 1887 860 1955 pulverem
903 1888 953 1939 in
987 1889 1217 1955 pedibuS‚

231 1960 321 2012 sed
361 1960 473 2012 ideo
515 1976 614 2012 non
657 1977 722 2012 ex
769 1967 872 2013 toto
926 1963 1222 2014 immundus

232 2034 481 2096 redditur,
525 2035 595 2086 ita
635 2034 789 2086 etiam
843 2035 993 2087 homo
1046 2037 1222 2088 iustifi-

232 2114 378 2161 catus
418 2115 624 2177 propter
663 2108 880 2161 leviores
944 2110 1172 2163 desectus
1205 2153 1215 2172 ,

231 2198 357 2251 quos
395 2183 446 2234 in
487 2183 584 2234 hac
637 2184 867 2235 terrestri
923 2184 1026 2236 vita
1083 2201 1219 2237 com-

230 2257 407 2318 mittit,
451 2273 552 2309 non
593 2272 657 2308 ex
699 2263 804 2309 toto
858 2258 1103 2311 iustitiam
1170 2267 1220 2312 et

228 2331 450 2398 gratiam
489 2331 675 2399 perdit,
718 2333 953 2400 quamvis
993 2349 1092 2385 non
1136 2349 1220 2386 ne-

229 2411 399 2472 getur,
442 2405 575 2474 quod
615 2406 771 2457 etiam
812 2413 1015 2473 propter
1076 2424 1218 2475 prae-

230 2480 359 2532 fatos
400 2495 591 2532 naevos
630 2479 855 2546 indigeat
898 2482 1214 2548 purgatione.

300 2554 360 2605 2.
405 2552 557 2605 Fides
578 2559 820 2606 constans
838 2560 887 2606 et
909 2556 1217 2608 universalis

231 2625 293 2678 de
321 2627 648 2680 distinctione
672 2635 996 2696 peccatorum
1014 2631 1064 2681 in
1088 2646 1216 2683 mor·

227 2700 348 2753 talia
386 2708 436 2754 et
477 2702 697 2754 venialia
737 2703 963 2754 insensu
987 2705 1215 2771 exposito

227 2790 292 2826 ex
331 2774 410 2827 Ss,
454 2773 708 2836 PatribuS,
751 2792 816 2828 ex
845 2776 1087 2829 Ecclesiae
1112 2794 1213 2830 ma-

224 2848 444 2914 qisterio,
488 2857 539 2903 et
577 2867 641 2902 ex
682 2848 1015 2903 Conciliorum
1035 2852 1212 2904 defini-

227 2921 449 2975 tionibus
487 2924 764 2991 colligitur.

300 2995 350 3047 1.
376 2995 455 3048 Ss.
483 2996 658 3051 Patres
686 3014 785 3050 non
807 2997 972 3051 solum
1002 3008 1208 3066 peccata

226 3068 276 3121 in
315 3071 551 3136 graviora
578 3079 628 3124 et
651 3072 842 3125 leviora
864 3072 1205 3141 distinguunt,

224 3141 317 3194 sed
354 3143 509 3195 etiam
548 3147 716 3198 varios
756 3154 1081 3215 peecatorum
1140 3149 1209 3201 ef·

224 3215 410 3278 fectus,
453 3233 542 3270 seu
585 3236 772 3287 poenas
801 3222 869 3274 ita
897 3231 1204 3289 agnoscunt,

225 3297 283 3344 ut
313 3289 451 3344 clare
489 3291 725 3356 doceant,
757 3311 857 3349 non
882 3297 1052 3351 omnia
1092 3313 1209 3367 pec-

264 3447 317 3492 ()1
340 3449 393 3484 Io.
418 3447 552 3491 13,10.

264 3447 320 3583 {a}
343 3495 396 3530 Io.
417 3493 472 3537 15,
496 3492 599 3577 ν.91,
623 3494 666 3531 13
688 3500 726 3532 et
747 3496 801 3532 15.

339 3539 391 3575 10
414 3538 928 3586 1'1,.(4)
951 3543 1000 3579 10.
1028 3543 1082 3587 13,
1105 3543 1159 3582 10.

647 179 712 216 ne
746 179 841 217 nso
878 178 931 216 ιΝ
968 152 1240 216 aeni-riona
1277 147 1342 216 An
1378 149 1875 219 Modnum'srncrno.

1299 264 1414 311 eata
1442 259 1710 323 iustitiam,
1740 276 1832 315 seu
1859 262 2079 331 gratiam
2099 277 2223 319 sane
2243 266 2277 330 'g
2296 259 2332 321 ‘2

1298 331 1542 386 ficantem
1581 301 1762 388 tolle’re
1800 343 1852 389 et
1903 344 2168 391 aeternam
2195 334 2329 419 dat-“ugf

1300 406 1612 460 mnationem
1686 411 1983 476 promereri.
2058 411 2179 482 Orio
2151 405 2332 513 qenes}

1297 479 1435 533 hom.
1480 479 1535 542 9,
1577 481 1629 534 in
1669 482 1856 537 Ezech.
1889 484 1991 538 duo
2018 485 2328 583 distinqu

1295 570 1484 621 genera
1526 563 1854 622 peccatorum
1881 578 1907 607 «
1939 559 2038 611 alia
2080 558 2325 631 magna,

1296 627 1397 681 aiia
1437 628 1746 682 minora.»
1802 638 1853 683 et.
1903 631 2054 685 Hom
2101 634 2322 693 1212

1295 701 1418 755 Lev.
1459 703 1629 756 addit.
1665 723 1690 753 «
1722 703 1862 758 Haec
1900 722 2002 758 non
2042 707 2323 764 auferunt

1295 777 1454 829 vitam
1493 780 1711 845 gratiae
1754 778 1841 831 ina
1882 795 2002 832 vero
2057 783 2307 842 animam

1294 851 1623 904 occidunt.»
1681 850 1734 904 S.
1779 850 2154 921 Chrysostomus
2206 854 2282 929 (5)

1293 923 1470 977 fideles
1508 925 1574 977 ad
1616 926 1866 978 leviorum
1907 943 2105 996 quoque
2172 945 2284 998 pec-

1293 1005 1434 1051 catoi
1439 1015 1524 1051 um
1566 1000 1738 1066 fugam
1762 1000 2065 1054 exhortatur
2083 1002 2313 1057 dicens·

1296 1091 1321 1120 «
1365 1073 1644 1140 Fugiamus
1688 1075 1885 1129 modica
1907 1075 2063 1138 mala,
2093 1093 2294 1144 magna

1291 1147 1540 1216 siquidem
1581 1164 1646 1200 ex
1687 1148 1787 1201 il‘lis
1810 1156 2110 1204 nascuntur.
2138 1151 2280 1215 Quis·
2311 1186 2332 1212 ο,

1291 1222 1405 1289 quis
1444 1223 1579 1274 enim
1621 1222 1686 1274 ad
1726 1223 1988 1292 quodlibet
2037 1224 2282 1279 delictum

1290 1296 1459 1348 dicere
1507 1297 1682 1349 didicit
1741 1304 2045 1350 consuetum
2108 1299 2275 1352 illud:

1292 1369 1412 1421 nihil
1445 1371 1543 1423 erit
1582 1372 1645 1423 ab
1673 1371 1768 1423 hoc
1793 1372 1987 1434 damni,
2014 1372 2280 1440 paullatim

1289 1445 1458 1496 omnia
1502 1445 1696 1512 perdet.
1758 1465 1783 1494 >›
1840 1445 1974 1510 Ergo
2013 1448 2115 1498 iam
2159 1453 2279 1501 tunc

1291 1520 1532 1585 temporis
1578 1520 1711 1571 inter
1775 1519 1953 1571 fideles
2017 1523 2278 1588 persuasio

1292 1592 1471 1658 viguit,
1516 1592 1651 1646 levia
1692 1601 1901 1661 peecata
1931 1595 2149 1661 gratiam
2178 1611 2278 1649 non

1287 1668 1612 1733 extinguere,
1679 1674 1730 1719 et
1793 1674 2029 1722 aeternas
2090 1685 2278 1753 poenas

1289 1756 1386 1791 non
1432 1742 1636 1805 mereri3
1681 1741 1807 1794 alias
1866 1758 1964 1794 non
2032 1745 2277 1811 potuisset

1287 1815 1336 1865 in
1379 1817 1705 1882 proverbium
1746 1815 1886 1869 abire
1917 1837 1943 1865 «
1975 1825 2276 1872 consuetum

1288 1888 1448 1940 illud:
1494 1889 1617 1941 nihil
1660 1890 1757 1942 erit
1795 1892 1859 1943 ab
1900 1891 1994 1944 hoc
2022 1891 2214 1945 damni.
2245 1913 2272 1943 >³

1286 1962 1348 2014 Et
1387 1963 1493 2030 ipse
1533 1963 1584 2016 S.
1633 1963 1819 2016 Doctor
1881 1965 1978 2017 hoc
2035 1966 2275 2021 refellens

1285 2052 1384 2087 non
1428 2037 1568 2098 dicit,
1612 2037 1874 2091 hominem
1899 2056 1988 2108 per
2016 2040 2130 2093 leve
2159 2056 2274 2109 pec·

1283 2117 1456 2163 catum
1501 2111 1656 2173 illico,
1718 2114 1850 2165 sicut
1914 2130 2003 2182 per
2061 2115 2272 2168 mortale

1283 2187 1452 2237 omnia
1492 2186 1726 2254 perdere,
1785 2187 1874 2239 sed
1944 2207 1970 2236 «
2006 2189 2271 2256 paullatim

1282 2260 1450 2310 omnia
1494 2260 1689 2327 perdet.
1747 2280 1773 2310 >³
1827 2260 1881 2314 S.
1937 2262 2268 2330 Hieronymus

1281 2331 1602 2387 lovinianum
1670 2350 1874 2387 omnem
1942 2343 2269 2405 peccatorum

1281 2407 1631 2461 diversitatem
1657 2415 1931 2473 negantem
1953 2417 2162 2463 strenue
2182 2427 2269 2480 op·
2284 2430 2296 2433 *

1282 2483 1550 2549 pugnavit,
1595 2490 1646 2535 et
1699 2483 1774 2554 (6)
1815 2483 2037 2536 eundem
2084 2499 2150 2536 ex
2208 2501 2267 2538 eo

1282 2557 1551 2624 praecipue
1574 2556 1855 2626 redarguit,
1879 2557 2011 2626 quod
2033 2557 2266 2612 homines

1282 2649 1307 2677 ι(
1368 2638 1571 2697 propter
1635 2631 1751 2683 leve
1812 2631 2298 2715 quotidianumque

1280 2710 1546 2770 peecatum
1587 2704 1638 2756 in
1679 2705 1918 2758 tenebias
1983 2705 2265 2761 exteriores
2285 2709 2313 2744 ’ἑ

1276 2777 1657 2830 detruserit.»
1714 2778 1854 2830 Idem
1912 2779 2036 2831 illud
2078 2767 2315 2838 Chi-istic}

1275 2860 1652 2905 commentans.
1697 2851 1826 2917 Quid
1865 2854 1993 2906 tides
2029 2835 2325 2922 festucamff

1273 2927 1326 2977 in
1365 2927 1498 2978 oculo
1553 2927 1730 2994 fratris
1770 2928 1844 2979 ιαί
1892 2925 1990 2997 (7),
2051 2926 2284 2982 scribit.‘

1277 3020 1302 3048 «
1334 2999 1407 3052 De
1447 3002 1506 3053 iis
1546 3001 1771 3070 loquitur
1823 2998 2119 3072 (Christus),
2150 3002 2297 3071 qui,
2279 2996 2326 3075 ,ig

1273 3090 1390 3126 cum
1430 3075 1521 3142 ipsi
1566 3075 1766 3127 mortali
1804 3076 2015 3128 crimine
2050 3082 2259 3128 tenean·

1274 3155 1356 3200 tur
1395 3148 1620 3211 obnoxii,
1665 3150 1862 3202 minora
1903 3155 2111 3218 peccata
2159 3149 2328 3218 fra-21,

1271 3222 1433 3275 tribus
1498 3238 1599 3274 non
1657 3223 1979 3287 concedunt3
2040 3220 2291 3278 culicem‘,

1270 3296 1545 3366 liquanteS,
1562 3297 1882 3351 etcamelum
1895 3297 2194 3366 glutienteS.
2223 3308 2274 3370 ξιξ
2315 3305 2332 3330 -··

1310 3455 1348 3501 (5
1388 3457 1492 3491 Hom.
1518 3456 1560 3492 12
1584 3457 1620 3492 in
1645 3458 1708 3502 Ep.
1733 3458 1779 3492 ad
1804 3457 1907 3492 Rom.
1933 3465 1968 3493 e.
1992 3456 2028 3495 ’1.

1309 3501 1344 3541 (6
1386 3502 1423 3535 1.
1448 3501 1482 3542 2,
1506 3509 1536 3534 c
1563 3501 1774 3538 lov-c.1'1.

1310 3544 1361 3590 (7)
1385 3525 1587 3584 Com'ment.
1614 3547 1650 3581 in
1674 3554 1751 3591 cap
1785 3545 1807 3580 'a'
1830 3546 1957 3584 Matth.
