2332 3860
39 1235 180 1288 'haec
218 1243 442 1304 operat-us
480 1241 546 1285 est
573 1274 584 1294 ‚

702 267 823 306 PARS
861 268 1106 306 ¹.SECT10
1144 269 1180 307 Ι.
1224 268 1375 306 CAPUT
1422 269 1461 308 1.

64 310 403 422 interroganti
442 347 507 401 de
565 349 927 417 praecipientis
966 365 1053 400 no-

66 427 204 481 mine
225 422 510 492 respondit.
538 421 641 490 1290
656 438 784 483 sum,
801 424 889 490 qui
915 438 1045 474 sum

64 498 164 553 Sic
177 497 303 551 dices
327 495 447 568 filiis
474 495 652 549 Israel:
697 498 783 564 qai
808 503 896 557 esc,
916 495 1051 547 misit

62 587 138 625 me
161 571 244 626 ad
263 587 369 632 vos;
407 569 458 622 id
497 575 606 622 est:
651 585 745 637 ego
785 586 899 621 sum
941 568 1048 630 ille,

64 647 148 715 qui
178 660 299 697 vere
327 649 425 705 est,
468 645 555 712 qui
594 659 706 694 esse
733 643 886 695 habet
915 659 945 694 a
972 659 1047 702 se,

64 734 181 772 cum
222 724 428 771 caetera
448 717 619 769 omnia
648 718 718 768 ita
741 717 862 777 sint,
906 715 1050 784 quasi

67 809 166 845 non
194 793 317 854 sint,
361 792 479 860 quia
506 806 608 843 non
632 789 874 842 habenta
897 806 971 847 se,
998 795 1053 840 ut

65 868 311 924 existant,
340 863 394 918 ln
411 864 590 917 eodem
613 880 765 915 sensu
791 863 876 915 Iob
904 863 1047 914 dieit.

63 940 169 1009 Ipse
204 939 333 992 solus
372 947 439 992 est
466 937 564 1008 (l);
597 945 648 990 et
675 937 884 998 ibidem,
915 937 1052 988 Deus

65 1014 405 1082 undequaque
449 1011 802 1079 independens
853 1011 1047 1079 inquit:

66 1088 185 1152 Quis
231 1095 340 1140 ante
390 1086 516 1139 dedic
563 1085 719 1146 mihi,
765 1094 816 1137 ut
854 1084 1053 1137 reddam

63 1162 110 1214 ei
137 1160 397 1232 (2)?1sai.
425 1160 516 1222 121,
549 1159 601 1211 li.
633 1158 772 1211 Deus
811 1160 908 1210 ait:
935 1157 1054 1221 Quis

644 1241 685 1285 el
731 1232 842 1300 fecit
882 1248 1054 1284 vocans

64 1309 399 1377 qenerationes
436 1307 495 1359 ab
521 1306 768 1359 ἐωονᾰῖοὲ
806 1306 908 1373 Εῃο
960 1305 1055 1356 Do-

64 1382 249 1442 minus,
290 1381 509 1450 primus,
551 1389 594 1432 ει
645 1380 934 1432 norissimus
973 1395 1054 1446 eqo

66 1472 178 1508 sum
219 1453 315 1527 (5).
360 1455 416 1507 In
463 1453 524 1506 N.
571 1453 907 1520 T.,Christus
940 1453 1049 1504 ait:

67 1527 219 1581 Pater
258 1529 395 1581 habet
436 1529 581 1582 vitam
607 1545 634 1579 α
675 1527 922 1595 semetipso
951 1524 1050 1596 (4);

66 1619 188 1672 ergo
205 1604 454 1655 rationem
469 1618 593 1654 suae
632 1602 936 1654 existentiae
955 1616 1053 1650 non

67 1674 220 1728 habet
260 1677 310 1728 in
351 1675 470 1733 alio,
514 1674 602 1726 sed
649 1682 727 1726 est
767 1691 858 1726 ens
905 1691 933 1725 a
975 1690 1049 1733 se,

65 1766 158 1802 ens
172 1751 392 1818 primum
416 1748 514 1818 (ὅ).
543 1748 773 1815 Denique
800 1747 959 1814 Apoe.
979 1744 1053 1816 (6)

67 1823 284 1891 legiturt
327 1823 431 1891 Eyo
469 1838 579 1872 sum
601 1820 756 1889 Alplza
785 1830 826 1872 et
856 1819 1051 1887 Οιηεῃα,

63 1898 363 1965 principium
402 1904 444 1947 et
483 1897 616 1965 finis,
660 1896 772 1946 dien
818 1895 1055 1945 Dominus

68 1970 221 2031 Deus,
265 1970 351 2038 qui
391 1978 478 2030 est,
521 1977 563 2020 ec
604 1969 694 2035 qui
732 1977 854 2026 erae,
899 1976 941 2019 et
970 1971 1055 2035 qm

67 2054 301 2096 venturus
358 2052 423 2095 est
485 2043 811 2110 omnipotens-.-
871 2043 1056 2110 quibus

69 2117 242 2170 verbis
281 2134 372 2170 ens
412 2134 441 2169 a
481 2134 556 2176 se,
604 2117 823 2184 primum
865 2133 893 2167 a
927 2132 1053 2183 qua-

69 2191 195 2243 libet
232 2200 386 2244 eausa
415 2198 466 2244 et
493 2191 781 2242 conditione
813 2189 1056 2259 indepen-

69 2265 196 2318 dens
234 2265 441 2332 egregie
480 2266 803 2332 exprimitur.

141 2339 195 2391 02..
239 2338 328 2391 SS.
374 2339 551 2391 Patres
591 2339 796 2390 easdem
849 2337 910 2388 de
951 2336 1055 2388 Deo

69 2414 302 2465 notiones
342 2412 681 2465 tradiderunt.
739 2410 792 2464 S.
836 2411 1055 2462 Iustinus

68 2487 147 2541 Μ.
172 2484 248 2557 (7)
275 2487 364 2539 ait
394 2507 420 2535 «
444 2485 602 2538 Ntmo
626 2485 941 2553 pmeevsut
971 2485 1054 2552 qui

70 2559 174 2612 Deo
196 2577 382 2612 nomen
404 2561 709 2628 imponeret
756 2574 849 2610 neo
870 2575 923 2609 se
949 2559 1054 2625 ipse

70 2634 436 2686 nominandum
462 2651 573 2685 esse
595 2633 762 2694 duxit,
784 2648 901 2684 eum
923 2648 1055 2683 unus

67 2713 120 2759 et
157 2707 297 2759 solus
336 2708 401 2760 sit
513 2708 616 2775 E90
656 2708 814 2769 enim,
866 2706 1050 2773 inquit,

67 2796 176 2832 sum
202 2781 429 2833 existens
450 2781 556 2840 ille,
588 2781 813 2848 seipsum
835 2781 1056 2831 existen-

68 2860 172 2906 tem
207 2870 306 2906 non
339 2853 386 2921 (a
417 2870 493 2915 se,
524 2861 576 2907 et
606 2871 694 2922 per
722 2852 798 2923 se)
827 2855 1052 2905 existen-

67 2927 204 2980 tibus
243 2943 526 2996 opponenS.
561 2946 588 2976 >i
617 2927 669 2980 S.
715 2927 946 2980 Hilarius
978 2925 1052 2996 (8)

65 3001 138 3053 ita
177 3001 241 3054 de
286 3001 392 3054 Deo
434 3001 693 3070 loquitur:
741 3000 912 3068 «lpse
952 3008 1048 3056 est.

4 3095 12 3135 ζ
63 3075 170 3143 qui,
212 3076 346 3144 quod
374 3082 471 3137 est,
506 3091 604 3127 non
634 3074 842 3127 aliunde
871 3080 968 3125 est:
1001 3074 1050 3124 in

0 3189 26 3199 ,.
63 3163 175 3200 sese
214 3155 312 3210 est,
366 3164 542 3201 secum
594 3155 692 3206 est,
750 3148 814 3200 ad
855 3164 910 3199 se
951 3153 1047 3208 est,

2 3243 18 3298 *ῃ
63 3236 187 3276 suus
227 3222 322 3276 sibi
357 3229 454 3285 est,
499 3228 552 3275 et
588 3223 697 3291 ipse
743 3222 837 3275 sibi
879 3221 1050 3274 omnia

0 3479 21 3505 s

0 3506 21 3543 ἕ

23 3587 30 3613 j
123 3570 146 3606 θ
183 3571 229 3606 Ca

125 3526 146 3562 5
185 3528 237 3562 Cl'.
255 3507 337 3614 A’tltt.
349 3528 418 3606 817,
443 3528 486 3563 24
509 3533 579 3563 etc.

126 3351 142 3387 1
185 3352 240 3394 23,
264 3351 321 3388 13.

124 3396 146 3430 2
182 3397 247 3432 Iob
268 3397 325 3438 41,
348 3399 382 3432 2.

126 3439 146 3474 3
185 3421 339 3475 cnlsai.
366 3441 488 3483 40,13
511 3445 548 3475 et
570 3440 624 3481 43
649 3440 703 3476 10.

123 3483 145 3517 4
182 3484 362 3527 10.15,26

87 3349 145 3655 {V
182 3614 234 3652 Co
259 3596 330 3651 ort’.
352 3616 401 3652 ad
422 3613 527 3651 Gent
554 3622 592 3651 u.
616 3613 671 3651 ΕΞ

1954 261 2021 313 67

1113 355 1272 402 est.»
1301 348 1366 402 Et
1391 347 1511 402 alibi
1518 345 1615 421 ‚(9)
1638 349 1790 402 dicit:
1838 371 1863 399 ιι
1887 351 1996 406 Non
2035 348 2089 408 a·

1115 422 1219 475 liud
1258 423 1521 491 proprium
1569 424 1733 491 magis
1771 423 1896 487 Deo,
1939 442 2092 495 quam

1113 511 1225 548 esse
1271 495 1599 564 intelligitur,
1655 497 1774 565 quia
1815 497 1866 548 id
1904 498 2089 566 ipsum,

1113 569 1245 637 quod
1275 576 1372 631 est,
1418 586 1583 639 neque
1610 569 1891 623 desinentis
1919 573 2097 625 estall-

1113 642 1333 710 quand0‚
1367 659 1533 711 neque
1573 644 1758 711 coepti.
1788 664 1814 693 »
1846 644 1985 696 ldem
2026 647 2099 697 di-

1114 724 1238 768 eunt
1265 715 1615 768 SAmbrosius
1637 715 1748 787 (10)
1778 723 1829 769 et
1849 717 1901 770 S.
1921 716 2096 786 Greyo-

1111 790 1221 841 rias
1260 790 1394 842 Naz.
1423 791 1552 857 (11).
1597 789 1650 842 S.
1684 790 2013 859 Hieronymus
2052 794 2100 843 in

1115 863 1206 931 Ep.
1227 863 1288 915 ad
1311 864 1499 929 Ephes.
1520 862 1633 934 (12)
1662 866 1855 917 scribit:
1891 865 2102 934 «Loqui-

1117 944 1198 987 tur
1231 937 1281 988 in
1311 936 1489 989 Exodo
1524 937 1801 991 Dominus:
1834 938 1946 1004 qu
1972 955 2099 1000 sum,

1114 1010 1202 1077 qui
1237 1027 1345 1062 sum
1374 1018 1475 1063 ete.
1516 1010 1772 1080 Numquid
1801 1011 1940 1064 solus
1968 1012 2103 1065 Deus

1114 1092 1245 1145 erat,
1290 1091 1342 1136 et
1381 1091 1586 1137 caetera
1609 1101 1710 1137 non
1752 1084 1929 1138 erant?
1956 1116 2028 1125 —
2054 1094 2105 1138 et

1115 1158 1367 1226 quomodo
1409 1175 1594 1211 nomen
1648 1174 1922 1212 commune
1987 1160 2105 1212 sub-

1115 1232 1335 1284 stantiae
1393 1233 1486 1285 sihi
1554 1234 1815 1300 proprium
1881 1233 2106 1286 vindicat

1115 1305 1276 1357 Deus?
1303 1334 1374 1342 —-—
1399 1305 1514 1367 Illa,
1559 1313 1616 1358 ut
1641 1307 1892 1367 diximus,
1925 1323 2099 1368 causeo,

1115 1379 1230 1446 quia
1260 1386 1484 1440 caetera,
1509 1387 1563 1432 ut
1585 1381 1707 1441 sint,
1727 1379 1816 1432 Dei
1841 1396 2103 1448 sumpsere

1116 1453 1396 1505 beneficio:
1441 1454 1577 1506 Deus
1619 1470 1759 1515 vero,
1791 1454 1876 1522 qui
1905 1469 2106 1522 semper

1116 1534 1211 1587 est,
1245 1543 1338 1579 nec
1366 1528 1520 1579 habet
1541 1527 1748 1579 aliunde
1775 1527 2101 1595 principium,

1118 1606 1167 1650 et
1190 1602 1297 1667 ipse
1325 1602 1403 1652 sui
1432 1602 1574 1670 origo
1590 1609 1687 1663 est,
1706 1617 1932 1670 suaeque
1950 1617 2104 1653 eausa

1117 1675 1465 1736 substantiae,
1511 1691 1613 1727 non
1656 1681 1823 1743 potest
1886 1674 2103 1742 intelligi

1117 1747 1324 1799 aliunde
1366 1748 1577 1808 habere,
1621 1749 1753 1816 quod
1794 1748 2044 1800 subsistit.
2077 1768 2102 1796 »

1118 1820 1175 1872 S.
1208 1819 1641 1891 fta-qustinusffl5)
1671 1822 1761 1873 ait:
1781 1822 1920 1873 Deus
1949 1825 2107 1890 ipsam

1116 1893 1234 1945 Esse
1273 1911 1327 1946 se
1370 1897 1540 1947 vocari
1582 1895 1874 1963 respondit3
1919 1901 1970 1946 et
1998 1902 2106 1946 tan-

1118 1983 1272 2034 quam
1315 1968 1410 2020 boe
1464 1975 1598 2020 esset
1650 1970 1693 2020 ei
1747 1984 1968 2020 nomen:
2014 1968 2109 2020 hoe

1119 2042 1256 2093 dices
1278 2043 1371 2103 eis,
1407 2043 1592 2110 inquit,
1625 2044 1711 2110 qui
1732 2050 1819 2102 esc,
1850 2042 1983 2094 misit
2011 2058 2104 2094 me.

1120 2115 1192 2166 lta
1234 2117 1368 2167 enim
1411 2116 1497 2168 ille
1538 2122 1636 2175 est,
1668 2123 1724 2167 ut
1756 2117 1805 2167 in
1835 2117 1945 2168 eius
1973 2132 2108 2169 eom-

1120 2191 1383 2256 paratione
1412 2207 1493 2252 ea,
1514 2206 1644 2259 quae
1673 2191 1808 2243 faeta
1831 2197 1973 2252 sunt,
2006 2205 2105 2243 non

1118 2271 1239 2314 Slssi.
1277 2284 1301 2312 )›

1192 2337 1245 2389 5.
1291 2337 1454 2389 Deum
1497 2353 1618 2389 vere
1671 2353 1784 2390 esse
1831 2353 1922 2389 ens
1960 2354 1991 2390 a
2030 2353 2103 2399 se,

1120 2413 1488 2472 necessarium,
1536 2412 1757 2479 primum
1785 2417 1836 2462 et
1865 2411 2107 2479 indepen-

1118 2484 1262 2543 derm,
1296 2486 1555 2551 colligitur
1577 2501 1643 2536 ex
1669 2491 1977 2552 argumento
1998 2500 2108 2536 eos-

1118 2558 1366 2626 mologieo
1406 2558 1467 2609 ad
1521 2558 1976 2610 demonstrandam
2015 2557 2106 2609 Dei

1117 2633 1445 2684 existentiam
1473 2633 1572 2684 iam
1601 2632 1822 2683 adducto
1845 2631 2101 2698 Th.gen„

1115 2703 1250 2774 328.
1272 2706 1419 2758 Ratio
1442 2707 1577 2757 enim
1609 2712 1803 2765 nostra,
1828 2711 1884 2757 ut
1908 2705 2104 2756 entium

1116 2780 1522 2846 contingentium
1564 2780 1814 2831 rationem
1851 2776 2107 2830 sufficien-

1116 2859 1218 2905 tem
1242 2854 1490 2915 inveniat,
1516 2854 1756 2922 quoniam
1776 2851 1963 2905 seriem
1986 2867 2103 2903 eau-

1115 2943 1288 2979 sarum
1318 2928 1569 2979 infinitam
1603 2927 1874 2978 admittere
1904 2925 2098 2993 nequit,

1117 3003 1406 3053 neeessario
1445 3003 1681 3068 pervenit
1722 3000 1902 3052 ultimo
1929 2999 1992 3052 ad
2022 3014 2103 3049 ens

1114 3091 1142 3124 a
1170 3092 1236 3134 se,
1282 3091 1381 3143 quo
1424 3074 1491 3126 nil
1535 3074 1695 3141 priuS‚
1744 3073 1917 3142 nilque
1958 3087 2102 3139 supe·

1114 3149 1220 3200 rius
1247 3148 1441 3209 existit,
1473 3155 1628 3216 atque
1658 3146 1770 3199 ideo
1798 3147 1932 3198 entis
1960 3147 2101 3197 istius

1116 3221 1310 3274 nullam
1350 3236 1582 3283 eausam,
1637 3221 1937 3289 nullamque
1977 3234 2098 3271 eon·

1156 3394 1192 3438 (8
1231 3396 1272 3428 In
1297 3397 1352 3430 Ps.
1377 3395 1410 3430 2.

1156 3438 1191 3481 (9
1232 3439 1309 3473 Lib.
1336 3439 1354 3473 1
1379 3441 1424 3473 de
1446 3439 1548 3474 Trin.
1573 3448 1609 3473 n.
1640 3439 1673 3482 ⁵,

1157 3482 1229 3526 (10)
1254 3485 1296 3516 In
1323 3484 1376 3517 ΡΒ.
1403 3483 1459 3525 43,
1483 3492 1520 3518 n.
1547 3482 1602 3518 19.

1156 3526 1228 3570 (11)
1253 3527 1313 3561 Or.
1342 3526 1397 3562 30.

1156 3570 1214 3609 <12
1250 3571 1382 3614 Cap.3,
1406 3570 1461 3605 14:
1481 3574 1550 3604 etc.
1750 3597 1759 3605 .

1155 3613 1213 3657 (13
1253 3614 1318 3649 En.
1345 3614 1383 3649 iu
1408 3616 1463 3648 l’s.
1495 3612 1572 3657 134,
1597 3622 1633 3646 n.
1659 3609 1696 3647 ζ’·
