2332 3860
96 0 179 54 ξὴὶῐ
268 26 324 47 ,ιθ
375 7 412 31 ι,

10 106 13 111 .
57 94 69 123 q
126 86 162 104 '-
206 95 207 98 ¹

566 300 572 318 t
640 303 641 306 ,

473 306 512 380 3
540 315 689 366 τω.

136 412 189 449 De
209 408 370 457 potentia
392 409 525 447 Christi
548 414 589 445 ut
611 409 772 446 hominis
792 410 1022 447 considerati.

32 534 33 537 ¹
97 567 102 572 ,
163 504 466 562 Humanitas
503 505 689 559 Christi
729 508 780 559 in
821 507 1075 560 abstracto

94 582 411 636 considerata
428 585 730 650 omnipotens
756 597 855 633 non
874 589 961 639 est,
986 580 1073 632 sed

94 663 263 710 tamen
285 654 526 723 sinqulari
556 656 713 714 modo,
739 655 836 707 imo
863 670 1071 715 summa,

12 724 45 792 s,
95 746 214 799 quae
249 736 499 782 creaturae
525 729 758 781 rationali
799 728 950 780 tribui
974 735 1076 797 pot-

95 812 182 866 est,
205 803 416 873 potentia
440 804 658 871 praedita
684 810 806 855 recte
837 802 1036 855 dicitur.

168 878 222 930 t.
289 876 534 929 Lutherus
579 878 788 946 eiusque
844 875 1079 944 gregales

100 957 505 1021 propugnarunt,
549 952 598 1002 vi
655 951 856 1003 unionis
920 949 1077 1018 hypo-

96 1026 307 1078 staticae
346 1025 648 1077 humanitati
689 1024 873 1076 Christi
930 1025 1077 1075 sicuti

97 1101 574 1167 omnipraesentiam
615 1114 704 1151 seu
744 1099 1078 1167 ubiquitatem

98 1174 166 1226 ita
207 1174 359 1225 etiam
398 1174 814 1241 omnipotentiam
855 1187 1080 1223 commu-

97 1248 320 1299 nicatam
361 1247 534 1299 fuisse.
579 1247 753 1299 Talem
815 1263 938 1298 vero
1002 1262 1081 1297 as-

98 1323 372 1374 sertionem
436 1322 640 1372 omnino
704 1320 880 1373 faisam
948 1335 1078 1378 esse,

98 1395 246 1448 facite
286 1395 546 1463 probatur.
590 1395 672 1447 Ex
708 1395 762 1447 S.
824 1394 1084 1462 Scriptura

99 1476 275 1521 contra
296 1485 520 1521 errorem
554 1468 758 1521 Lutheri
780 1475 1082 1537 argumenta

101 1544 296 1595 desumi
338 1551 564 1611 possunt.
622 1542 749 1596 Nam
813 1543 945 1612 quod
1011 1547 1085 1594 est

47 1628 58 1634 ’
102 1620 363 1687 proprium
400 1619 556 1670 soiius
595 1617 706 1678 Dei,
757 1634 856 1670 non
923 1623 1087 1685 potest

66 1703 69 1708 '
103 1693 258 1744 alicui
286 1700 500 1744 naturae
527 1692 817 1744 convenire.
852 1691 949 1743 Sed
981 1707 1089 1758 pro-

104 1768 270 1834 prium
312 1773 389 1819 est
426 1766 517 1817 Dei
557 1766 745 1818 habere
772 1767 1086 1833 omnipoten-

104 1843 267 1904 tiam3
312 1856 429 1892 nam
468 1842 518 1892 in
561 1840 689 1892 Isaia
718 1840 787 1910 (t)
828 1840 964 1892 Deus
1005 1856 1091 1891 ex·

105 1931 278 1982 presse
317 1915 465 1966 dicit:
526 1912 749 1966 Glore'am
809 1931 963 1965 meam
1020 1914 1089 1965 ul-

107 1990 199 2040 teri
249 2005 345 2040 nou
402 1989 558 2050 dab05
622 1996 673 2040 et
711 1988 817 2041 lob.
862 1989 951 2050 5lt,
998 1988 1086 2048 15,

107 2063 333 2130 legitur:
377 2061 752 2130 Omnipotem...
786 2078 924 2131 quem
987 2078 1093 2115 con-

108 2138 264 2189 stituit
303 2137 456 2189 alium
518 2153 661 2205 super
720 2137 947 2189 terram?
1007 2145 1092 2187 aut

112 2227 250 2280 quem
295 2213 455 2279 posuit
505 2227 647 2280 super
711 2212 893 2273 orbem,
954 2227 1094 2279 quem

113 2285 378 2352 fabricatus
403 2286 511 2336 est?
551 2288 737 2353 Aperte
787 2287 942 2352 igitur
1009 2301 1094 2336 ne-

115 2365 262 2427 gatur
299 2401 312 2420 ,
373 2360 789 2427 omnipotentiam
870 2360 1095 2411 divinam

115 2440 380 2485 creaturae
439 2434 822 2485 communicari.
879 2433 944 2485 At
1003 2434 1094 2500 ipsi

117 2505 388 2559 Lutherani
442 2508 684 2567 fatentur,
728 2508 1097 2559 humanitatem

115 2581 300 2633 Christi
341 2597 439 2633 non
497 2598 608 2634 esse
666 2589 947 2642 aeternam,
1010 2582 1094 2632 sed

118 2655 167 2706 in
210 2663 435 2723 tempore
488 2657 674 2708 factam
738 2663 788 2708 et
849 2662 1094 2715 creatam,

117 2730 327 2781 acideo
390 2737 442 2781 et
503 2730 771 2783 admittere
835 2737 1095 2790 tenentur,

119 2804 536 2869 omnipotentiam
576 2805 801 2857 divinam
844 2806 935 2873 ipsi
1002 2822 1098 2856 non

120 2877 276 2929 fuisse
338 2879 785 2931 communicatam.
853 2879 917 2930 Et
980 2894 1102 2930 sane

121 2952 226 3018 ipse
265 2949 497 3003 Christus
529 2953 677 3004 dicit:
746 2953 887 3005 Pater
944 2955 1103 3003 maior

122 3040 193 3076 me
230 3035 299 3076 est
338 3023 436 3095 (2);
479 3027 547 3078 ita
609 3034 802 3088 autem,
868 3027 999 3095 quod
1056 3042 1106 3078 o·

124 3115 267 3151 mnes
308 3099 550 3160 fatentur,
596 3117 695 3153 non
738 3108 792 3153 ut
832 3100 987 3158 Deus,
1017 3102 1102 3152 sed

123 3179 182 3225 ut
220 3174 369 3226 homo
410 3174 653 3242 loquitur.
686 3175 775 3227 Ast
802 3176 842 3227 si
874 3182 927 3227 ut
955 3175 1106 3226 homo

128 3246 338 3300 haberet
376 3249 792 3316 omnipotentiam
833 3256 884 3302 et
931 3265 1108 3302 conse-

129 3329 342 3389 quenter
381 3324 653 3374 essentiam
695 3323 940 3385 divinam,
983 3325 1107 3377 falso

129 3395 334 3447 omnino
373 3396 603 3456 dixisset,
650 3396 846 3450 Patrem
887 3414 941 3451 se
1004 3414 1110 3450 ma-

128 3468 285 3522 iorem
348 3485 478 3524 esse.
551 3470 623 3523 Ne
688 3487 809 3546 ergo
881 3472 1110 3524 Christus

175 3569 228 3614 (ι)
253 3567 307 3612 48,
331 3569 385 3605 11.
522 3570 572 3616 (ς)
595 3571 645 3606 ιο.
673 3571 727 3615 14,
751 3570 805 3608 28.
920 3571 971 3618 (a)
996 3572 1030 3612 2,
1054 3573 1109 3609 ιι.

681 203 798 242 PARS
834 202 905 243 tn.
947 204 1111 243 SEC‘HO
1148 205 1188 243 t.
1219 203 1372 242 CAPUT
1409 204 1475 242 tv.

1937 186 2050 242 503.

1134 285 1384 340 mendacii
1423 279 1691 353 arguatur,
1733 281 2118 339 concedendum

1136 367 1232 423 est,
1275 359 1438 431 ipsum
1479 365 1535 412 ut
1566 355 1832 412 hominem
1893 373 1987 411 nee
2042 358 2120 411 in-

1137 434 1358 494 finitum,
1402 446 1499 485 nec
1536 432 1938 501 omnipotentem
1984 447 2116 484 esse.

1139 508 1407 578 Propterea
1448 505 1602 558 etiam
1630 506 1819 559 Paulus
1851 505 2027 558 scribit
2057 505 2123 557 ad

1137 581 1316 635 Hebe:
1364 579 1494 633 Unde
1532 579 1690 632 debuit
1709 596 1800 649 per
1826 579 1993 631 omnia
2023 580 2125 646 fra-

1140 657 1292 708 tribus
1330 653 1562 714 similari,
1623 660 1678 705 ut
1717 653 1991 718 misericors
2043 652 2125 721 fie-

1138 738 1209 782 ret
1247 737 1290 781 et
1314 729 1468 799 fidelis
1496 727 1721 796 Pontifeoe
1747 727 1813 781 ad
1837 726 1996 779 Deum
2024 725 2125 796 (5),-

1140 803 1323 873 quibus
1382 802 1551 854 verbis
1614 801 1804 863 innuit,
1869 799 2126 852 Christum

1142 884 1197 929 ut
1236 877 1494 929 hominem
1526 876 1590 928 ad
1632 876 1793 929 instar
1831 874 2048 927 fratrum
2070 874 2127 925 fi-

1142 952 1298 1003 nitam
1340 958 1389 1004 et
1429 950 1696 1003 limitatam
1738 946 1976 1002 naturam
2040 947 2127 1000 ha-

1144 1026 1330 1078 buisse.
1401 1024 1648 1094 Equidem
1712 1022 1946 1076 Christus
2022 1022 2130 1090 ipse

1144 1098 1299 1151 dicit:
1345 1098 1519 1152 Omnia
1557 1098 1682 1151 mihi
1721 1098 1901 1151 tradita
1939 1103 2052 1149 suut
2100 1111 2131 1148 a

1148 1174 1295 1225 Patre
1333 1189 1433 1225 meo
1459 1171 1553 1243 (lt);
1596 1180 1685 1226 et:
1738 1172 1864 1224 Data
1902 1178 1970 1224 est
2009 1168 2132 1222 mihi

1144 1249 1300 1299 omnis
1323 1255 1524 1316 potestas
1562 1247 1617 1298 in
1655 1246 1779 1300 coelo
1817 1253 1860 1298 et
1899 1246 1953 1298 in
1992 1251 2129 1297 terra

1147 1321 1253 1390 (5);
1295 1322 1383 1374 sed
1427 1321 1551 1374 haec
1589 1327 1640 1373 et
1678 1320 1861 1373 similia
1908 1319 2019 1372 loca
2057 1319 2134 1370 in-

1149 1396 1422 1463 telligenda
1472 1401 1592 1447 sunt
1655 1394 1717 1447 de
1780 1393 1981 1446 Christo
2045 1407 2136 1461 per

1147 1472 1661 1523 communicationem
1703 1469 2000 1521 idiomatum
2038 1466 2131 1528 ita,

1151 1553 1204 1597 ut
1244 1546 1372 1597 sicut
1414 1545 1563 1597 homo
1603 1544 1788 1596 dieitur
1827 1543 1965 1596 Deus
1996 1583 2009 1604 ‚
2066 1541 2137 1592 ita

1150 1621 1303 1671 etiam
1329 1620 1528 1671 dicatur
1549 1619 1888 1687 omnipotens;
1921 1624 1972 1669 et
1988 1614 2137 1668 Chri-

1150 1701 1258 1745 stus
1297 1696 1347 1746 in
1389 1694 1556 1746 citatis
1608 1693 1730 1746 locis
1795 1692 2018 1761 loquitur
2081 1689 2135 1741 in

1151 1775 1387 1819 concreto
1427 1769 1488 1820 de
1528 1784 1621 1820 sua
1661 1783 1898 1836 persona,
1942 1771 1994 1818 et
2034 1779 2134 1816 non

1152 1843 1199 1892 in
1242 1843 1497 1894 abstracto
1537 1842 1599 1893 de
1637 1858 1730 1893 sua
1794 1839 2132 1892 humanitate.

1152 1915 1366 1968 Ecclesia
1405 1918 1456 1967 in
1496 1916 1709 1968 coneilio
1737 1912 2141 1967 Chalcedonensi

1154 1990 1403 2051 definivit,
1447 1990 1574 2042 duas
1615 1997 1825 2041 naturas
1859 1990 1910 2041 in
1940 1986 2142 2040 Christo

1154 2066 1307 2116 etiam
1348 2071 1459 2133 post
1499 2065 1739 2117 unionem
1768 2062 2143 2133 hypostaticam

1155 2139 1400 2190 mansisse
1439 2139 1686 2207 integraS,
1740 2138 2033 2190 inconfusas
2093 2141 2144 2188 et

1158 2213 1525 2280 impermixtaS.
1598 2213 1674 2265 Ex
1744 2212 1840 2265 hoc
1903 2212 2141 2279 dogmate

1156 2289 1407 2356 sequitur,
1451 2288 1696 2340 attributa
1726 2286 2012 2338 divinitatis
2047 2300 2146 2337 non

1157 2363 1417 2414 transiisse
1465 2363 1515 2414 in
1583 2361 1975 2413 humanitatem.
2046 2357 2147 2412 Sed

1159 2436 1521 2503 omnipotentia
1562 2443 1639 2488 est
1677 2435 1982 2487 attributum
2025 2433 2150 2486 divi·

1161 2511 1352 2569 nitatiS,
1396 2526 1515 2578 ergo
1556 2526 1656 2563 non
1697 2509 1896 2563 transiit
1937 2509 1988 2561 in
2054 2507 2150 2560 hu·

1162 2585 1477 2636 manitatem.

1234 2658 1286 2709 2.
1331 2656 1523 2710 Natura
1564 2655 1748 2711 Christi
1788 2657 2016 2710 humana
2060 2670 2150 2724 per

1165 2734 1404 2784 unionem
1445 2732 1814 2801 hypostaticam
1852 2732 1916 2784 ad
1957 2736 2156 2783 tantam

1165 2807 1465 2874 dignitatem
1507 2813 1685 2859 evecta
1725 2813 1823 2868 est,
1869 2813 1924 2858 ut
1964 2820 2063 2874 quo
2085 2808 2158 2856 at·

1167 2881 1430 2932 tolleretur
1493 2881 1647 2933 altius
1673 2923 1685 2943 ,
1754 2896 1853 2932 non
1920 2879 2152 2932 haberet.

1166 2954 1480 3024 Quapropter
1519 2971 1740 3016 summa,
1784 2969 1916 3023 quae
1959 2962 2156 3006 creatu·

1169 3044 1253 3080 rae
1294 3029 1525 3081 rationali
1568 3029 1718 3081 tribui
1763 3035 1925 3096 potest
1986 3034 2157 3097 poten-

1169 3104 1256 3163 tia,
1300 3102 1499 3155 Christo
1527 3109 1583 3154 ut
1611 3102 1801 3155 homini
1843 3110 1918 3156 est
1957 3102 2159 3154 adiudi-

1169 3177 1348 3228 canda.
1416 3176 1820 3246 Quantacunque
1898 3192 2018 3245 ergo
2091 3177 2159 3227 sit

1173 3252 1392 3318 potentia
1434 3251 1767 3316 Angelorum,
1813 3251 1962 3318 longe
2001 3249 2159 3302 maior

1171 3332 1248 3377 est
1290 3326 1507 3394 potentia
1550 3326 1752 3378 animae
1809 3325 2016 3384 Christi,
2074 3322 2160 3391 qui

1171 3406 1247 3452 est
1288 3407 1416 3450 tanto
1455 3399 1630 3451 melior
1685 3397 1882 3468 Anqelis
1944 3398 2157 3467 effectus,

1171 3481 1351 3541 quanto
1389 3473 1690 3541 differentius
1721 3489 1843 3545 prae
1866 3472 1962 3523 iuis
1988 3484 2160 3522 nomen

1218 3572 1263 3614 (ί)
1294 3573 1418 3608 Matth.
1445 3573 1478 3615 2,
1503 3572 1559 3614 2¹1,
1793 3573 1845 3619 (Β)
1870 3572 1995 3608 Meua.
2018 3568 2078 3612 28,
2107 3567 2165 3604 182·
