2332 3860
960 170 1124 212 carui·
1157 174 1229 212 v„
1975 166 2047 223 45

63 252 352 310 liberalium
401 252 815 333 disciplinarum.
858 253 1073 308 Fallitur
1108 253 1397 311 divisiones
1445 257 1708 329 petendae
1747 267 1886 314 sunt.
1930 262 2111 320 Patres

58 323 254 396 itaque,
280 323 370 395 qui
391 324 572 404 prodit
597 341 625 379 e
645 325 770 379 ludo
793 324 1063 390 litterari0‚
1109 325 1248 380 enim
1274 326 1512 398 priorum
1537 327 1865 383 saeculorum
1887 330 2112 401 philoso-

59 395 349 466 perfectum
387 411 491 449 iam
517 411 574 449 se
612 411 726 449 esse
753 404 898 449 ratus
929 395 983 449 in
1009 411 1070 448 ea
1107 395 1260 466 phiae
1274 397 1566 468 platonicae
1579 397 1771 454 addicti
1788 410 1951 466 erant,
1967 403 2114 459 cuius

60 474 186 531 arte,
218 463 297 518 vel
329 464 561 531 scientia,
628 479 748 520 uam
775 482 1066 537 paucorum
1108 466 1362 538 principia
1387 467 1453 522 de
1490 468 1648 523 rebus
1674 469 1858 523 divinis
1895 470 2113 540 dogma-

60 534 320 590 mensium
387 535 595 590 curricu
619 551 652 590 o
718 535 771 590 in
832 534 1069 590 diatribis
1108 536 1246 591 tibus
1273 537 1565 592 christianis
1593 539 1759 610 magis
1785 556 2013 595 consona
2034 560 2114 597 co-

58 603 380 660 scholasticis
414 606 631 677 excepit.
663 606 759 660 Ars
786 615 865 660 est
891 607 1062 676 longa,
1108 606 1455 676 gnoscebant:
1489 626 1519 662 a
1557 611 1765 664 saeculo
1803 619 1978 665 autem
2018 629 2115 666 un-

56 675 158 730 vita
187 674 371 731 brevis
398 676 619 748 Semper
644 675 837 748 aliquid
867 675 1067 731 discen·
1108 677 1314 732 decimo
1359 678 1689 751 philosophia
1730 679 2017 735 Aristotelis
2065 683 2115 736 in

57 745 204 811 dum,
246 746 417 800 donec
469 747 712 802 moriare.
759 747 876 801 Dies
926 746 1081 816 diem·
1108 747 1312 802 scholas
1343 748 1512 803 invehi
1541 751 1739 821 coepit,
1773 767 1907 830 quae
1933 768 2114 806 recen-

55 815 231 884 docet,
263 826 314 871 et
352 816 483 872 liber
514 817 708 872 librum
737 817 920 889 aperit.
955 816 1067 882 Quo
1108 818 1328 873 tioribus
1356 820 1680 891 temporibus
1714 820 1839 875 aliis>
1862 830 2114 893 systema-

57 886 206 958 plura
235 886 506 956 didiceris,
551 906 614 943 eo
652 889 801 961 plura
845 898 1061 955 restare,
1108 888 1245 943 tibus
1285 889 1656 962 philosophicis
1696 891 1881 946 cedere
1913 891 2108 946 debuit.

58 957 370 1030 comperies.
417 978 438 1009 »
1109 989 1173 998 -—
1236 961 1520 1015 Commode
1582 961 1740 1031 igitur
1801 961 2115 1032 Theologiae

1108 1029 1426 1085 theoreticae
1485 1031 1702 1085 historia
1763 1031 2015 1087 litteraria
2064 1033 2116 1086 in

382 1120 637 1167 uuqu-
676 1121 744 1166 ν,
916 1147 933 1165 ,
1107 1108 1214 1155 tres
1277 1101 1509 1173 epochas
1572 1101 1859 1168 dividitur;
1922 1119 2116 1174 nempe

1105 1171 1160 1224 1⁰
1184 1171 1238 1225 in
1258 1171 1618 1243 patristz’cam,
1660 1173 1714 1226 ⁶2⁰
1752 1173 1804 1226 in
1841 1171 2114 1228 scholasti-

57 1247 211 1280 nnevrs
239 1248 442 1283 msroma
466 1250 740 1285 ‘russotocmn
766 1250 1067 1282 ‘rusonssrtcffl
1104 1258 1242 1310 cam,
1287 1251 1338 1296 et
1374 1242 1432 1298 30
1468 1243 1520 1297 jn
1558 1242 1915 1298 recentiorem,

465 1354 501 1414 §
542 1355 647 1402 35.
1436 1407 1734 1450 ARTIGULUS
1756 1409 1790 1449 I.

126 1474 379 1539 Quoniam
410 1472 642 1531 Christu's
671 1476 877 1548 plenam
906 1476 1066 1531 Reve-

55 1544 264 1599 lationis
293 1546 461 1601 lucem
493 1547 689 1601 mundo
719 1548 910 1612 attulit3
932 1548 1066 1618 Apo-

57 1615 174 1669 stoli
215 1617 410 1680 omnia,
442 1634 576 1688 quae
615 1617 792 1672 docuit
829 1626 878 1671 et
917 1634 1066 1671 man·
1516 1639 1551 1698 ς
1593 1640 1702 1689 3⁶.

57 1685 218 1751 davit,
263 1687 489 1740 fideliter
524 1688 986 1753 annuntiaverunt;
1016 1696 1066 1741 et

57 1755 286 1810 Ecclesia
337 1760 520 1828 quovis
576 1767 814 1829 tempore
853 1774 1063 1812 omnem
1177 1758 1222 1808 1.
1252 1755 1482 1811 Christus
1505 1757 1797 1813 doctrinam
1819 1775 1966 1813 suam
1995 1775 2114 1815 cae-

58 1835 108 1880 et
148 1828 312 1880 solam
353 1828 725 1900 Apostolorum
771 1828 1062 1882 doctrinam
1106 1826 1314 1892 lestem‚
1359 1845 1493 1898 quae
1537 1845 1720 1882 omnes
1767 1828 2112 1901 Philosopho-

58 1896 162 1950 fide
195 1897 365 1951 divina
403 1898 719 1952 credendam
760 1898 1059 1969 proposuit,
1106 1913 1223 1950 rum
1290 1897 1554 1953 doctrinas
1611 1898 1811 1953 infinite
1867 1909 2107 1971 superat,

58 1976 108 2021 et
147 1968 415 2039 proponit;
448 1969 696 2039 dogmata
735 1986 944 2040 semper
970 1969 1064 2022 im-
1107 1968 1266 2021 modo
1294 1968 1505 2039 quidem
1535 1968 1774 2041 simplici,
1808 1977 1859 2024 et
1896 1971 2108 2041 populo,

57 2047 200 2091 mota
240 2049 480 2105 manent,
526 2039 871 2093 immutabilia
911 2049 1059 2107 sunt,
1106 2039 1171 2092 ad
1200 2055 1357 2109 quem
1390 2039 1719 2111 loquebatur,
1752 2041 2108 2111 accomodatO,

57 2117 108 2162 et
140 2125 363 2163 numero
391 2126 628 2164 crescere
654 2111 731 2164 vel
759 2111 1065 2165 decrescere
1106 2109 1196 2163 sed
1219 2119 1393 2164 tamen
1415 2127 1534 2164 cum
1563 2110 1831 2175 suavitate,
1858 2119 1909 2165 et
1934 2110 2114 2165 facun-

57 2188 325 2250 nequeunt
375 2180 432 2250 (ἓ
470 2181 552 2248 5).
599 2213 666 2220 -—
704 2183 793 2234 Ast
843 2181 965 2251 quia
1014 2182 1064 2235 iu
1106 2180 1189 2234 dia
1215 2180 1302 2233 tali
1341 2181 1631 2252 proposuit,
1658 2190 1715 2234 ut
1742 2197 1919 2235 omnes
1943 2181 2114 2236 mira-

57 2249 325 2318 Religione
351 2251 575 2304 revelata
606 2252 930 2318 illustranda,
963 2260 1064 2305 tra·
1104 2257 1292 2304 rentur
1317 2250 1377 2303 in
1402 2252 1572 2306 verbis
1597 2251 1821 2322 gratiae,
1842 2268 1980 2323 quae
1997 2269 2116 2323 pro-

60 2320 227 2374 denda
278 2329 329 2375 et
377 2321 702 2376 defendenda
753 2322 894 2376 varia
946 2331 1066 2376 sunt
1106 2322 1353 2376 cedebant
1375 2322 1436 2376 de
1462 2340 1550 2376 ore
1570 2322 1832 2393 ipsiu-zet
1858 2322 2112 2377 dicerent:

56 2390 274 2445 rationis
311 2391 427 2445 iura
463 2400 514 2445 et
551 2393 738 2459 officia,
770 2392 889 2448 ideo
930 2394 1063 2447 veri-
1105 2409 1390 2462 nunquam
1407 2393 1480 2447 sic
1502 2393 1704 2447 loculus
1720 2400 1791 2446 est
1811 2392 1964 2446 homo
1981 2392 2113 2447 sicut

55 2469 187 2514 tates
215 2461 538 2531 theologicae
565 2463 716 2517 variis
746 2464 914 2518 modis
944 2481 1065 2535 per·
1106 2462 1191 2518 hic
1213 2462 1368 2516 homo
1389 2463 1792 2534 (l).-Apostoli
1811 2463 1860 2516 in
1875 2463 2113 2517 docendo

56 2532 269 2586 tractari
332 2543 562 2603 possunt.
616 2565 687 2573 —-
738 2534 810 2588 Ex
863 2534 1066 2588 duabus
1106 2532 1397 2603 simplicem
1425 2533 1580 2588 divini
1607 2533 1686 2587 sui
1727 2533 1962 2602 magistri
2001 2550 2112 2587 me-

57 2609 229 2656 autem
276 2603 607 2674 potissimum
654 2605 823 2659 causis
872 2605 1064 2659 factum
1107 2603 1807 2673 thodumimitatiintegram
1826 2602 2114 2658 salutisdo-

60 2680 164 2735 est,
203 2681 262 2727 ut
303 2673 356 2727 in
394 2674 876 2730 elucubrationibus
916 2675 1065 2730 theo-
1107 2675 1328 2729 ctrinam
1368 2673 1669 2728 hominibus
1709 2673 2108 2738 annunciatum,

56 2742 238 2812 logicis
283 2742 452 2798 variae
499 2745 817 2800 mutationes
862 2745 1066 2800 contine
1106 2762 1215 2799 non
1270 2743 1786 2816 impersuasibilibus
1840 2741 2114 2798 humanae

55 2821 255 2882 gerent.
298 2812 571 2868 Increduli
614 2816 753 2870 enim
796 2825 847 2870 et
886 2815 1065 2871 haere·
1106 2814 1401 2888 sapientiae
1420 2814 1717 2879 verbis-,sed
1742 2814 1802 2868 in
1827 2814 2114 2869 ostensione

57 2882 146 2936 tici
184 2881 490 2950 effecerunt,
535 2894 592 2939 ut
627 2885 722 2940 viri
761 2885 1062 2954 orthodoxi,
1105 2886 1326 2958 spiritus
1352 2893 1396 2940 et
1422 2885 1634 2940 virtutis
1657 2885 1750 2953 (02).
1771 2883 1966 2938 Eadem
1994 2884 2114 2938 sim·

55 2952 292 3016 doctrina
330 2962 380 3008 et
417 2954 607 3026 pietate
645 2955 937 3028 conspicui,
981 2975 1067 3012 ve-
1109 2959 1224 3029 plex
1240 2957 1460 3011 docendi
1479 2957 1611 3010 ratio
1627 2972 1685 3009 ex
1705 2971 1889 3010 eorum
1909 2955 2114 3027 scriptis

38 3022 329 3090 ruatibus,
387 3042 523 3104 quae
573 3026 638 3080 ab
689 3026 789 3080 illis
840 3026 1068 3107 impete·
1108 3028 1293 3093 elucet,
1314 3025 1811 3098 inquibusnoniam
1833 3025 2108 3097 completa,

55 3092 263 3159 bantur,
294 3096 626 3165 explicandis,
670 3096 974 3168 probandis
1018 3107 1068 3153 et
1108 3106 1160 3152 et
1196 3100 1361 3152 multo
1401 3097 1573 3150 minus
1600 3095 1931 3169 systematica
1960 3095 2114 3150 totius

2 3207 6 3211 ,
59 3163 397 3220 defendendis
435 3166 531 3220 toti
579 3166 890 3222 insudarint.
938 3167 1069 3223 Hinc
1108 3167 1378 3223 doctrinae
1427 3166 1739 3221 christianae
1782 3165 2112 3238 pertractatio

55 3232 162 3288 sere
199 3251 383 3291 omnes
410 3236 788 3293 vicissitudines
824 3238 1068 3311 explicari
1108 3238 1382 3303 invenitur,
1427 3237 1550 3308 quia
1574 3237 1824 3309 Apostoli,
1855 3236 2007 3291 variis
2037 3253 2112 3290 ra-

59 3314 291 3375 queunt‚
349 3324 478 3378 quas
533 3307 817 3379 Theologia
872 3308 1065 3375 subiit,
1107 3309 1337 3363 tionibus
1386 3308 1452 3362 ad
1497 3305 2107 3377 scribendumimp'ulsi,

61 3381 113 3428 et
139 3382 218 3430 'ex
260 3375 449 3448 quibus
491 3376 754 3445 historiae,
786 3378 1070 3435 litterariae
1108 3396 1169 3434 ea
1229 3386 1432 3434 tantum
1494 3376 1656 3433 fusius
1725 3384 2106 3449 exposuerunt,

102 3479 152 3530 (1)
173 3471 250 3526 ω.
273 3485 307 3526 4.
327 3485 382 3511 m
409 3490 459 3515 ιι·-
478 3488 512 3514 ‘¹-
534 3488 591 3515 «ιιι.
1085 3497 1088 3531 ι
1151 3489 1202 3532 (⁴2)
1227 3492 1240 3524 t
1264 3493 1336 3524 eor.
1360 3489 1397 3522 9.
1419 3494 1450 3522 ι.

1393 1515 1554 1561 Epocha
1580 1516 1799 1562 patristiea.
