2332 3860
775 123 892 162 rans
927 123 999 160 ιιι.
1040 92 1205 162 suerio
1242 122 1298 162 ιι.
1340 121 1491 160 carm
1527 122 1611 162 ιι.-

171 205 436 261 manifestc
473 202 712 272 intelligit
730 189 910 256 omnes
928 203 1156 266 omnino,
1223 203 1355 262 inter
1390 202 1512 256 fidei
1550 202 1788 270 dogmata
1827 205 2084 256 recenseri
2110 201 2212 266 ndu
2247 223 2249 225 ·

19 326 30 330 γ,
65 292 110 345 ·,
171 280 391 334 nemine*
414 293 623 348 prorsus
645 283 897 346 excepto,
928 298 952 327 ι»

238 353 629 407 Definitionibus
667 349 1009 405 conciliorum
1047 352 1160 405 iun-

48 464 75 501 ἢ
167 428 335 496 genda
373 434 494 481 sunt
530 427 734 478 decreta
775 426 992 479 Roman.
1035 426 1162 479 Pon-

170 501 386 561 tificum,
425 501 509 571 qui
532 499 942 554 condemnarunt
982 515 1159 568 propo-

167 576 376 628 sitiones
413 574 668 632 lansenii.
731 590 949 643 quarum
991 575 1049 624 5⁸
1087 575 1160 625 sic

168 656 355 703 sonat:
401 669 428 699 α
469 648 916 717 Semipelaqianum
968 655 1035 699 est
1086 648 1160 699 di-

168 738 302 791 cere,
316 722 572 775 Christum
593 738 680 790 pro
697 724 933 775 omnibus
953 722 1159 774 omnino

47 837 51 844 .
89 810 95 811 ⁷
167 795 457 850 hominibus
485 805 742 850 mortuum
770 813 905 863 esse,
933 803 1023 847 aut
1048 812 1161 847 san-

166 873 374 936 guinem
428 871 637 924 fudisse.
691 891 714 920 »
771 871 1079 923 Innocentius
1117 871 1165 922 X

167 943 302 999 hanc
341 947 731 1014 propositionem
762 945 1023 996 damnavit
1053 951 1160 996 tan-

166 1034 320 1087 quam
350 1020 546 1088 salsam,
578 1020 913 1078 temerariam,
955 1020 1158 1070 seanda-

167 1092 320 1145 losam
358 1102 403 1146 et
451 1093 738 1146 intellectam
787 1109 838 1144 eo
884 1109 1026 1144 sensa
1051 1134 1063 1153 ,
1107 1102 1158 1145 ut

167 1164 394 1219 Christus
416 1183 511 1236 pro
549 1167 702 1219 salute
741 1168 995 1219 danitaoeat
1020 1184 1159 1235 prae-

167 1241 514 1293 destinatorum
553 1250 776 1293 mortuus
813 1244 896 1302 sit,
939 1241 1158 1310 impiam,

167 1314 510 1383 blasphemam,
535 1315 943 1381 contumeliosam,
970 1317 1159 1367 divinae

163 1389 333 1456 pietati
370 1390 702 1457 cleroyantem‚
752 1397 797 1441 et
842 1389 1151 1442 haereticam

165 1462 310 1515 Hanc
356 1464 833 1516 condemnationem
890 1466 1158 1516 confirma-

166 1544 287 1588 runt
326 1536 606 1590 Alexander
642 1538 747 1603 VII,
780 1537 1003 1590 Urbanus
1046 1539 1162 1591 VIII

169 1618 222 1663 et
250 1611 470 1663 Clemens
485 1611 574 1665 XI.

236 1685 369 1737 Nota
408 1687 461 1738 4.
494 1685 753 1737 Christum
785 1702 884 1738 non
915 1703 1004 1754 pro
1040 1687 1158 1738 solis

166 1761 576 1827 praedestinatiS‚
607 1761 693 1811 sed
723 1761 877 1812 etiam
908 1778 995 1828 pro
1021 1762 1152 1821 aliis,

165 1833 346 1886 saltem
374 1833 610 1886 fidelibus
639 1843 896 1887 mortuum
920 1852 1050 1897 esse,
1083 1843 1158 1887 est

165 1907 347 1975 dogma
385 1907 485 1961 fide
518 1910 688 1960 divina
727 1910 1059 1962 credendum.
1104 1911 1155 1962 ln

164 1982 218 2035 S.
260 1983 522 2050 Scriptura
562 1984 698 2034 enim
739 1985 876 2036 clare
935 1986 1160 2037 coutine-

165 2062 266 2110 tur.
292 2056 523 2110 Christus
563 2058 610 2109 in
643 2057 781 2111 loan.
828 2058 1024 2125 Evang.
1051 2061 1152 2111 ait:

163 2131 280 2183 Non
297 2148 386 2198 pro
405 2134 475 2184 eis
496 2132 556 2200 (Α
567 2132 789 2203 postolis)
811 2149 927 2199 roqo
945 2142 1150 2194 tantum,

164 2206 244 2256 sed
282 2214 326 2257 et
357 2222 453 2275 pro
498 2207 565 2257 eis
591 2247 603 2266 ‚
648 2208 734 2274 qai
772 2208 1013 2259 credituri
1044 2217 1156 2259 sant

161 2295 249 2348 per
286 2282 483 2333 verbam
521 2296 690 2331 eorum
730 2283 783 2332 in
817 2298 890 2332 me
931 2279 1026 2351 (l).
1062 2282 1156 2334 Pro

165 2355 225 2405 iis
262 2369 385 2422 ergo
424 2361 657 2406 mortuus
697 2363 773 2406 est·
813 2354 1044 2407 Christus
1090 2373 1156 2408 ex

164 2428 363 2481 sincera
390 2429 656 2482 voluntate
675 2429 1029 2496 applicationis
1056 2446 1157 2482 me-

164 2503 379 2555 ritorum
418 2518 649 2564 suorum,
695 2519 782 2570 pro
821 2504 1004 2571 quibus
1044 2521 1154 2556 ora-

164 2577 266 2637 vit,
320 2578 442 2644 ipsis
487 2577 806 2630 lansenianis
846 2578 1150 2643 fatentibus3

164 2652 301 2718 atqui
341 2650 572 2703 Christus
598 2653 764 2704 oravit
794 2668 881 2719 pro
919 2653 1154 2705 omnihus

164 2723 417 2787 fidelibus,
460 2726 546 2794 qui
574 2741 750 2778 omnes
777 2733 916 2779 certe
946 2728 1153 2794 praede-

164 2799 335 2851 stinati
375 2815 475 2851 non
515 2807 656 2864 sunt3
690 2816 812 2867 ergo
839 2802 992 2853 etiam
1021 2817 1154 2854 mor-

165 2879 283 2925 tuus
321 2879 399 2924 est
437 2872 619 2926 saltem
672 2890 761 2941 pro
807 2874 907 2926 illis
952 2890 1153 2944 quoque

164 2945 416 3007 fidelibus,
438 2949 520 3016 qui
545 2948 847 3015 reprobandi
868 2956 1008 3001 sunt.
1035 2949 1153 3002 Pro-

165 3022 343 3088 positio
366 3028 702 3090 autem,quae
727 3022 868 3083 dicit,
893 3021 1152 3076 Christum

165 3110 252 3162 pro
289 3096 518 3148 omnium
548 3111 753 3163 prorsus
793 3096 1057 3149 hominum
1084 3106 1155 3151 et-

164 3168 264 3222 iam
301 3170 351 3222 in
380 3169 680 3222 infidelitate
707 3186 797 3223 sua
829 3174 1149 3239 pereuntium

166 3243 328 3304 salute
369 3260 575 3312 passum
616 3251 668 3297 et
709 3252 966 3298 mortuum
1006 3263 1147 3309 esse,

168 3331 223 3369 ac
247 3318 512 3387 sanguinis
537 3319 616 3372 sui
638 3320 858 3388 pretium
883 3321 1147 3383 obtulisse,

211 3446 262 3493 u)
284 3448 384 3484 loun.
409 3448 464 3488 17,
487 3449 543 3487 20.

208 3490 259 3536 (ἓ)
284 3492 478 3538 matth-20,
500 3495 556 3531 28.
735 3494 790 3541 (3)
813 3495 937 3532 Matth.
962 3494 1019 3540 28,
1043 3494 1096 3532 28.

2033 105 2134 161 ont

1224 282 1406 345 potest.
1448 275 1547 329 Ast
1583 274 1660 329 Gt.
1709 275 1970 344 Tournely,
2011 275 2215 331 Thomas

1220 368 1283 404 eae
1307 349 1535 411 Charm„
1566 347 1642 402 Gt.
1684 350 1892 403 Per-rone
1929 358 1981 403 et
2019 350 2105 404 alii
2146 353 2218 405 di-

1221 433 1366 488 cunt,
1390 425 1698 495 sententiam
1720 431 2056 490 asserentem,
2077 424 2219 477 Chri-

1220 506 1357 552 stum
1398 515 1488 568 pro
1526 499 1760 551 omnibus
1788 506 1836 551 et
1877 499 2094 566 singuiis
2134 500 2220 552 ho-

1225 574 1444 627 minihus
1482 573 1664 626 saitem
1715 571 1905 624 adultis
1960 580 2216 626 mortuum

1223 663 1373 709 esse,
1435 663 1496 699 ac
1535 646 1801 712 sanguinis
1858 647 1936 697 sui
1998 648 2217 715 pretium

1225 738 1311 789 pro
1350 721 1588 774 omnibus
1636 719 1742 772 Deo
1771 719 1907 772 Patri
1948 721 2215 783 obtulisse,

1222 811 1332 847 esse
1372 796 1680 848 sententiam
1714 810 1911 854 veram,
1953 795 2109 861 piam,
2140 812 2221 848 ca-

1224 869 1463 922 tholicam
1503 877 1554 922 et
1610 869 1724 922 fidei
1767 869 2053 936 proximam
2080 910 2092 930 ,
2136 872 2219 923 cui

1223 945 1345 995 nihil
1387 945 1549 1006 deest,
1592 945 1688 996 nisi
1720 943 1964 996 solemnis
1992 942 2219 997 definitio

1221 1018 1498 1070 Ecclesiae.

1295 1093 1402 1144 Obi.
1436 1094 1520 1145 t.·
1561 1090 1673 1158 {psa
1712 1091 1767 1144 S.
1822 1090 2087 1159 Scriptura
2134 1092 2219 1145 de-

1221 1166 1412 1228 clarat,
1458 1183 1547 1235 per
1585 1182 1745 1218 omnes
1787 1182 1885 1218 non
1927 1167 2221 1232 intelligen-

1222 1242 1311 1293 dos
1351 1257 1484 1303 esse,
1529 1241 1621 1292 nisi
1662 1239 1858 1292 multos.
1902 1239 2029 1292 Nam
2077 1240 2221 1293 Chri·

1221 1323 1330 1367 stus
1358 1316 1463 1383 ipse
1504 1315 1594 1367 ait:
1638 1314 1802 1367 Filius
1835 1314 2049 1368 hominis
2094 1318 2221 1368 venit

1221 1390 1338 1442 dare
1383 1391 1602 1441 animam
1653 1405 1793 1440 suam
1846 1389 2221 1455 redemptionem

1216 1480 1307 1531 pro
1338 1466 1512 1515 maltis·
1542 1462 1594 1533 (-
1580 1463 1637 1533 )).
1686 1462 1746 1514 Et
1788 1463 1994 1515 ibidem:
2038 1464 2131 1516 Hic
2153 1473 2221 1518 est

1220 1541 1420 1603 sttizqctis
1447 1555 1579 1590 meus
1610 1537 1741 1589 Noti
1782 1536 2092 1598 Testamenti,
2135 1540 2221 1607 qai

1214 1629 1310 1680 pro
1352 1615 1521 1666 maltis
1558 1612 1832 1681 effundetur
1880 1614 1934 1664 in
1980 1613 2221 1683 remissio-

1222 1704 1328 1738 nem
1360 1697 1665 1755 peecatorum
1708 1684 1805 1756 (5).

1292 1761 1432 1830 Resp.
1478 1761 1528 1814 Si
1571 1760 1624 1813 S.
1664 1760 1925 1827 Scriptura
1969 1760 2111 1822 dicit,
2146 1777 2218 1813 re·

1222 1836 1453 1903 demptos
1493 1852 1603 1887 esse
1644 1836 1832 1886 multos
1858 1876 1869 1896 ,
1923 1841 1974 1886 et
2021 1836 2220 1888 redem-

1224 1917 1332 1977 ptos
1354 1927 1464 1961 esse
1493 1926 1670 1961 omnes
1700 1907 1798 1978 (lt),
1832 1916 2108 1978 utrumque
2138 1926 2221 1963 ve·

1223 2001 1333 2035 rum
1374 1992 1467 2038 est.
1522 1984 1648 2036 Nam
1696 1999 1874 2034 omnes
1925 2000 1987 2037 ac
2027 1986 2218 2052 singuli

1222 2059 1452 2111 homines
1496 2074 1614 2110 vere
1662 2066 1784 2109 sunt
1825 2058 1992 2112 multi.
2050 2062 2215 2127 Saepe

1221 2134 1268 2184 in
1309 2132 1387 2187 Ss,
1446 2133 1622 2185 Bibliis
1680 2133 1959 2185 multorum
2007 2135 2216 2186 nomine

1218 2224 1397 2260 omnes
1426 2207 1800 2272 intelliguntur,
1831 2215 1883 2258 ut
1906 2223 1951 2259 e.
1985 2223 2036 2274 g.
2072 2208 2215 2260 Rom.

1223 2282 1282 2343 V,
1330 2285 1418 2334 15:
1463 2282 1614 2334 *unias
1655 2281 1822 2333 delicto
1855 2279 2001 2333 multi
2034 2284 2217 2334 mortui

1217 2365 1350 2415 sant,
1393 2358 1427 2408 i.
1473 2372 1520 2409 e.
1565 2371 1762 2408 omues:
1803 2355 1985 2408 Matth.
2018 2355 2091 2421 X,
2121 2358 2212 2408 54:

1220 2431 1383 2482 niitltis
1441 2432 1474 2482 i.
1531 2446 1578 2482 e.
1641 2430 1879 2482 omnibus
1933 2432 2216 2499 passeribus

1219 2507 1438 2556 meliores
1489 2505 1602 2556 estis
1635 2520 1735 2565 vos;
1774 2503 1956 2555 Daniel
1995 2503 2112 2566 Xll,
2156 2506 2210 2555 ἒς

1219 2579 1367 2631 Multi
1393 2579 1447 2630 de
1475 2578 1569 2640 his,
1612 2581 1699 2646 qai
1743 2578 1992 2630 dormiunt
2038 2579 2092 2630 in
2124 2587 2216 2631 ter-

1216 2669 1304 2705 rae
1323 2653 1520 2721 pulvere
1547 2652 1858 2721 eviyilabzmt,
1890 2653 1920 2705 i.
1962 2669 2009 2704 e.
2035 2668 2213 2705 omnes

1219 2734 1503 2794 resurgent.
1553 2727 1727 2795 Liquet
1766 2742 1908 2794 erg0‚
1956 2743 2044 2795 per
2080 2728 2213 2779 mul-

1220 2811 1294 2854 tos
1334 2818 1433 2854 non
1494 2802 1700 2853 excludi
1741 2817 1917 2853 omnes
1944 2842 1957 2863 ,
1997 2801 2085 2854 sed
2127 2818 2213 2870 po-

1218 2878 1316 2928 tius
1355 2876 1514 2928 asseri
1548 2892 1666 2928 cum
1707 2876 1959 2943 emphasi,
2002 2877 2124 2944 quia
2163 2893 2213 2928 o-

1218 2967 1361 3003 mnes
1425 2957 1548 3002 sunt
1610 2951 1661 3001 in
1727 2965 1913 3013 magno
1972 2965 2206 3002 numer0.

1220 3025 1327 3092 lpse
1366 3025 1419 3076 S.
1457 3025 1764 3092 Aaqastinus
1805 3022 1882 3094 (ὅ)
1923 3031 2101 3077 contra
2134 3023 2214 3076 Iu·

1218 3099 1409 3150 lianum
1449 3100 1545 3150 ait:
1594 3118 1619 3147 «
1664 3098 1806 3151 Unus
1848 3114 1936 3166 pro
1974 3099 2211 3151 omnihus

1214 3182 1448 3225 mortuus
1487 3179 1597 3235 est,
1641 3189 1669 3224 ο
1709 3172 1930 3226 Iuliane!
1974 3189 2071 3225 non
2115 3174 2211 3223 hoc

1214 3248 1566 3314 Augustinus,
1610 3245 1698 3299 sed
1737 3245 2014 3315 Apostolus
2054 3247 2205 3307 dixit,

1214 3322 1314 3373 imo
1365 3322 1474 3390 ipse
1537 3337 1628 3389 per
1690 3337 1843 3374 suum
1907 3321 2208 3391 Apostolum

1261 3449 1311 3494 (4)
1333 3451 1350 3485 1
1372 3451 1466 3486 Tim.
1492 3451 1527 3493 Ω,
1550 3450 1605 3488 26.

1258 3495 1310 3541 (⁶)
1330 3494 1409 3531 Lib.
1435 3493 1469 3540 2,
1493 3496 1559 3541 Op.
1580 3496 1722 3540 impert.
1743 3506 1779 3532 n.
1806 3495 1880 3532 133.
