2332 3860
243 151 346 205 δίιῖι

171 247 597 316 praedicationem
663 248 927 315 Evangelii
1002 249 1156 301 etiam

593 169 655 206 DE
692 169 785 206 DEO
823 168 954 206 LAPSI
993 167 1187 206 HUMANI
1225 166 1428 204 GENERIS
1467 138 1805 206 nEDmiPTonss.

1613 247 1652 306 g
1681 247 1823 295 evo.

170 322 330 390 posita
377 322 570 375 infinita
616 323 961 376 satisfactione
1013 321 1155 373 Chri·
1214 341 1259 376 ιι.
1283 340 1449 377 emistus
1471 346 1515 377 ut
1545 341 1728 378 mediator
1762 345 1929 382 nomines
1951 347 2026 383 neo
2048 349 2210 386 reoma-

168 396 228 448 sti
270 395 333 448 ad
375 397 593 448 salutem
636 395 914 450 electorum
980 412 1154 448 neces-

167 471 351 522 sariam
391 470 639 533 declarat,
683 477 740 523 ut
779 472 858 523 isti
889 486 976 538 per
1003 470 1155 521 fidem

167 560 297 613 quae
363 560 451 612 per
507 544 810 597 charitatem
874 550 1150 612 operatur,

169 617 526 670 satisfactionis
566 634 593 669 a
634 617 833 670 Christo
884 619 1154 686 praestitae

170 692 439 760 participes
470 692 767 744 reddantur.
795 690 1044 760 Cognovit
1069 708 1156 743 au·

167 773 268 818 tem
313 765 519 827 Paulus,
564 782 618 818 se
658 782 855 834 quoque
895 765 958 818 ad
1012 781 1156 833 prae·

169 839 439 892 dicandum
469 840 804 907 Evangelium
835 841 1048 892 missum
1076 856 1153 891 es·

168 930 221 966 se
275 912 371 984 (l),
429 921 579 982 atque
635 914 686 964 in
729 913 823 965 hoc
879 915 1154 966 ministerio

167 988 399 1041 obeundo
439 987 764 1039 fidelissimus
793 987 906 1039 fuit.
958 987 1076 1040 ldeo
1112 987 1151 1038 ll

167 1061 384 1116 Timoth.
424 1062 477 1123 2,
522 1061 571 1125 9,
610 1062 718 1113 ait:
763 1061 815 1112 in
842 1078 937 1128 quo
967 1059 1154 1133 (Evan-

167 1135 299 1204 gelio
352 1132 708 1206 praedicando)
775 1135 938 1187 laboro
1004 1152 1154 1203 usque

167 1210 229 1262 ad
266 1209 476 1267 vincula,
520 1216 646 1274 etc.;
690 1225 750 1261 ac
789 1209 958 1261 addit:
991 1210 1152 1261 omnia

165 1284 375 1336 sustineo
408 1290 605 1352 propter
672 1284 868 1345 electae,
940 1299 1038 1334 non
1097 1291 1154 1335 ut

168 1373 257 1427 pro
308 1358 528 1425 peccatis
586 1373 762 1409 eorum
820 1357 1149 1418 satisfaciam,

167 1431 254 1484 scd
295 1437 350 1483 ut
389 1432 510 1499 ipsis
550 1430 830 1483 doctrinam
859 1431 1036 1483 salutis
1063 1448 1153 1483 an—

168 1505 425 1567 nuntiem,
469 1521 619 1574 quam
660 1506 927 1558 credentes
967 1512 1017 1557 et
1067 1507 1154 1559 ob-

168 1585 432 1632 servantes
470 1581 688 1632 salutem
747 1585 1147 1648 consequentur.

166 1653 355 1707 Eodem
396 1654 541 1706 modo
584 1654 822 1722 explicari
870 1661 1035 1723 potest
1086 1654 1155 1706 al-

166 1736 244 1780 ter
285 1727 425 1779 locus
464 1728 527 1779 ad
568 1727 759 1780 001055.
801 1728 988 1780 Paulus
1017 1723 1151 1780 enin]

167 1803 262 1855 boc
302 1802 351 1853 in
394 1802 502 1854 loco
544 1799 618 1872 (Ὦ)
666 1802 727 1854 de
776 1803 1152 1870 praedicatione

167 1875 434 1942 Evangelii
473 1875 716 1944 loquitur,
760 1882 811 1927 et
862 1876 1149 1945 profitetur,

166 1966 221 2003 se
260 1964 377 2001 cuin
417 1950 600 2015 gaudio
641 1949 839 2002 labores
896 1952 1153 2019 suscipere

167 2031 219 2076 et
256 2039 532 2075 aerumnas
574 2024 787 2091 perpeti,
831 2040 930 2076 non
961 2030 1017 2076 ut
1046 2026 1151 2092 ipse

167 2114 257 2167 pro
297 2099 519 2165 peccatis
558 2097 821 2149 hominum
861 2098 1153 2165 satisfaciat,

167 2171 256 2224 sed
298 2178 354 2222 ut
394 2170 683 2224 hominibus
722 2171 952 2224 doctrina
974 2173 1154 2225 salutis

168 2246 525 2307 annuntietur,
569 2252 620 2297 et
657 2246 730 2298 sic
757 2262 815 2298 ea
840 2246 1154 2315 adimplean-

166 2327 271 2383 tur,
315 2335 437 2388 quae
475 2320 642 2372 desunt
674 2321 960 2389 passionum
1013 2319 1155 2373 Chri·

167 2394 231 2446 sti
242 2412 264 2456 ,·
318 2395 445 2446 istae
508 2410 691 2462 nempe
756 2394 939 2448 infiniti
1006 2396 1151 2465 pretii

169 2475 307 2532 sunt,
350 2467 437 2520 5θά
478 2469 587 2520 sine
628 2468 1002 2537 preadicatione
1059 2469 1154 2522 hoc

169 2542 287 2610 ipsis
328 2542 547 2603 deesset,
591 2542 723 2611 quod
751 2543 1041 2596 hominibus
1066 2560 1153 2612 ap-

169 2615 440 2685 plicentur,
477 2623 630 2686 atquo
669 2618 790 2685 ipsis
829 2618 892 2670 ad
933 2617 1153 2671 salutem

168 2690 473 2758 proficiant3
515 2698 814 2759 quapropter
861 2708 950 2760 per
1004 2708 1151 2759 prae—

168 2764 468 2818 dicationem
509 2764 771 2833 Evangelii
811 2765 1154 2832 adimplentur

169 2854 248 2900 ca,
291 2854 413 2906 quae
451 2839 619 2891 desunt
643 2855 922 2907 paestanum
949 2838 1152 2895 Christi.

168 2909 267 2964 Alii
318 2918 486 2965 tamen
548 2921 749 2981 putant,
818 2913 1033 2966 Paulum
1092 2915 1154 2967 de

169 2986 439 3054 semetipso
481 2986 634 3056 loqui,
667 2995 720 3040 ct
758 2988 1055 3049 contestari,
1098 3005 1153 3040 se

169 3075 259 3128 per
321 3075 594 3113 aerumnas
661 3062 710 3113 in
777 3062 1152 3130 praedicatione

169 3132 426 3200 Evangelii
470 3134 710 3189 toleratas
756 3152 816 3189 ea
873 3136 1153 3203 adimplere

169 3222 300 3277 quae
335 3206 431 3258 'sibi
456 3207 638 3261 desunt
660 3210 722 3262 de
769 3212 1154 3280 participatione

170 3281 464 3350 passionum
527 3281 730 3342 Christi,
794 3286 939 3337 iuxta
985 3285 1150 3347 illud,

170 3354 303 3425 quod
343 3353 463 3407 alibi
502 3353 660 3407 dixit:
704 3357 765 3410 Si
822 3367 977 3410 tamen
1034 3374 1157 3411 com-

168 3430 406 3500 patimur,
450 3436 503 3480 ut
540 3437 583 3481 et
613 3431 1024 3502 conplorificemur
1053 3433 1150 3505 (5).

215 3528 267 3574 ss)
288 3531 304 3564 1
328 3529 490 3566 Corinth.
517 3529 549 3572 1,
574 3529 627 3568 1⁷.

1261 399 1378 442 liavit,
1405 399 1525 443 iisque
1549 401 1687 444 gratias
1710 405 2008 446 supernaturales
2035 410 2074 441 et
2093 410 2209 443 neter-
2264 420 2279 433 ἐ

1259 466 1345 493 nam
1370 458 1638 495 beatitudinem
1661 461 1806 495 meruit.

1284 539 1358 593 Ut
1414 540 1528 594 Deo
1592 543 1815 610 perfecte
1879 545 2212 614 coniungere·

1219 629 1348 680 mur,
1390 622 1441 667 et
1496 615 1550 667 in
1617 623 1885 670 aeternum
1943 621 2052 687 ipso
2115 622 2211 676 frui

1219 704 1499 756 possemuS‚
1542 705 1670 756 opus
1711 692 1854 745 nobis
1891 692 1987 745 fuit
2033 696 2211 763 gratiis

1217 764 1719 831 supernaturalibus,
1770 781 1897 835 quas
1936 783 2026 836 per
2089 785 2211 837 pec-

1217 844 1388 889 catum
1431 837 1765 905 perdidimuS,
1810 846 1862 892 et
1899 841 2010 893 iure
2037 843 2098 894 ad
2127 859 2212 897 ae-

1220 918 1419 963 ternam
1459 912 1854 974 beatitudinem,
1898 930 1998 983 quo
2026 917 2211 984 privati

1218 985 1421 1038 fuimus,
1462 984 1560 1037 Sed
1606 986 1723 1039 buic
1763 990 2212 1057 quoqueindigen·

1219 1061 1317 1112 tiae
1346 1066 1550 1111 nostrae
1580 1058 1815 1113 Christus
1845 1068 2087 1132 tanquam
2108 1081 2211 1118 me-

1217 1135 1382 1185 diator
1420 1134 1680 1187 subvenit.
1725 1134 1855 1188 Nam
1881 1152 1972 1205 per
1998 1140 2212 1191 sanctis-

1216 1209 1398 1259 simam
1439 1210 1619 1269 vitam‚
1682 1216 1732 1261 et
1791 1211 2063 1279 praecipue
2122 1229 2212 1281 per

1217 1282 1521 1334 dirissimam
1566 1284 1853 1351 passionem
1894 1291 1945 1336 et
1994 1293 2210 1339 mortem

1217 1372 1362 1408 suam
1405 1373 1505 1409 non
1547 1357 1714 1410 solum
1754 1357 1859 1409 Deo
1906 1359 2209 1427 perfectissi-

1219 1446 1298 1481 me
1338 1431 1602 1492 satisfecit,
1645 1431 1734 1484 sed
1764 1433 1916 1484 etiam
1954 1434 2213 1487 excellen-

1219 1506 1412 1557 tissima
1454 1506 1635 1557 merita
1675 1505 2044 1559 accumulavit.
2090 1508 2210 1562 Pro-

1218 1579 1432 1631 meritus
1472 1580 1609 1631 enim
1659 1586 1736 1632 est
1799 1579 2093 1634 hominibus
2156 1599 2209 1636 o·

1219 1669 1364 1706 mnes
1403 1655 1595 1720 gratias
1628 1654 1858 1706 actuales
1880 1654 2211 1723 disponentes

1216 1727 1279 1778 ad
1321 1727 1753 1790 iustificationem,
1796 1730 2064 1799 ipsamque
2098 1747 2214 1799 gra·
2245 1727 2251 1739 ¹

1219 1802 1339 1853 tiam
1381 1802 1811 1864 sanctificantem,
1854 1802 2073 1871 gloriam
2129 1822 2213 1858 ae-

1216 1881 1414 1927 ternam
1457 1883 1508 1929 et
1565 1893 1626 1929 ea
1689 1878 1861 1929 omnia
1925 1879 2208 1945 gratiarum

1216 1949 1368 2011 dona,
1411 1966 1543 2019 quae
1582 1950 1647 2003 ad
1693 1951 1834 2003 illam
1901 1951 2098 2005 ducunt
2161 1961 2212 2006 et

1216 2024 1536 2077 ordinantur.
1581 2024 1656 2077 De
1695 2024 2047 2078 saluberrimis
2099 2027 2212 2080 istis

1218 2098 1580 2166 redemptionis
1619 2114 1648 2150 a
1706 2098 1907 2151 Christo
1972 2107 2227 2167 peractae,

1218 2172 1482 2224 effectibus
1546 2172 1721 2225 divina
1784 2171 2048 2228 Revelatio
2112 2191 2204 2229 nos

1216 2253 1383 2298 certos
1416 2246 1603 2298 reddit.

1292 2320 1342 2372 t.
1387 2320 1447 2373 In
1485 2318 1546 2374 S.
1603 2318 1859 2390 Scriptura
1921 2321 2059 2375 clare
2123 2321 2211 2376 do-

1216 2402 1378 2461 cetur,
1419 2393 1678 2446 Christum
1723 2411 1822 2447 non
1863 2395 2029 2448 solum
2069 2396 2211 2450 iusti-

1218 2470 1316 2521 tiae
1357 2469 1561 2521 divinae
1588 2468 1892 2522 satisfecisse
1919 2476 1970 2522 et
1999 2479 2209 2538 peccata

1217 2542 1487 2606 delevisse,
1532 2543 1620 2595 sed
1662 2543 1827 2611 ipsum
1868 2544 2012 2597 nobis
2051 2546 2208 2600 etiam

1215 2624 1479 2670 aeternam
1520 2617 1888 2670 beatitudinem
1935 2624 1986 2670 et
2024 2621 2209 2686 gratia-

1216 2708 1331 2743 rum
1370 2691 1500 2744 dona
1533 2692 1596 2743 ad
1626 2708 1740 2743 eam
1767 2692 2097 2746 obtinendam
2121 2709 2208 2747 ne-

1216 2766 1434 2818 ccssaria
1459 2770 1814 2834 promeruisse.
1832 2766 1938 2819 lam
1960 2768 2096 2820 enim
2113 2767 2207 2820 Da-

1216 2839 1315 2892 niel
1338 2840 1683 2908 praedixerat,
1722 2857 1810 2908 per
1839 2840 2076 2893 Messiam
2106 2858 2205 2895 non

1216 2914 1382 2966 solum
1429 2915 1749 2984 iniquitatem
1782 2914 2078 2983 delendam,
2116 2915 2206 2969 scd

1217 2989 1369 3041 etiam
1426 2989 1669 3042 iustitiam
1709 2989 2072 3057 sempiternam
2118 2988 2206 3042 ad·

1217 3062 1500 3115 ducendam
1534 3079 1644 3115 esse
1673 3061 1771 3133 (lt).
1803 3062 2013 3115 —Luc.
2044 3061 2086 3123 1,
2110 3061 2202 3122 67,

1217 3144 1341 3191 etc.:
1358 3137 1626 3189 Zacharias
1645 3137 1853 3206 repictus
1871 3136 2061 3206 Spiritu
2075 3134 2204 3189 San·

1216 3218 1286 3262 cto
1328 3211 1624 3278 prophetavit
1662 3212 1855 3263 dicens:
1913 3210 2204 3264 Benedictus

1218 3284 1455 3336 Dominus
1497 3285 1624 3338 Deus
1663 3284 1833 3346 Israel,
1875 3283 1992 3352 quia
2044 3284 2205 3337 visita·

1216 3361 1286 3410 vit
1347 3366 1392 3410 et
1452 3359 1564 3426 fecit
1626 3356 1996 3427 redemptionem
2053 3357 2204 3427 plebis

1263 3487 1313 3530 (2⁸
1339 3488 1519 3523 Colossc.
1547 3489 1581 3527 1,
1601 3498 1636 3522 v.
1663 3488 1720 3533 23,
1743 3487 1800 3523 2⁹.

1253 3530 1318 3560 ω
1336 3531 1390 3562 Λα
1412 3531 1515 3567 Rom.
1540 3533 1574 3578 ε,
1597 3533 1652 3568 17.
1953 3513 2007 3576 μ’)
2030 3532 2110 3576 cap.
2123 3529 2158 3568 ⁹.
