2332 3860
0 246 74 343 ἒς
95 278 353 342 taminia
387 277 582 348 perpeti
627 283 859 346 oportet,
902 284 960 332 ut
997 292 1083 330 ve-

95 369 230 409 rum
237 353 455 408 hominis
478 353 632 405 finem
659 367 759 404 non
789 351 954 411 solum
982 367 1081 404 non

35 426 388 497 impediant,
415 427 504 480 sed
543 427 698 480 etiam
739 426 819 478 vel
862 426 1083 478 maxime

59 508 444 583 promoveant.
504 499 747 562 Quamvis
786 500 942 567 igitur
979 515 1085 552 cer·

48 574 67 637 ἢ·
93 581 200 628 tum
229 575 315 636 sit,
346 574 601 629 Christum
632 581 873 643 tanquam
906 572 1084 626 Sacer·

39 643 54 708 ζ
92 647 260 703 dotem
287 665 374 716 per
397 650 680 716 passionem
710 664 855 701 suam
874 655 925 700 et
953 663 1083 700 mor-

47 732 63 788 3
93 729 195 776 tem
253 738 341 790 pro
399 723 619 790 peccatis
676 722 979 775 satisfecisse
1035 728 1085 774 et

91 795 484 851 homines-Deo
533 797 887 848 reconciliasse
929 795 1082 867 (quod

54 868 63 887 ,-
92 870 303 923 inferius
343 868 681 940 probabitur);
706 871 885 922 eadem
913 877 1082 923 tamen

93 944 400 997 certitudine
445 950 663 1004 constat,
713 943 970 1001 Christum
1012 952 1087 996 et-

92 1018 194 1071 iam
238 1025 480 1088 tanquam
533 1016 837 1086 Prophetam
882 1035 1083 1086 passum

93 1099 145 1144 et
184 1100 442 1145 mortuum
484 1107 594 1143 esse
621 1133 632 1152 ‚
684 1108 783 1144 non
825 1094 990 1145 solum
1033 1100 1086 1145 ut

93 1167 285 1221 invicto
337 1167 432 1219 hoc
479 1167 766 1218 testimonio
815 1169 1083 1220 veritatem

94 1241 355 1293 doctrinae
395 1256 517 1292 suae
571 1240 935 1303 confirmaret,
998 1242 1083 1294 sed

95 1315 247 1368 etiam
276 1355 287 1376 ,
331 1321 383 1366 et
422 1314 627 1382 quidem
677 1317 947 1384 praecipue
975 1357 986 1377 ‚
1032 1324 1086 1368 ut

93 1388 389 1442 hominibus
430 1389 802 1450 humilitatem,
853 1405 1085 1441 mansue-

95 1463 322 1516 tudinem
351 1504 362 1523 ,
410 1464 705 1531 patientiam
736 1503 748 1524 ‚
793 1467 1088 1531 resignatio-

93 1554 213 1591 nem
252 1539 301 1590 in
347 1539 664 1589 voluntatem
715 1537 943 1596 divinam
980 1555 1089 1591 cae-

94 1618 332 1681 terasque
380 1612 596 1663 virtutes
645 1619 869 1679 tempore
909 1615 1088 1666 adver-

96 1688 261 1739 sitatis
290 1685 606 1738 exercendas
634 1687 869 1754 exemplo
897 1704 987 1739 suo
1015 1689 1090 1739 in-

96 1762 343 1813 sinuaret.
378 1760 617 1827 Princeps
635 1761 992 1828 Apostolorum
1024 1766 1092 1814 in-

97 1836 222 1904 quit:
268 1834 490 1887 Christus
511 1851 686 1902 passus
718 1846 782 1886 esc
808 1851 896 1903 pro
931 1836 1086 1897 nobee,

98 1909 221 1963 vobis
262 1910 541 1977 rel-inquens
586 1909 886 1977 eoeevriplum,
934 1919 986 1962 ut
1022 1927 1092 1962 se-

98 1984 320 2053 quamini
384 1985 581 2051 restiqia
633 1986 737 2034 eius
804 1983 899 2053 (1).
979 1984 1092 2037 ldeo

98 2058 332 2111 Christus
370 2067 598 2116 sanctuS‚
644 2060 888 2110 innocens
927 2062 1093 2111 et-im-

98 2133 324 2202 pollutus
388 2133 645 2183 cruciatus
703 2140 870 2185 tamen
931 2135 1093 2185 omnis

100 2209 301 2275 generis
324 2206 585 2264 sustinuit,
614 2212 668 2258 ut
691 2207 938 2267 bomine5‚
971 2225 1093 2276 qua-

101 2297 320 2348 cumque
369 2280 694 2332 tribulatione
755 2290 1088 2349 premantur,

101 2356 163 2408 ad
194 2357 358 2424 ipsum
396 2356 724 2421 respicientes
755 2372 851 2407 non
882 2357 1096 2422 fatigen-

101 2436 185 2483 tur
234 2428 418 2481 animis
469 2429 574 2479 suis
631 2428 924 2481 deficientes
982 2429 1090 2500 (⁰2)3

103 2505 190 2556 sed
219 2505 267 2556 in
303 2503 545 2571 patientia
572 2503 771 2555 animas
805 2504 1095 2572 possideant

102 2594 221 2631 suas
263 2577 361 2648 (5).

176 2652 325 2705 Nota.
360 2650 437 2703 Ex
465 2650 611 2702 dictis
640 2657 798 2719 patet,
836 2649 1093 2707 Christum

103 2742 318 2779 munere
362 2725 655 2794 prophetico
698 2741 785 2793 per
827 2732 980 2781 totam
1023 2728 1095 2779 vi-

107 2797 215 2853 tam
252 2815 397 2852 suam
459 2800 891 2852 excellentissimo
950 2802 1097 2853 modo

105 2876 338 2927 functum
363 2888 494 2926 esse.
520 2872 642 2925 Tam
673 2875 932 2941 praeclara
959 2878 1095 2928 enim

106 2949 341 3001 exhibuit
379 2948 604 2999 omnium
637 2948 884 3003 virtutum
924 2965 1099 3001 exem-

109 3024 210 3091 pla,
256 3029 312 3073 ut
350 3020 581 3074 homines
606 3022 671 3073 ad
712 3022 799 3073 illa
827 3025 1100 3091 respicien-

112 3103 185 3149 tes
225 3095 374 3148 facile
413 3096 478 3147 ab
519 3096 842 3163 ignorantiae
879 3113 1003 3150 suae
1032 3105 1101 3150 te—

112 3171 279 3224 nebris
319 3169 521 3222 liberari
572 3175 621 3221 et
674 3177 870 3223 rectum
921 3172 1101 3225 salutis

114 3246 368 3302 tramitem
429 3243 659 3295 invenire
719 3245 930 3313 possint.
983 3246 1100 3298 ideo

112 3315 340 3371 Christus
385 3321 491 3386 ipse
545 3317 703 3370 dixit:
759 3318 860 3388 Epo
905 3319 997 3373 lum
1048 3325 1101 3372 in

115 3392 347 3451 mundum
391 3392 515 3454 veui,
546 3399 599 3444 ut
630 3393 806 3456 omnia,
838 3395 926 3461 qui
952 3396 1102 3447 credit

156 3522 209 3612 (1)
256 3523 350 3557 Petri
375 3522 408 3562 Ξ,
432 3523 488 3559 21.

173 3565 209 3610 2,
237 3567 344 3603 Hebr.
368 3567 423 3611 12,
443 3569 465 3603 ⁴2
486 3573 557 3606 ete·

636 240 639 243 ,
679 197 796 236 mas
834 197 902 234 111.
946 196 1112 261 SEcTto
1150 197 1206 236 11.

790 3568 846 3614 (3)
867 3569 953 3605 Luc.
965 3569 1025 3607 21.
1045 3569 1101 3607 19·
1127 3498 1145 3595 ι

1249 196 1398 250 carm·
1435 196 1488 236 n.
1870 201 1874 210 ’
1944 182 2047 239 527

1144 277 1198 331 in
1223 291 1318 339 me,
1348 277 1404 331 in
1435 276 1638 332 tenebris
1662 293 1760 333 non
1787 287 2010 348 maneam
2039 286 2122 335 etz
2139 311 2154 317 «-

1144 352 1249 420 qu
1270 360 1380 405 sum
1413 352 1508 412 oia,
1538 353 1716 406 veritas
1742 360 1784 407 et
1811 354 1908 406 vita
1934 353 2028 425 (lt).
2053 382 2127 396 —-

1147 424 1214 478 Ut
1232 432 1407 479 autem
1426 423 1659 492 Christus
1705 427 1879 480 nonin
1902 429 2125 491 ruinam,

1145 499 1233 552 sed
1296 499 1358 554 in
1410 501 1836 554 resurrectionem
1900 509 2129 557 nostram

1148 574 1339 641 positus
1376 574 1479 635 sit,
1521 575 1728 627 omnino
1767 590 1976 628 necesse
2030 582 2126 636 est,

1149 655 1203 700 ut
1239 648 1372 701 sicut
1429 647 1736 701 documenta
1783 650 1852 702 ita
1891 651 2044 707 etiam
2081 665 2133 703 e·

1148 722 1352 790 xempla
1409 722 1520 776 eius
1566 723 1789 790 perfecte
1827 738 2134 791 cognoscere

1146 803 1458 863 satagamus
1502 794 1648 850 Unde
1681 797 1731 850 in
1771 812 1926 850 aureo
1968 797 2135 852 libello

1146 869 1209 921 de
1251 871 1535 923 imitatione
1592 869 1777 924 Christi
1834 870 1910 942 (5)
1966 873 2137 924 rectis·

1146 944 1274 996 sime
1313 944 1518 997 dicitur:
1570 944 1884 1000 «Summum
1913 946 2137 1002 studium

1150 1026 1377 1070 nostrum
1418 1020 1516 1082 sit,
1559 1021 1609 1071 in
1650 1021 1753 1072 vita
1794 1019 1908 1073 lesu
1953 1018 2136 1072 Christi

1150 1093 1401 1146 meditari.
1460 1113 1486 1142 »
1537 1123 1612 1133 —
1660 1094 1755 1147 Ast
1813 1109 1914 1147 non
1972 1093 2138 1146 solum

1152 1169 1304 1238 probe
1344 1183 1672 1234 cognoscere,
1703 1168 1788 1220 sed
1831 1174 1883 1220 et
1920 1166 2140 1220 fideliter

1150 1242 1331 1293 imitari
1361 1249 1557 1309 oportet
1585 1242 1820 1310 exempla
1848 1241 2052 1303 Christi,
2083 1249 2141 1294 ut

1148 1317 1287 1367 salus
1326 1324 1538 1368 aeterna
1578 1317 1882 1370 obtineatur.
1936 1314 2056 1368 Illos
2093 1331 2142 1368 e-

1150 1391 1253 1441 nim
1295 1390 1485 1442 eleetos
1511 1408 1538 1443 a
1568 1390 1673 1443 Deo
1702 1392 1823 1443 dicit
1851 1390 2141 1458 ApostoluS,

1149 1480 1266 1531 quos
1278 1466 1549 1532 praescivit,
1577 1473 1619 1517 et
1634 1465 2009 1534 praedestinavit
2037 1480 2142 1518 con·

1149 1540 1326 1605 formes
1366 1540 1475 1608 fieri
1515 1540 1741 1607 imoqims
1781 1539 1901 1591 Filii
1937 1539 2046 1600 sui,
2089 1546 2143 1592 ut

1150 1615 1211 1664 sit
1248 1616 1343 1682 ipse
1377 1615 1729 1682 primoyenitus
1768 1614 1822 1666 in
1852 1613 2016 1666 multis
2040 1614 2144 1682 fra-

1153 1688 1306 1740 tribus
1348 1687 1444 1759 (6).

1450 1875 1684 1923 CAPUT
1734 1877 1814 1921 n.

1296 1991 1346 2019 m:
1370 1990 1529 2019 nument:
1553 1990 1707 2019 cnmsn
1732 1989 2005 2021 SAGERnorAu.

1536 2108 1574 2167 ς
1604 2109 1749 2156 aaz.

1229 2207 1477 2270 Quoniam
1517 2221 1694 2259 omnes
1723 2208 1772 2258 in
1814 2206 2010 2260 Adamo
2037 2223 2146 2276 pee-

1157 2289 1424 2348 caverunt,
1464 2297 1642 2333 omnes
1681 2282 1835 2333 etiam
1874 2285 2037 2354 gratia
2078 2283 2148 2334 di-

1159 2359 1276 2408 vina
1319 2357 1500 2424 privati
1561 2356 1880 2414 inimicitiam
1933 2363 1983 2408 et
2022 2357 2146 2414 iram

1159 2420 1247 2483 Dei
1306 2438 1461 2498 atque
1512 2437 1754 2482 aeteinae
1807 2430 2150 2484 damnationis

1160 2512 1356 2556 reatum
1399 2507 1745 2556 incurrerunt.
1811 2503 1878 2557 Ut
1918 2504 2148 2558 homines

1157 2580 1221 2631 ab
1263 2579 1339 2631 bis
1373 2579 1726 2631 funestissimis
1768 2579 1959 2645 peccati
1998 2580 2147 2647 origi·

1162 2653 1290 2705 nalis
1328 2653 1592 2705 effectibus
1623 2653 1979 2714 liberarentur,
2009 2651 2149 2706 Chri-

1159 2735 1269 2779 stus
1310 2734 1550 2795 tanquam
1609 2726 1856 2779 Sacerdos
1909 2728 1958 2778 in
2011 2734 2148 2780 terra

1160 2802 1475 2870 comparuit,
1520 2808 1570 2853 et
1623 2817 1712 2869 per
1751 2800 2057 2857 sacrificium
2098 2803 2147 2855 in

1159 2893 1249 2928 ara
1288 2877 1454 2928 crucis
1493 2875 1720 2928 oblatum
1760 2875 1982 2927 iustitiae
2022 2875 2148 2928 (li-vi-

1164 2967 1256 3002 nae
1285 2950 1546 3008 satisfecit,
1575 2955 1778 3017 peccata
1808 2949 2035 3012 sustulit,
2068 2950 2152 3004 ho·

1162 3027 1426 3093 minesque
1484 3022 1588 3076 Deo
1653 3024 2022 3078 reconciliavit:
2090 3025 2152 3076 Et

1162 3107 1299 3151 certe
1342 3099 1611 3167 praecipue
1650 3098 1712 3151 ob
1751 3097 1884 3155 istud
1931 3099 2151 3151 eximiae

1162 3173 1424 3225 charitatis
1463 3187 1588 3239 opus
1645 3170 1804 3225 Filius
1855 3171 1945 3225 Dei
1987 3173 2150 3224 incar·

1165 3253 1314 3299 natus
1353 3242 1660 3314 Redemptor,
1698 3244 1922 3299 Salvator
1959 3253 2012 3298 et
2049 3246 2151 3299 Mc-

1163 3323 1324 3373 diator
1364 3321 1490 3372 inter
1533 3319 1691 3372 Deum
1735 3327 1778 3373 et
1822 3319 2034 3372 homines
2073 3335 2152 3371 re-

1163 3395 1387 3449 ctissime
1413 3393 1719 3462 appellatur.
1758 3393 1896 3447 Haec
1922 3393 2152 3446 doctrina

1209 3525 1260 3611 (4)
1284 3527 1383 3560 ioan.
1410 3524 1466 3566 12,
1490 3524 1545 3561 46.
1572 3530 1609 3560 et
1631 3523 1687 3568 ιε,
1711 3525 1744 3561 s.
1781 3506 1788 3515 '

1180 3589 1188 3598 ·
1209 3570 1244 3610 tl5
1283 3572 1363 3615 cap.
1379 3572 1410 3614 l,
1429 3579 1467 3606 n.
1493 3570 1525 3605 1.
1833 3566 1886 3615 (0)
1908 3567 2011 3604 Rom.
2038 3565 2072 3610 8,
2092 3565 2147 3603 28.
