2332 3860
1 0 138 110 ἵ

648 161 768 199 mas
803 161 844 199 1.
885 137 1053 199 suerio
1089 159 1144 199 ir.
1191 160 1343 199 cnm
1376 159 1434 197 u.

13 242 562 317 ‘'mitem-‚crediderinn
594 248 646 294 et
684 249 892 298 strenue
932 241 1018 295 de-

38 324 308 383 fenderint,
337 318 554 372 Patrem
606 314 737 368 Filio
773 317 1022 368 maiorem>

41 400 299 455 dixerunt,
328 393 443 461 quia
460 391 612 443 Pater
641 391 903 455 ingenitus
917 396 1016 449 est,

42 472 200 534 Filius
236 482 376 526 vero,
427 465 545 516 licet
584 464 751 516 eidem
803 464 1022 516 consub-

41 541 307 602 stantialia,
336 540 536 606 abipso
583 545 755 590 tamen
796 553 886 606 per
937 552 1024 603 ge-

45 621 355 672 nerationem
398 612 644 680 procedit.
689 611 763 663 Ita
805 612 1021 679 loquun-

18 700 125 757 tur
150 689 202 744 S.
235 687 538 741 Athanasius
576 684 679 755 (l),
724 683 781 739 S.
815 683 1023 753 Chryso·

43 776 229 820 stamus
269 761 365 831 (a),
398 760 455 814 S.
503 758 723 826 Cyrinus
745 757 887 811 Alex.
923 758 1018 825 (5).

45 869 116 880 -
153 836 340 890 Eodem
365 850 516 886 sensu
547 837 699 884 etiam
732 833 907 885 Patres
936 848 1025 884 an-

46 911 294 967 tenicaeni
351 909 551 961 Patrem
607 906 734 959 Filio
780 907 1026 958 maiorem

45 987 304 1045 dixerunt,
348 984 468 1052 quin
502 989 671 1034 tamen
714 981 865 1032 buius
900 980 1028 1031 divi-

45 1062 255 1115 nitatem
321 1065 372 1110 et
441 1055 1027 1109 consubstantialitatem

28 1139 315 1200 negarent.

117 1209 169 1260 5.
202 1207 258 1259 ln
285 1204 509 1273 antiquis
535 1203 868 1271 scriptoribus
894 1201 1028 1253 cbri-

47 1283 222 1336 stianis
243 1282 429 1332 dicitur
448 1279 596 1331 Pater
613 1278 724 1330 Filii
752 1293 906 1330 causa
932 1292 1029 1327 non

49 1356 325 1415 creatione,
388 1353 476 1405 sed
533 1353 884 1419 generatione,
931 1367 1030 1402 non

48 1429 307 1500 prioritate
357 1428 599 1494 temporis
649 1432 738 1478 aut
794 1432 1029 1484 naturae,

49 1505 136 1557 sed
161 1503 391 1570 originis,
426 1501 590 1554 Etiam
622 1507 732 1569 post
752 1499 1031 1552 Concilium

49 1577 332 1632 Nicaenum
355 1575 583 1626 nonnulli
627 1574 802 1626 Patres
840 1573 1032 1640 graeci,

54 1659 108 1703 ut
146 1650 199 1704 S.
243 1650 466 1702 Basilius
518 1648 622 1716 (Is),
667 1647 726 1700 S.
772 1645 1038 1714 Greqorius

55 1725 193 1778 Nam.
229 1723 326 1792 (5),
360 1722 417 1775 S.
461 1721 794 1773 Damascenus
824 1721 922 1790 (6),
951 1720 1041 1771 Pa·

40 1806 186 1851 trem
227 1796 339 1849 Filii
387 1811 595 1847 causam
648 1801 1034 1861 nuncuparunt,

39 1888 148 1941 ,per
217 1886 424 1923 causam
485 1869 608 1921 illud
681 1869 814 1920 idem
890 1867 1040 1919 intel-

61 1946 295 2029 ligentes,
357 1942 488 2012 quod
532 1943 676 1994 latini
718 1943 900 1995 melius
951 1957 1040 2009 per

61 2020 362 2089 principium
393 2018 706 2084 exprimunt.

131 2095 182 2147 [ι.
236 2092 287 2144 Si
334 2091 511 2144 Patres
550 2092 744 2151 dicunt,
814 2089 1040 2142 Verbum

61 2169 291 2221 divinum
319 2166 370 2217 in
401 2181 569 2217 rerum
610 2165 867 2216 creatione
907 2164 1040 2215 Patri

66 2242 400 2307 ministrasse,
443 2246 494 2291 et
521 2240 562 2290 si
603 2238 727 2290 illud
770 2238 933 2290 Patris
960 2236 1045 2288 ad-

63 2316 352 2368 ministrum
394 2312 477 2365 vel
535 2314 688 2365 etiam
735 2313 1044 2364 instrumen-

67 2397 175 2442 tum
230 2393 435 2449 vocant,
503 2386 782 2438 cavendum
842 2393 940 2445 est,
982 2401 1046 2436 ne

70 2464 466 2515 instrumentum
486 2461 802 2526 intelligatur
828 2460 936 2511 Deo
958 2476 1047 2511 ex-

66 2542 289 2597 ternum,
331 2543 422 2588 aut
483 2536 784 2587 administer
842 2534 1048 2585 inferior

67 2610 172 2663 Deo
196 2611 550 2662 universorum
572 2608 838 2660 conditori.
879 2607 1050 2672 Longe

69 2684 119 2735 id
153 2691 265 2735 erat
284 2699 314 2734 a
340 2683 549 2735 Patrum
588 2682 794 2734 illorum
820 2682 1049 2733 doctrina

72 2757 155 2825 qui
197 2756 362 2808 solum
400 2756 462 2807 ad
503 2763 708 2823 captum
768 2756 1050 2808 humanum

73 2829 333 2884 declarare
349 2828 640 2890 voluerunt,
666 2826 868 2882 Patrem
882 2830 1053 2882 omnia

73 2919 273 2961 creasse
313 2919 402 2971 per
440 2901 624 2954 Filium
651 2919 823 2964 suum,
856 2905 938 2955 cui
969 2919 1055 2971 per

78 2984 337 3031 aeternam
366 2976 752 3044 generationem
781 2977 1054 3029 essentiam

78 3057 129 3103 et
166 3051 588 3119 omnipotentiam
640 3052 1057 3117 communicavit,

77 3129 128 3176 et
165 3126 249 3193 qui
290 3126 396 3192 ipsa
417 3125 667 3193 sapientia
706 3124 870 3178 Patris
898 3126 1058 3179 nomi-

79 3198 189 3257 nari
220 3197 367 3258 solet.

117 3269 208 3329 «ὅ.
234 3271 389 3333 1.Dum
455 3279 657 3326 veteres
701 3272 906 3326 Patrem
971 3273 1062 3325 im-

54 3357 328 3431 -meu8u1,n.
378 3353 453 3403 et.
478 3346 808 3408 invisibilem,
870 3346 1059 3400 Filium

143 3451 178 3514 ἢ
201 3473 261 3507 Or.
287 3473 321 3514 8.
345 3483 377 3509 c.
401 3475 528 3517 arian..

99 3538 115 3558 ‚t
163 3516 312 3562 inem.
330 3516 519 3563 immisi„
570 3549 575 3554 .
643 3501 697 3565 (a)
721 3520 758 3555 ι.
785 3518 818 3557 2.
844 3501 1019 3558 Tneshnr.

31 3651 78 3673 ’'V'!

18 3674 81 3698 'rra

0 3701 52 3727 ,νὶ
90 3710 100 3722 x

0 3739 21 3749 ,.

4 3746 98 3778 'ku'-

63 3789 98 3821 ἓ,

66 3852 70 3860 ι
111 3858 113 3860 .

1884 142 1992 196 173

1082 257 1204 294 vexo
1246 240 1502 295 visibilem
1527 235 1810 307 appellant,
1855 253 1955 290 non
1997 238 2066 291 lo-

1081 322 1312 384 quuntur
1348 315 1412 367 de
1453 320 1637 372 natura
1688 309 1803 363 Filii
1868 311 2064 373 divina,

1082 406 1235 457 quam
1265 405 1364 442 non
1397 394 1608 455 negant,
1640 385 1729 438 sed
1779 384 1844 436 de
1882 391 2067 436 natura

1084 464 1330 522 humana,
1358 477 1511 531 quam
1537 476 1626 529 per
1666 460 2070 511 incarnationem

1084 545 1417 605 suscepturus
1450 541 1578 587 erat.
1623 533 1882 585 Putabant
1910 532 2069 591 enim,

1085 612 1429 679 apparitiones
1474 624 1654 661 omnes
1692 607 1783 659 Dei
1830 607 1881 658 in
1911 605 1974 660 V.
2018 604 2074 656 T.

1085 686 1148 736 ad
1177 683 1530 737 oeconomiam
1554 681 1752 741 referri,
1790 695 1946 748 quam
1986 694 2076 730 su-

1086 761 1248 826 scepit
1276 757 1435 810 Filius
1458 756 1570 817 Dei,
1602 770 1733 824 quae
1779 753 2078 806 oeconomia

1090 833 1244 894 Patri,
1287 832 1474 900 quippe
1512 831 1598 899 qui
1642 827 1782 880 nullo
1821 835 1965 880 ortus
2001 833 2080 878 est

1092 907 1359 974 principio,
1415 919 1739 973 nequaquam
1778 902 2074 962 conveniat,

1081 990 1256 1049 ‘neque
1302 980 1509 1038 missuS,
1553 985 1643 1030 aut
1687 976 1964 1028 mittendus
2002 975 2080 1026 di-

1091 1062 1237 1106 catur
1271 1055 1320 1105 in
1337 1053 1416 1106 Ss.
1445 1053 1667 1104 Litteris,
1693 1049 2083 1103 Arbitratisunt

1094 1136 1357 1196 praeterea
1386 1127 1537 1178 iidem
1575 1126 1771 1184 PatreS,
1797 1141 1885 1177 eas
1923 1138 2082 1191 appa-

1094 1205 1323 1266 ritioneS‚
1367 1217 1499 1270 quae
1539 1202 1590 1252 in
1641 1198 1706 1253 V.
1750 1197 1807 1253 T.
1858 1212 2085 1250 comme-

1096 1285 1379 1335 morantur,
1398 1274 1815 1343 praeparationes
1835 1271 2083 1341 quasdam

1097 1352 1249 1404 fuisse
1277 1350 1340 1402 ad
1360 1349 1513 1403 Verbi
1533 1349 1959 1400 incarnationem.
1977 1345 2085 1398 lmo

1095 1427 1146 1477 in
1197 1441 1255 1477 ea
1304 1439 1506 1492 quoque
1547 1423 1804 1474 sententia
1847 1422 2078 1480 fuerunt,

1096 1499 1228 1568 quod
1245 1498 1382 1550 Deus
1410 1514 1526 1549 cum
1547 1497 1844 1564 loqueretur
1863 1494 2086 1556 patriast

1098 1574 1207 1625 obis
1242 1579 1292 1623 et
1345 1572 1632 1639 Prophetis,
1684 1569 1871 1622 Filium
1935 1582 2090 1619 suum

1102 1647 1298 1699 miserit
1319 1647 1368 1697 in
1399 1662 1457 1698 ea
1482 1646 1704 1696 bumana
1731 1644 1917 1709 figura,
1936 1655 2092 1710 quam

1102 1723 1149 1772 in
1176 1720 1529 1772 incarnatione
1569 1724 1931 1786 assumpturus
1957 1722 2089 1767 erat.

1105 1870 1327 1920 tribuere
1376 1867 1505 1918 Filio
1568 1865 1660 1917 Dei
1719 1864 2092 1925 visibilitatem3

1103 1944 1424 1994 divinitatem
1491 1949 1667 1992 autem
1718 1939 1830 1991 eius
1866 1952 1969 1989 non
2013 1951 2097 1988 ne-

1103 2033 1224 2084 gare
1264 2022 1406 2083 patet
1429 2015 1648 2082 denique
1677 2028 1742 2066 ex
1781 2027 1960 2064 eorum
1989 2025 2098 2062 sco-

1107 2108 1187 2159 pc,
1230 2092 1348 2159 quia
1397 2089 1682 2141 haereticos
1722 2088 1799 2139 sui
1854 2085 2099 2153 temporis

1106 2168 1411 2232 impugnare
1451 2162 1785 2220 studuerunt,
1825 2161 1912 2229 qui
1944 2175 2100 2227 nega-

1107 2245 1228 2291 runt
1290 2238 1478 2289 Filium
1541 2236 1633 2288 Dei
1693 2238 1744 2287 in
1804 2249 2021 2304 persona
2070 2249 2101 2285 a

1107 2313 1258 2366 Patre
1299 2313 1598 2364 distinctum
1643 2325 1774 2363 esse.

1521 2434 1559 2492 g
1584 2433 1685 2479 95.

1202 2526 1266 2561 IV.
1291 2525 1344 2559 Ex
1368 2524 1448 2558 aliis
1474 2522 1729 2558 ecclesiasticis
1752 2519 2019 2556 monumentis.

1194 2609 1239 2659 l.
1286 2608 1346 2659 In
1393 2606 1603 2674 symbolo
1650 2604 1936 2673 apostoliam
1969 2602 2104 2670 quod

1114 2696 1292 2734 omnes
1331 2681 1510 2732 fideles
1550 2680 1857 2744 recitabant,
1915 2676 2107 2745 profes-

1114 2758 1188 2808 sio
1230 2756 1292 2807 de
1340 2755 1608 2806 divinitate
1649 2752 1836 2804 Christi
1878 2751 2107 2803 contine-

1095 2833 1218 2891 'tur,
1239 2837 1347 2882 tum
1371 2830 1488 2897 quia
1511 2828 1653 2880 lesus
1668 2826 1905 2879 Christus
1922 2824 2106 2877 dicitur

1118 2905 1275 2956 Filius
1316 2902 1406 2955 Dei
1454 2907 1652 2959 unicus,
1695 2894 1746 2953 et
1785 2900 1928 2952 Sioua
1967 2897 2110 2951 Filiis

1120 2979 1210 3030 Dei
1249 2978 1503 3045 adoptivis
1544 2974 1896 3041 distinguitur,
1939 2978 1992 3025 et
2029 2970 2110 3023 Fi-

1122 3051 1217 3104 lius
1256 3051 1347 3103 Dei
1376 3049 1629 3102 naturalis
1680 3064 1740 3100 ac
1774 3047 2112 3100 consubstan-

1122 3125 1256 3177 tialis
1284 3125 1630 3192 praedicatur3
1658 3129 1767 3174 tum
1794 3123 1916 3190 quia
1944 3120 2007 3173 de
2028 3135 2113 3172 eoa

1122 3200 1237 3252 dem
1262 3199 1470 3250 dicitur:
1495 3196 1630 3248 Sedet
1657 3196 1996 3249 addeoeaeram
2021 3193 2111 3245 Dea

1123 3274 1286 3325 Patris
1323 3271 1680 3340 omnipotentis,
1711 3270 1843 3322 ‘inde
1880 3276 2114 3322 venturu-s

1123 3355 1190 3400 esc
1228 3346 1451 3400 iudicare
1474 3345 1599 3400 vivos
1634 3350 1952 3404 immortuus,
1997 3356 2114 3395 cum

1167 3475 1224 3564 (43
1248 3476 1286 3510 L.
1311 3474 1386 3510 1.c.
1412 3475 1562 3512 Eunoni.

1171 3519 1207 3564 (ὅ
1245 3520 1308 3555 Or.
1335 3517 1392 3555 89.
1614 3518 1666 3564 (ὓ)
1692 3519 1728 3555 1...
1756 3518 1789 3555 32
1809 3519 1907 3557 ortu.
1930 3516 1992 3552 rui.
2014 3522 2048 3551 e.
2071 3511 2104 3563 β.

1101 1796 1279 1847 Patres
1317 1794 1483 1846 solum
1512 1792 1677 1860 quoad
1718 1791 2094 1843 humanitatem
2183 1840 2186 1841 γ
