2332 3860
208 157 217 160 ”
288 176 397 232 6η

615 194 680 234 ni:
718 196 812 235 nno
849 197 899 234 m
939 195 1210 234 nemi-iona
1247 181 1309 234 An
1346 196 1551 234 Mannum
1586 196 1842 236 srzcmo.

204 288 579 340 connexorum,
603 294 734 348 quae
756 278 894 332 Deus
923 295 1022 333 non
1050 285 1192 343 sunt3
1259 279 1418 349 ipsum
1480 280 1640 347 factus
1700 287 1786 333 est.
1841 307 1908 319 -
1954 277 2245 334 Notandum
2267 268 2332 341 HJ„

200 364 316 412 seu,
335 358 413 404 est
435 352 745 406 universitas
766 370 939 406 rerum
965 354 1195 407 omnium
1257 370 1406 422 porro
1434 360 1539 414 est,
1570 355 1620 407 in
1647 352 1727 408 Ss,
1760 353 1936 408 Biinis
1962 354 2059 407 hoc
2084 353 2240 413 idem,

195 431 404 491 praeter
443 425 610 479 Deum
649 428 1004 481 existentium.

266 497 481 553 Maximi
521 509 694 554 autem
725 505 970 557 momenti
1005 509 1102 564 est,
1135 510 1192 555 ut

189 572 376 627 relatio
417 584 801 644 cognoscatur,
862 594 994 647 quae
1056 579 1191 629 inter

186 644 356 701 Deum
380 656 431 702 et
455 650 706 703 mundum
728 652 1021 704 intercedit
1043 651 1188 704 Hanc

174 735 339 788 porro
381 724 531 777 facile
571 725 913 794 detegemus,
964 728 1006 779 si
1047 734 1186 779 recta

183 797 399 850 rationis
457 800 708 868 principia
772 817 1091 871 sequamur,
1136 809 1186 853 et

182 870 348 924 multo
391 874 554 941 magis
581 915 593 937 ‚
637 875 679 926 si
716 874 1002 927 doctrinam
1042 890 1184 927 reve-

183 943 391 999 lationis
418 948 705 1001 audiamus.
744 948 857 1017 Ipsa
885 951 1022 1002 enim
1058 966 1182 1002 sana

181 1020 315 1072 ratio
355 1021 551 1085 dictat,
596 1030 647 1075 et
683 1023 997 1077 luculentius
1038 1040 1184 1078 reve-

182 1091 304 1146 latio
327 1095 504 1158 docet,
530 1096 695 1150 Deum
731 1099 962 1151 omnium
985 1100 1182 1151 entium

179 1176 389 1235 praeter
429 1188 483 1224 se
525 1173 860 1225 existentium
889 1189 1002 1227 esse
1040 1189 1179 1226 crea-

178 1248 342 1296 torem
371 1287 384 1307 ,
429 1254 851 1300 conservatorem
901 1256 953 1301 et
991 1249 1179 1315 guber-

176 1324 433 1372 natorem.
479 1320 619 1384 Quae
659 1324 851 1375 veritas
877 1323 928 1375 in
971 1322 1070 1375 hac
1099 1339 1179 1374 se-

175 1393 347 1445 cunda
388 1394 695 1463 Theologiae
743 1396 980 1464 specialis
1033 1404 1178 1465 parte

177 1467 501 1521 enucleanda
531 1470 854 1523 venit.—In
896 1471 994 1523 hoc
1024 1472 1178 1539 igitur
1219 1526 1223 1532 ,

175 1546 404 1595 tractatu
445 1545 753 1612 exponenda
794 1552 872 1598 est
902 1547 959 1597 1⁰
994 1545 1179 1599 Mundi

174 1617 394 1680 croatia,
451 1634 542 1671 seu
600 1620 831 1688 operatio
890 1619 1102 1679 divina,
1146 1635 1174 1671 a

175 1704 274 1757 qua
310 1697 475 1744 totum
503 1694 804 1746 universum
846 1694 1051 1746 initium
1093 1709 1176 1745 ce-

174 1764 286 1831 pit,
331 1772 382 1817 et
422 1767 480 1818 2·
535 1768 717 1821 Mundi
773 1768 1070 1820 conservatio
1124 1774 1175 1819 et

172 1835 479 1904 qubernatiO,
511 1857 602 1892 seu
631 1842 949 1894 Providentia
980 1841 1168 1902 divina,

174 1927 266 1978 per
305 1929 459 1982 quam
502 1915 804 1967 universum
844 1916 1190 1967 existentiam

177 2001 325 2039 suam
355 1989 645 2053 continuat,
672 1996 724 2042 et
750 1990 815 2042 ad
842 1989 1001 2042 finem
1020 2005 1171 2041 suum

175 2058 434 2127 dirigitur.

246 2133 398 2187 Nota.
442 2134 642 2190 Nomen
695 2138 869 2190 mundi
916 2138 967 2190 in
1014 2136 1170 2190 Sacra

173 2206 438 2277 Scriptura
479 2227 580 2263 non
630 2228 835 2280 semper
885 2206 952 2264 in¹
991 2212 1170 2264 eodem

173 2298 329 2336 sensu
361 2285 599 2338 sumitur.
633 2285 883 2339 Hincinde
912 2303 1002 2355 per
1022 2302 1171 2338 mun-

174 2356 298 2410 dum
338 2374 439 2411 non
480 2359 788 2426 intelligitur
816 2402 828 2423 ‚
887 2361 982 2413 nisi
1034 2361 1170 2412 orbis

172 2437 470 2496 terrarum,
523 2441 580 2486 ut
636 2434 795 2488 Marc.
855 2434 1012 2496 XVI,
1060 2434 1165 2499 153

172 2505 433 2559 interdum
500 2507 711 2560 denotat
781 2508 946 2561 solum
1005 2525 1170 2576 genus

173 2578 497 2644 humanum,
530 2590 588 2634 ut
628 2582 697 2634 10.
742 2581 843 2644 ΙΙΙ,
889 2583 979 2646 16;
1011 2599 1170 2651 quan-

174 2652 340 2722 doque
399 2671 489 2723 per
555 2656 809 2708 mundum
874 2657 1170 2725 significan-

174 2733 260 2778 tur
301 2728 531 2782 homines
571 2731 834 2814 perversi,
891 2738 949 2782 ut
987 2729 1169 2782 Matth.

174 2798 368 2863 XVIII,
412 2804 474 2868 73
518 2810 571 2856 et
609 2805 718 2873 ipsa
757 2820 960 2873 quoque
999 2819 1172 2855 corru-

175 2874 279 2941 ptio
318 2878 524 2943 generis
550 2878 763 2930 humani
793 2895 883 2947 per
919 2877 1167 2929 mundum

175 2948 515 3015 exprimitur,
567 2953 640 3005 uti
682 2951 702 3004 1
741 2951 814 3005 10.
858 2951 923 3012 ΙΙ,
956 2952 1045 3003 16.
1077 2951 1171 3003 Ast

177 3021 357 3073 eadem
397 3039 496 3076 vox
536 3027 691 3079 etiam
718 3027 769 3079 in
805 3026 987 3079 eodem
1014 3041 1169 3078 sensu

176 3094 470 3159 adhibetur,
500 3114 599 3166 quo
638 3101 691 3151 in
728 3102 827 3153 ista
865 3100 1171 3153 tractatione

178 3170 419 3231 sumitur,
463 3171 706 3226 nimirum
746 3190 836 3242 pro
858 3189 1031 3228 rerum
1054 3172 1173 3226 con-

178 3243 489 3309 tingentium
528 3248 866 3301 universitate
891 3290 903 3311 ,
965 3254 1051 3301 ut·
1083 3247 1172 3300 lob

178 3314 432 3379 XXVIII,
490 3317 591 3370 24:
652 3321 759 3388 Ipse
820 3320 998 3393 (Deus)
1053 3322 1173 3392 fines

180 3390 355 3443 mundi
379 3357 616 3445 iiituetur.
648 3393 704 3446 II
714 3394 882 3448 Mach.
909 3395 1044 3458 VIII,
1077 3393 1168 3450 18.

1253 428 1386 498 quod
1408 428 1491 481 hic
1515 445 1604 497 per
1625 430 1874 482 mundum
1891 428 2239 496 intelligimuS,

1251 504 1365 556 aliis
1415 519 1617 573 quoque
1670 505 1904 556 terminis
1963 503 2238 570 designari.

1250 577 1373 630 Tota
1413 579 1551 631 enim
1606 594 1779 631 rerum
1833 578 2241 646 contingentium

1250 653 1559 705 universitas
1599 654 1905 716 exprimitur
1942 652 2072 706 Gen.
2113 651 2155 713 Ι,
2184 651 2236 712 1,

1251 743 1338 795 per
1376 727 1556 779 coelum
1597 735 1648 780 et
1676 734 1879 787 terram,
1923 727 2108 797 quibus
2152 724 2242 777 ad·

1249 802 1477 870 iungitur
1515 800 1645 854 Gen.
1693 801 1756 863 11,
1805 807 1855 863 1,
1890 810 1933 853 et
1972 801 2128 853 omnis
2154 815 2237 852 or-

1247 885 1390 927 nat-as
1428 892 1618 938 eorum;
1659 875 1775 929 Act.
1821 875 1908 936 IV,
1953 877 2043 937 24,
2085 890 2238 943 mare,

1245 959 1287 1002 et
1327 951 1512 1012 omnia,
1557 967 1684 1019 quae
1712 952 1764 1002 in
1793 951 1862 1003 eis
1888 958 2023 1011 sunt‚·
2053 956 2103 1002 et
2123 948 2233 1004 Cot.

1245 1023 1285 1088 1,
1322 1026 1411 1089 16,
1443 1041 1533 1095 per
1554 1025 1768 1079 visibilia
1796 1033 1840 1078 et
1866 1024 2158 1078 invisibilia.

1554 1178 1840 1231 SECTIO
1873 1178 1921 1229 1.

1466 1313 1532 1348 DE
1569 1313 1673 1348 DEO
1709 1312 2001 1349 CREATORR.

1637 1444 1676 1503 ς
1707 1443 1833 1489 ιι3.

1310 1541 1480 1594 Prima
1499 1541 1591 1594 Dei
1614 1541 1678 1594 ad
1702 1542 2005 1594 universum
2032 1539 2232 1607 relatio,
2300 1551 2310 1564 ·

1238 1622 1289 1667 et
1328 1616 1664 1685 reliquarum,
1707 1632 1835 1685 quas
1877 1622 2050 1667 nostro
2095 1615 2234 1680 cogi-

1239 1690 1377 1742 tandi
1427 1691 1574 1743 modo
1624 1691 1985 1751 discernimu8‚
2029 1689 2232 1741 relatio-

1238 1781 1361 1816 num
1435 1765 1830 1818 fundamentum
1899 1771 1978 1815 est
2050 1762 2231 1815 relatio

1236 1836 1506 1890 Creatori&
1553 1837 1721 1891 Primo
1761 1854 1882 1905 ergo
1932 1837 2128 1898 Deum,
2175 1844 2232 1889 ut

1237 1914 1391 1964 totius
1430 1912 1610 1964 mundi
1650 1913 1905 1979 opificem,
1949 1927 2041 1963 seu
2084 1927 2229 1963 mun-

1235 1987 1357 2038 dum
1399 1995 1455 2039 ut
1504 2003 1630 2055 opus
1671 1987 1763 2039 Dei
1817 1985 2142 2038 considerare
2181 2001 2231 2037 o-

1235 2067 1421 2129 portet.
1466 2060 1684 2113 Necesse
1727 2067 1992 2129 praeterea
2028 2066 2126 2120 est,
2172 2066 2230 2110 ut

1233 2136 1510 2188 creationis
1539 2136 1750 2187 historia
1779 2152 1807 2187 a
1830 2135 2012 2201 Moyse
2040 2133 2223 2197 relata,

1235 2216 1370 2262 recte
1411 2217 1721 2278 exponatur,
1754 2215 1805 2262 et
1831 2216 2011 2261 contra
2049 2207 2231 2259 adver·

1232 2285 1484 2336 sariorum
1525 2285 1838 2337 obiectiones
1890 2282 2220 2335 defendatur.

1235 2358 1416 2411 Postea
1438 2359 1697 2420 convenit,
1725 2365 1779 2410 ut
1800 2358 1975 2410 oculos
2002 2355 2066 2408 ad
2090 2356 2225 2423 ipsas

1234 2449 1314 2485 res
1372 2440 1572 2485 creatas
1630 2439 2034 2491 convertamuS,
2090 2431 2227 2481 inter

1232 2523 1358 2574 quas
1424 2507 1754 2576 praecipuum
1815 2505 1983 2558 Iocum
2045 2509 2225 2555 tenent

1233 2580 1416 2647 Angeli
1458 2587 1508 2632 et
1546 2579 1808 2631 Homines,
1841 2578 1897 2630 In
1927 2578 2022 2630 hac
2053 2578 2224 2646 itaque

1231 2655 1457 2706 sectione
1499 2654 1554 2705 Ιο
1602 2654 1659 2705 de
1716 2653 1892 2705 mundi
1944 2651 2220 2715 creatione,

1232 2725 1289 2779 2⁰
1334 2730 1392 2780 de
1431 2727 1687 2779 creationis
1727 2727 1932 2779 historia
1982 2742 2012 2778 a
2055 2725 2224 2792 Moyse

1231 2802 1412 2863 relata,
1457 2803 1516 2853 5⁰
1541 2802 1597 2853 de
1618 2799 1834 2870 Anqelis‘,
1866 2809 1917 2854 et
1957 2805 2016 2851 [2⁰
2054 2799 2108 2851 de
2137 2798 2222 2850 ho·

1231 2876 1471 2938 maibew,
1514 2876 1806 2944 caeterisque
1842 2874 2082 2928 creaturis
2121 2878 2223 2926 tra·
2283 2891 2316 2929 f

1232 2952 1386 3004 ctatio
1425 2951 1720 3018 suscipitur.

1560 3099 1797 3150 CAPUT
1844 3099 1890 3145 1.

1497 3205 1549 3235 DE
1571 3206 1654 3236 11οΝ
1657 3206 1697 3233 m
1732 3203 1962 3233 ansuloni:

1631 3300 1671 3359 ς
1700 3299 1826 3345 114.

1306 3390 1556 3444 Doctrina
1618 3389 1849 3443 revelata
1922 3388 1988 3441 de
2051 3360 2324 3472 mundis

180 3461 340 3518 Potest
400 3466 682 3520 universum
747 3469 991 3520 mundum
1046 3470 1174 3520 nutu
1239 3465 1500 3518 creatione
1574 3463 1810 3532 sequenti
1888 3461 2282 3532 propositionQ

179 3550 280 3591 uno
315 3537 493 3593 detera.

536 3538 610 3595 Io.
639 3540 684 3599 1
717 3538 807 3594 1οε
838 3540 1059 3595 Mundus
1086 3553 1173 3593 ver
1237 3538 1571 3593 continetur.

1614 3534 1753 3591 Deus
1798 3537 1946 3591 iuxta
1991 3540 2255 3607 aeternas
2264 3591 2282 3607 ι
