2332 3860
61 37 69 41 “
111 44 121 52 ,ι

46 98 52 106 x

10 135 12 138 ,
29 118 39 133 ’Ἴ

34 159 49 229 7³
104 175 308 243 ternum
348 165 551 235 Patrem
575 166 806 238 ,seipsum
833 152 1093 222 hominem

12 273 21 314 ς
104 243 495 313 demonstrare:
539 242 689 318 eique
726 257 815 313 pro
867 241 1094 297 humana

99 324 288 385 natura
327 332 535 385 rogasse
574 322 653 374 est
691 315 908 377 eandem
949 323 1095 372 natu-

9 393 42 415 *
101 408 211 459 ram
240 392 293 446 in
320 391 602 458 divinitatis
627 405 752 449 suae
791 391 1095 444 celsitudine

103 466 411 535 suscepisse.
470 463 772 533 Interpellat
810 467 968 534 igitur
1006 482 1095 535 pro

101 541 247 595 nobis
288 539 535 594 Dominus
565 555 664 592 non
695 556 841 602 voce,
884 540 971 592 sed
1003 541 1097 594 mi-

100 615 508 675 seratione.»—
533 612 710 683 Neque
749 614 901 672 aliter
939 615 1096 672 inter-

3 729 24 762 -Ὺ
101 690 434 761 pellationem
490 689 750 742 intellexit
796 687 849 742 S.
894 686 1097 743 Ambro-

101 766 225 823 sius,
269 764 355 834 qui
385 760 460 832 (l)
503 762 700 817 scribit:
735 782 761 812 «
804 762 931 826 Quid
961 766 1094 816 enim

105 847 207 894 tam
250 837 510 910 proprium
552 836 760 900 Christi,
805 854 956 907 quam
996 836 1098 891 Ad-

104 920 346 967 vocatum
385 913 521 981 apud
563 911 725 967 Deum
767 911 970 966 Patrem
1010 914 1098 964 ad-

102 996 239 1041 stare
283 987 622 1057 populorum,
675 995 893 1039 mortem
949 1003 1096 1042 suam

104 1063 287 1116 offerre
327 1079 418 1131 pro
457 1062 681 1115 cunctis?
714 1081 738 1111 n
775 1092 850 1101 —
888 1061 987 1114 Alii
1029 1068 1100 1114 ta-

105 1154 222 1191 men
265 1143 468 1207 putant‚
511 1136 644 1206 quod
674 1135 925 1196 ChristuS‚
966 1138 1099 1188 sicut

107 1218 187 1266 est
225 1228 379 1264 verus
417 1210 665 1263 Sacerdos
703 1211 755 1263 in
795 1217 1095 1274 aeternum,

106 1288 175 1340 ita
216 1288 372 1339 etiam
412 1302 535 1338 vere
583 1293 634 1338 et
693 1286 894 1354 proprie
943 1288 1099 1339 inter-

106 1361 281 1431 pellet,
325 1367 376 1413 et
415 1367 526 1414 oret
566 1376 655 1428 pro
693 1361 835 1412 nobis
873 1359 936 1412 ad
977 1361 1099 1414 dex·

107 1443 269 1488 teram
312 1434 496 1488 Patris,
559 1434 617 1488 S.
668 1433 972 1504 Auyustinus
1022 1434 1097 1507 (2)

107 1512 175 1563 ita
218 1510 462 1580 loquitur:
506 1529 532 1559 «
564 1508 710 1562 Nunc
737 1526 935 1580 quoque
959 1509 1100 1563 Chri-

108 1593 215 1638 stus
254 1592 367 1638 orat
407 1601 495 1654 pro
546 1585 691 1636 nobis
718 1626 730 1645 ‚
791 1592 842 1637 et
881 1592 993 1637 orat
1049 1587 1100 1637 in

106 1660 273 1722 nobiS,
306 1667 357 1711 et
396 1665 572 1719 oratur
607 1675 635 1711 a
667 1660 829 1711 nobis.
862 1665 984 1713 Orat
1014 1677 1101 1728 pro

107 1734 254 1787 nobis
293 1740 351 1787 ut
388 1732 637 1786 Sacerdos
679 1741 870 1800 noster,
910 1737 1099 1788 cratin

107 1809 255 1862 nobis
283 1814 340 1865 ut
377 1816 532 1877 caput
571 1814 825 1870 nostrum,
869 1817 1100 1862 oratura

107 1883 254 1937 nobis
294 1890 351 1935 ut
389 1883 526 1936 Deus
570 1890 758 1935 noster.
798 1902 820 1931 »

179 1956 311 2012 Nota
351 1958 405 2010 2.
450 1957 682 2013 Christus
709 1958 933 2019 maxime
961 1958 1103 2011 exal-

112 2039 248 2097 tatus
288 2038 385 2094 est,
429 2040 483 2086 ut
521 2036 574 2085 in
601 2034 793 2085 nonnine
828 2034 938 2086 Iesu
965 2050 1103 2086 omne

108 2124 233 2178 penu
258 2106 478 2177 [lectatur
518 2114 618 2159 etc.
654 2107 971 2177 Frequenter
1011 2107 1102 2175 igi-

109 2189 196 2235 tur
247 2197 501 2235 summam
560 2180 746 2234 Christi
797 2182 1011 2251 gloriam
1053 2190 1103 2234 et

110 2257 478 2316 beatitudinem
495 2257 820 2309 considerare
838 2259 1016 2311 debem
1026 2274 1102 2325 us,

111 2338 223 2384 tum
264 2337 321 2383 ut
360 2346 614 2383 summam
656 2334 999 2384 reverentiam
1030 2339 1102 2384 te—

112 2406 496 2474 nerrimumque
524 2422 750 2459 amorem
779 2423 901 2476 erga
934 2407 1100 2475 ipsum

112 2482 163 2534 in
204 2487 376 2534 mente
405 2480 773 2548 concipiamus3
814 2488 921 2534 tum
958 2489 1012 2534 ut
1039 2481 1102 2533 ad

113 2557 223 2608 eius
261 2555 599 2614 imitationem
658 2555 856 2608 fortiter
914 2557 1103 2610 excite-

114 2645 251 2690 mur,
294 2636 448 2699 atque
486 2646 578 2682 nos
612 2631 747 2699 ipsos
786 2631 1104 2699 abnegantes

116 2719 423 2773 crucemque
444 2704 722 2771 tollentes‚i
731 2706 869 2773 psius
889 2707 1102 2774 vestigia

117 2794 411 2848 sequamur,
455 2785 507 2831 et
540 2779 602 2832 ad
644 2780 870 2833 eiusdem
910 2781 1104 2848 gloriae

117 2853 554 2922 participationem
582 2853 799 2907 feliciter
838 2858 1104 2923 pervenia-

118 2943 249 2981 mus,
281 2957 348 2966 -—
378 2925 626 2981 Doctrina
652 2936 824 2981 autem
846 2930 910 2981 de
949 2931 1106 2983 inter-

119 3001 392 3071 pellatione
432 2999 617 3054 Christi
658 3004 822 3056 nutrit
869 3005 920 3056 in
962 3006 1105 3058 nobis

120 3076 378 3138 fiduciam,
410 3077 671 3145 quoniam,
702 3078 834 3146 quod
864 3078 1028 3132 debile
1055 3087 1106 3133 et

119 3150 381 3205 infirmum
422 3158 499 3204 est
537 3151 588 3204 in
620 3153 855 3219 precibus
893 3156 1100 3216 nostriS‚

118 3231 454 3287 sustentatur,
513 3225 781 3280 roboratur
819 3234 870 3280 et
909 3229 1106 3297 perfici-

117 3304 204 3352 tur
235 3314 325 3368 per
350 3301 768 3353 intercessionem
797 3304 993 3356 aeterni
1019 3303 1107 3358 Sa-

169 3471 223 3518 (1)
244 3474 286 3511 Iu
308 3474 443 3511 esaim.
467 3474 523 3519 39,
547 3484 650 3513 num.
675 3474 709 3512 8.

699 84 823 147 ullas
855 85 931 124 m.
971 83 1138 131 sacrm
1175 85 1230 124 n.
1273 84 1426 123 mem·
1462 86 1517 124 n.

1971 70 2079 128 565

1156 164 1378 228 cerdatis
1392 163 1586 222 Christi
1613 165 1873 236 Unigeniti
1894 165 2007 225 Filii
2033 167 2144 226 nei.

1158 239 1407 300 Adeamus
1442 257 1555 311 erqo
1594 259 1709 297 cum
1729 244 1908 314 fiducia
1928 247 1994 298 ad
2021 245 2146 300 thro·

1157 330 1278 370 num
1315 315 1529 384 gratiae,
1560 325 1614 369 ut
1633 319 2022 378 misericordiam
2045 336 2147 373 con·

1157 405 1430 460 sequamur
1455 431 1468 454 ‚
1509 394 1805 458 enormium
1850 392 2148 448 inveniamus

1159 466 1215 518 in
1255 464 1451 519 auxilio
1483 474 1762 534 opportuno
1813 466 1909 538 (5).
1971 467 2148 522 Merito

1159 556 1283 593 sane
1324 540 1551 608 carpitur
1603 539 1753 592 nimis
1804 540 2026 608 lugenda
2066 558 2148 597 ve·

1160 614 1333 667 cordia
1375 621 1569 676 nostra,
1612 615 1655 666 si
1675 614 1891 669 oratione
1922 618 2150 684 ferventes

1161 705 1274 742 esse
1314 703 1647 750 recusamuS,
1691 704 1808 741 cum
1849 691 1956 758 ipse
1997 691 2151 746 Filius

1161 763 1250 816 Dei
1292 763 1548 816 exaltatus
1587 763 1653 815 sit
1678 779 1864 832 semper
1902 769 2063 821 vivens
2089 767 2152 820 ad

1162 837 1566 908 interpellandum
1598 853 1695 907 pro
1734 838 1887 892 nobis.

1463 1013 1750 1052 ARTIGULUS
1776 1015 1845 1053 Vl.

1394 1091 1563 1126 Doctrina
1589 1092 1635 1126 de
1658 1091 1920 1136 Redemptione

1161 1150 1295 1186 rationi
1321 1158 1395 1185 nou
1420 1155 1602 1195 repugnat
1622 1152 1685 1187 sed
1720 1152 2065 1189 convenientissima
2087 1157 2155 1190 est.

1552 1261 1591 1320 ς
1621 1261 1752 1308 ees.

1234 1360 1285 1414 Si
1314 1360 1544 1414 doctrina
1571 1361 1821 1415 catholica
1851 1362 1912 1415 de
1941 1362 2158 1417 Redem-

1166 1436 1333 1505 ptione
1391 1438 1535 1489 iuxta
1594 1453 1750 1490 sanae
1803 1437 2158 1508 Philosophiae

1166 1512 1446 1579 principia,
1509 1517 1559 1563 et
1617 1513 1726 1564 sine
1777 1515 2160 1584 praeconceptis

1164 1587 1485 1654 opinionibus
1515 1587 1865 1654 perpenditur,
1899 1589 2043 1641 facile
2075 1605 2160 1657 pa-

1167 1669 1256 1721 tet,
1301 1661 1518 1713 eandem
1549 1663 1726 1714 rationi
1756 1662 2012 1716 humanae
2041 1679 2160 1716 con-

1168 1737 1603 1789 venientissimam
1654 1753 1783 1789 esse.
1828 1737 1882 1789 ld
1924 1739 2160 1808 equidem

1167 1812 1266 1862 iam
1306 1828 1372 1863 ex
1413 1812 1472 1864 iis
1499 1810 1775 1879 colligitur,
1819 1828 1949 1881 quae
1989 1814 2050 1866 de
2080 1813 2160 1866 ln·

1165 1887 1476 1938 carnationis
1540 1887 1898 1939 convenientia
1955 1885 1988 1959 S
2052 1888 2160 1941 ⁰25&

1165 1961 1298 2013 dicta
1338 1967 1477 2012 sunt.
1504 1960 1601 2012 Sed
1623 1968 1867 2028 praestat,
1899 1968 1955 2014 ut
1981 1963 2162 2015 eadem

1169 2036 1410 2103 principia
1443 2035 1656 2086 traditae
1685 2036 1949 2089 doctrinae
1978 2037 2039 2088 de
2070 2038 2164 2091 Re-

1166 2112 1456 2178 demptione
1483 2110 1827 2178 applicentur,
1866 2118 1917 2164 et
1944 2112 2162 2165 eandem

1167 2185 1348 2237 rationi
1381 2201 1477 2237 non
1502 2185 1666 2236 solum
1691 2185 1825 2237 haud
1856 2202 2161 2254 repugnare,

1168 2276 1346 2311 verum
1387 2260 1450 2312 ab
1491 2260 1597 2327 ipsa
1625 2262 2163 2314 convenientissimam

1166 2334 1376 2387 iudicari
1400 2335 1822 2386 breviter·saltem
1845 2336 2161 2391 ostendatur.

1242 2409 1293 2460 1.
1335 2408 1385 2460 Si
1427 2409 1657 2461 doctrina
1692 2408 1754 2460 de
1796 2409 2164 2479 Redemptione

1167 2483 1444 2535 theoretice
1471 2484 1844 2544 consideratur,
1888 2491 1993 2538 tres
2019 2501 2163 2554 prae·
2215 2532 2218 2535 Δ

1166 2559 1313 2627 cipue
1339 2568 1615 2627 conceptus
1644 2560 1694 2610 in
1715 2558 1802 2611 illa
1829 2567 2164 2614 concurrunt.

1168 2633 1278 2701 lpsa
1320 2634 1508 2685 etenim
1559 2633 1702 2686 nobis
1749 2634 1959 2688 exhibet
2004 2635 2166 2688 Deum

1166 2708 1564 2761 satisfactionem
1605 2709 1896 2776 exigentem
1940 2715 1991 2762 et
2029 2711 2164 2763 acci·

1168 2783 1417 2851 pientem3
1461 2781 1713 2835 Christum
1763 2784 2163 2837 satisfactionem

1169 2864 1554 2926 praestantem3
1611 2863 1663 2909 et
1706 2875 1855 2927 qenus
1895 2858 2164 2912 humanum

1171 2949 1256 3000 per
1296 2932 1693 2985 satisfactionem
1754 2932 1945 2987 Christi
2004 2949 2031 2986 e
2070 2950 2164 2987 sua

1168 3008 1371 3060 miseria
1413 3007 1703 3060 liberatum.
1769 3008 1845 3059 Ex
1893 3007 2035 3060 nulla
2074 3024 2166 3061 au-

1170 3089 1268 3133 tem
1315 3090 1457 3149 parte
1514 3083 1854 3150 repugnantia
1901 3083 2010 3135 sive
2050 3099 2168 3136 con-

1171 3156 1403 3209 tradictio
1443 3156 1612 3219 datur,
1658 3158 1870 3226 ipsaque
1910 3157 2040 3210 ratio
2079 3158 2168 3210 do-

1168 3233 1385 3283 ctrinam
1413 3231 1473 3283 de
1496 3231 1845 3299 redemptione
1886 3232 2167 3299 indigitatis

1168 3305 1496 3374 conceptibus
1536 3306 1760 3359 maxime
1799 3322 2075 3360 consonam
2112 3321 2165 3357 a·

1212 3478 1265 3523 (2)
1290 3480 1396 3516 Enar.
1422 3479 1460 3515 in
1483 3480 1616 3516 Psalm.
1643 3479 1700 3514 8⁵.
1837 3480 1891 3517 (a)
1915 3479 2024 3516 Hebr.
2050 3478 2084 3523 4,
2109 3477 2131 3514 6
