2332 3860
5 214 26 227 a

998 182 1152 220 carm
1179 179 1254 220 iv.

111 265 411 336 exagitavit.
461 263 587 318 Arte
632 245 903 316 diatectica
941 264 1098 316 etiam

113 343 327 401 feliciter
377 339 454 391 usi
508 344 631 390 sunt
682 337 739 390 S.
788 335 1099 389 Athanasius

113 423 288 479 contra
316 412 555 473 ArianOS,
571 410 647 464 Ss.
665 411 888 464 Basilius
907 417 958 463 et
978 409 1098 463 Gre

105 491 293 560 9orius
315 487 468 555 Nyss
525 492 703 538 contra
756 485 1095 549 Eunomium‚

63 591 68 598 ·
110 564 169 618 S.
221 563 549 629 Hieronymus
589 566 768 612 contra
806 559 1098 612 Helvidium

111 646 158 690 et
186 636 540 706 vigilantium,
568 633 620 687 S.
656 632 962 701 Auyustinus
983 650 1100 687 con-

111 719 188 765 tra
202 709 546 770 Manichaeos,
578 708 869 760 Donatistas
887 714 940 760 et
957 707 1101 761 Pela·
1130 747 1132 751 Α

109 783 408 852 gianus.·lta
429 783 609 852 quovis
636 788 866 849 tempore
893 783 989 835 viri
1018 784 1103 835 do-

117 860 283 912 ctrina
309 866 362 910 ct
389 859 578 926 pietate
618 856 881 924 conspicui
922 860 1103 909 extite-

113 942 255 994 runt,
285 933 369 1002 qui
413 947 511 983 non
553 930 720 984 solum
749 930 991 997 dogmata
1017 948 1100 984 ca—

112 1008 297 1060 tholica
327 1006 691 1074 explanarunt,
724 1005 811 1057 sed
841 1006 996 1057 etiam
1023 1022 1099 1058 cr-

114 1098 255 1134 rores
326 1081 583 1148 oppositos
648 1080 939 1131 refutarunt
968 1098 983 1143 3
1053 1088 1102 1132 et

111 1155 432 1214 Scholastici‚
464 1154 788 1206 dialecticam
815 1160 994 1206 contra
1022 1171 1101 1206 or-

111 1230 365 1282 thodoxae
385 1228 646 1280 doctrinae
671 1229 994 1280 adversarios
1014 1229 1101 1280 ad-

110 1303 363 1363 hibentes,
385 1304 584 1356 nonnisi
602 1304 856 1356 maiorum
885 1304 1100 1372 vestigia

118 1378 282 1431 secuti
309 1384 451 1432 sunt.

439 1597 526 1632 Eius
557 1597 771 1632 necessitas.

520 1500 559 1559 s
595 1500 687 1546 32.
1129 1431 1140 1738 ξ

187 1679 316 1732 Cum
345 1679 591 1732 scandala
640 1677 716 1751 (l)
766 1686 818 1732 et
863 1679 1104 1732 haereses

112 1753 189 1824 (ἓ)
218 1755 400 1823 quovis
437 1761 666 1820 tempore
694 1754 902 1812 dentur,
948 1756 1101 1806 ctiam

110 1829 387 1895 Theologia
417 1827 665 1897 polemica
692 1842 896 1896 semper
923 1843 1101 1880 neces-

111 1904 247 1956 saria
269 1909 365 1954 est.

187 1978 238 2029 l.
271 1976 504 2029 Christus
532 1992 556 2028 a
587 1975 720 2027 bono
743 1982 948 2042 pastore
1001 1977 1104 2028 exi—

113 2052 206 2119 git,
238 2058 297 2103 ut
325 2067 422 2103 non
453 2050 619 2102 solum
641 2066 763 2102 oves
790 2049 853 2101 ad
877 2049 1102 2102 salubria

115 2142 304 2194 pascua
332 2126 506 2186 ducat,
550 2125 638 2176 sed
680 2125 833 2176 etiam
876 2141 905 2175 a
945 2140 1103 2192 grege

116 2201 261 2268 lupos
287 2207 482 2259 arceat,
525 2201 608 2268 qui
646 2199 695 2250 in
737 2199 983 2250 societate
1024 2215 1101 2250 re-

118 2273 294 2341 ligiosa
317 2281 438 2325 sunt
459 2289 637 2325 omnes
658 2288 900 2324 erroneas
922 2273 1104 2325 doctri-

116 2365 209 2400 nas
235 2355 539 2416 spargentes
566 2389 577 2409 ‚
621 2363 682 2398 ac
720 2348 891 2399 verbis
927 2363 1102 2399 exem-

115 2422 314 2492 plisque
341 2423 468 2475 alios
506 2422 829 2474 seducentes,
876 2420 995 2473 Illos
1023 2437 1103 2473 re—

116 2497 330 2565 pellere,
372 2495 660 2558 consutarc,
703 2496 982 2562 corrigere,
1016 2502 1106 2547 aut

115 2571 300 2624 saltem
338 2571 587 2622 innocuos
626 2570 841 2622 reddere
881 2576 1099 2638 oportet.

114 2645 222 2697 Hoc
247 2643 467 2697 officium
498 2644 764 2709 negligens
793 2644 908 2696 boni
939 2650 1103 2711 pasto-

117 2719 186 2770 ris
215 2720 417 2771 nomine
438 2719 679 2785 indignus
702 2725 798 2778 est,
831 2725 881 2769 et
901 2734 930 2769 a
959 2717 1101 2783 Chri-

94 2798 192 2844 'sto
244 2795 574 2845 mercenarius
632 2790 728 2863 (3)
785 2793 1098 2844 nominatur.

113 2865 245 2918 Hinc
273 2865 547 2933 Apostolus
586 2882 615 2916 a
664 2872 866 2932 pastore
906 2867 1100 2917 anima-

114 2957 228 2992 rum
258 2941 439 3006 exigit,
471 2948 524 2991 ut
542 2946 714 3008 potens
752 2939 814 2990 sit
850 2939 1107 2992 eoeltorlari

114 3015 170 3065 in
189 3015 413 3066 doctrina
446 3030 588 3073 sana,
620 3020 663 3065 ec
697 3028 773 3065 cos
805 3014 891 3080 qui
914 3021 1105 3065 contra-

114 3089 306 3153 dicunt,
349 3103 554 3156 aryuere
584 3085 683 3158 (lt):
728 3094 779 3139 et
807 3087 846 3138 lt
877 3087 939 3138 ad
969 3086 1100 3139 Tim.

115 3163 249 3223 vult,
282 3170 536 3230 pastorem
565 3162 854 3213 animarum
883 3176 1105 3213 ntansue-

106 3243 220 3288 tum
252 3251 348 3288 esse
386 3236 448 3288 acl
485 3251 665 3295 omne&
708 3235 975 3306 docibilem,
1017 3251 1106 3303 pa-

110 3309 308 3363 tientem
344 3326 456 3362 cum
499 3310 730 3362 modestia
766 3311 1106 3376 corripientem

115 3398 212 3446 ωε,
254 3385 342 3453 qui
378 3384 612 3437 resistunt
650 3384 844 3439 veritati
870 3382 967 3455 (ὅ).

165 3512 197 3553 (1
238 3515 363 3549 Matth.
389 3514 443 3556 18,
464 3515 498 3551 7.

157 3556 175 3602 ί
231 3559 285 3594 10.
310 3558 364 3603 10,
390 3558 445 3595 ῃ,
755 3514 810 3560 (2)
832 3517 848 3551 l
868 3515 951 3552 Cor.
970 3514 1026 3559 11,
1049 3514 1104 3549 19.

2004 174 2073 228 [15

1230 263 1286 317 ⁶2.
1341 261 1648 331 Theologiae
1706 265 1987 334 polemicae
2034 277 2142 325 stu-

1159 337 1301 390 dium
1327 338 1683 392 sacerdotibus
1719 340 1870 392 valde
1909 357 2143 398 necessa·

1162 413 1293 464 rium
1322 419 1419 473 est,
1452 406 1565 470 tum
1590 420 1646 466 ut
1686 413 1908 481 perditas
1946 432 2068 469 oves
2093 419 2144 471 in
2191 438 2195 445 ¹

1163 488 1395 538 veritatis
1434 487 1604 549 viam,
1648 502 1676 540 a
1726 503 1827 557 qua
1872 489 2145 545 aberrave-

1162 568 1303 621 runt,
1331 559 1600 634 reducere,
1624 567 1734 612 tum
1775 568 1833 614 ut
1856 563 2054 616 animas
2072 581 2148 618 or·

1161 635 1417 688 thodoxae
1436 634 1555 687 fidei
1573 635 1793 688 fideliter
1812 634 2151 692 adhaerentes

1161 716 1342 760 contra
1359 724 1560 761 errores
1582 711 1908 777 praemunire
1921 711 2148 775 valeant,

1161 798 1289 852 quos
1328 784 1516 836 nostris
1557 785 1859 853 praesertim
1902 787 2152 855 tempori-

1164 858 1258 909 bus
1286 857 1538 910 increduli
1567 865 1619 910 et
1644 858 1897 912 haeretici
1931 875 2022 928 per
2058 860 2152 912 fal-

1163 934 1300 983 laces
1338 947 1636 993 sermones,
1679 949 1807 1001 quos
1857 933 1907 985 in
1949 934 2154 986 circulis

1163 1006 1473 1067 venditant,
1517 1014 1569 1059 et
1608 1022 1698 1074 per
1738 1007 1918 1074 impios
1969 1007 2150 1068 libros,

1161 1096 1288 1148 quos
1337 1081 1532 1133 nefarie
1582 1087 1872 1148 spargunt,
1929 1082 2155 1150 undique

1163 1155 1498 1207 disseminare
1538 1162 1812 1207 conantur.
1845 1155 2028 1221 Magna
2058 1157 2154 1223 igi-

1163 1236 1247 1280 tur
1288 1235 1396 1280 tum
1440 1228 1725 1297 vigilantia,
1771 1236 1881 1281 tum
1923 1229 2154 1282 doctrina

1162 1304 1454 1355 animarum
1520 1304 1808 1370 pastoribus
1866 1305 2155 1356 necessaria

1133 1413 1134 1418 ,
1164 1384 1272 1435 cst,
1318 1385 1374 1429 ut
1403 1393 1613 1445 gregem
1642 1378 1736 1429 sibi
1766 1378 2098 1430 commissum
2123 1395 2151 1429 a

1165 1452 1431 1518 propinato
1474 1458 1576 1503 tam
1618 1452 1916 1520 frequenter
1954 1467 2155 1504 veneno

1167 1533 1519 1593 praeservent.
1550 1554 1623 1563 —
1660 1525 1796 1578 Nihil
1829 1541 1954 1578 sane
1991 1526 2156 1593 magis

1163 1601 1213 1651 in
1246 1600 1524 1667 Religionis
1547 1607 1597 1651 et
1622 1600 1884 1652 Ecclesiae
1911 1599 2152 1660 dedecuS‚

1164 1675 1395 1726 veritatis
1418 1674 1807 1742 praeiudicium,
1835 1675 2157 1728 infirmorum

1163 1748 1500 1809 scandalum,
1544 1754 1596 1800 et
1644 1749 1935 1800 animarum
1985 1748 2157 1816 perni-

1164 1823 1295 1873 ciem
1326 1823 1512 1888 vergit,
1545 1837 1700 1890 quam
1727 1823 1968 1874 sacerdos
1994 1823 2159 1875 scien-

1166 1895 1266 1947 tiae
1296 1895 1578 1963 polemicae
1605 1896 1675 1948 ita
1716 1911 1930 1963 experS‚
1973 1903 2030 1948 ut
2068 1911 2158 1948 ve-

1167 1969 1370 2021 ritatem
1405 1969 1700 2030 defendere,
1745 1970 2053 2023 advcrsariis
2082 1985 2161 2022 re-

1163 2045 1438 2112 spondere,
1476 2051 1528 2096 et
1556 2043 1753 2095 fallacia
1795 2060 1973 2096 eorum
2002 2061 2158 2109 argu-

1166 2125 1337 2170 menta
1368 2125 1636 2170 conterere
1677 2133 1777 2169 non
1820 2118 2011 2171 valeat.
2058 2118 2159 2170 He-

1166 2193 1420 2253 terodoxi,
1453 2194 1492 2244 si
1536 2192 1693 2244 talem
1729 2194 2034 2260 repererint,
2066 2194 2160 2244 im-

1166 2269 1304 2334 pium
1342 2267 1658 2334 triumphum
1701 2274 1915 2328 canunt,
1960 2274 2011 2318 et
2039 2266 2158 2319 soli-

1166 2342 1346 2393 dorum
1387 2347 1813 2406 argumentorum
1853 2340 2071 2392 defectui
2110 2340 2159 2391 id

1163 2416 1485 2476 adscribunt,
1519 2415 1650 2483 quod
1691 2414 1934 2484 culpabili
1976 2414 2160 2465 indivi-

1165 2490 1248 2541 dui
1270 2490 1589 2557 ignorantiac
1604 2488 1991 2541 attribuendum
2005 2494 2157 2540 esset.

1577 2614 1614 2672 ς
1645 2612 1740 2659 aa.

1530 2703 1617 2737 Eius
1636 2702 1788 2737 utititas.

1239 2789 1291 2841 l.
1337 2786 1576 2839 Proxime
1603 2784 1877 2852 Theologia
1908 2782 2157 2852 polemica

1164 2863 1227 2915 ad
1258 2862 1304 2913 id
1348 2861 1640 2920 ordinatur,
1688 2865 1744 2911 ut
1783 2873 1984 2911 errores
2023 2857 2157 2918 Reli-

1165 2937 1303 3002 gioni
1343 2934 1556 3003 oppositi
1601 2932 1924 2993 refellantur,
1968 2938 2020 2984 et
2058 2932 2151 2989 illi,

1166 3012 1249 3079 qui
1292 3026 1319 3062 a
1349 3008 1582 3061 veritatis
1611 3006 1693 3059 via
1722 3012 2070 3067 recesserunt,
2105 3006 2154 3056 in

1168 3085 1299 3137 hanc
1339 3083 1673 3136 reducantur.
1720 3080 1816 3132 Per
1861 3080 2156 3148 disputatio-

1169 3174 1259 3210 nes
1288 3157 1565 3226 polemicas
1591 3153 1644 3207 S.
1675 3152 1985 3223 Azst9us>tinus
2026 3153 2155 3205 Feli-

1166 3248 1277 3284 cem
1309 3229 1686 3290 Minichacum,
1711 3227 1766 3281 S.
1792 3226 2150 3309 GreqoriusM.

1167 3305 1478 3375 Eutycbium
1510 3302 1656 3355 Patr.
1674 3301 1959 3362 CPtanum‚
1990 3301 2156 3353 carnis

1168 3379 1598 3432 lesuirectionem
1625 3383 1924 3446 negantem,
1944 3374 1998 3429 S.
2031 3374 2155 3427 Ber-

1210 3510 1263 3601 ξέ)
1286 3509 1416 3566 Tin),
1441 3509 1471 3544 9.

1250 3555 1264 3601 )
1288 3556 1322 3591 11
1345 3556 1440 3593 hm.
1466 3555 1498 3600 2,
1523 3554 1566 3590 24
1588 3556 1656 3588 etc.
