2332 3860
283 134 359 187 18*

648 151 969 188 INTRODUCTIO
1009 152 1059 187 IN
1097 151 1410 188 THEOLOGIAM
1446 148 1803 187 Tnssonmmffl

203 232 428 284 sionem
451 230 681 284 Ecclesia
734 239 790 284 ut
843 232 1195 285 authenticam
1261 210 1584 283 auctotitatis
1667 235 1822 281 sunt
1868 200 2270 281 constitutiones:

203 306 508 359 declaravit⁵
537 306 670 358 licite
695 313 885 366 tamen
916 306 1017 357 imo
1038 306 1191 356 etiam
1262 304 1407 357 Rom.
1445 304 1759 372 Pontificum,
1791 302 2092 372 definitiones
2119 300 2249 353 Con

204 379 444 431 hincinde
483 380 680 432 utiliter
726 387 928 431 textum
972 379 1192 445 origina-

202 453 307 505 lem
326 455 594 506 consulere
619 460 806 520 potest,
827 460 883 504 ut
913 453 991 504 vel
1025 453 1192 503 locum

202 528 551 580 obscuriorem
577 527 774 579 facilius
802 527 1064 594 explanet,
1111 526 1189 577 vel

200 608 566 670 argumentum
629 608 806 652 contra
870 599 1211 653 adversarios

201 676 459 733 defendat,
504 675 779 726 dummodo
808 675 858 725 in
887 675 1039 726 rebus
1075 674 1189 724 fidei

201 756 253 802 et
281 765 482 802 morum
510 748 786 814 Vulgatam
822 749 883 799 de
912 764 1084 800 errore
1111 763 1192 799 ar-

199 840 359 890 guere
403 839 501 875 non
534 829 848 889 praesumat.
884 820 1074 873 Textus
1101 838 1191 873 au-

202 905 304 949 tem
345 897 581 956 biblicus,
626 898 709 964 qui
743 903 800 947 ut
827 902 1192 961 argumentum

200 971 494 1031 adducitur,
528 971 622 1022 nisi
655 971 839 1038 dogma
870 971 1192 1034 probandum

199 1046 379 1098 iisdem
419 1046 523 1097 fere
564 1044 755 1105 verbiS,
801 1052 890 1095 aut
929 1044 1065 1096 idem
1113 1059 1193 1095 so-

201 1122 444 1173 nantibus
483 1119 760 1186 exprimat,
805 1119 952 1170 iuxta
990 1119 1194 1169 herme-

201 1195 431 1246 neuticas
486 1193 692 1260 regulas
724 1234 735 1254 ‚
801 1199 852 1244 et
916 1193 1191 1260 praecipue

199 1269 343 1320 iuxta
385 1267 765 1319 ecclesiasticae
806 1266 1098 1318 traditionis
1140 1267 1193 1317 li·

199 1358 351 1394 neam
398 1341 776 1407 explanandus,
821 1356 882 1391 ac
925 1342 1190 1408 perspicuo

200 1416 573 1469 ostendendum
603 1422 701 1475 est,
733 1414 987 1482 quomodo
1016 1431 1077 1466 ex
1105 1414 1191 1466 illo

199 1490 361 1542 solida
389 1490 620 1557 probatio
648 1489 919 1540 inferatur.
945 1488 1191 1550 Quamvis

201 1579 349 1630 porro
377 1565 534 1615 eti-am
577 1563 758 1614 unicus
791 1561 1090 1629 Scripturae
1120 1562 1192 1613 lo-

199 1653 292 1689 cus
330 1636 610 1689 infallibilis
650 1639 716 1688 sit
754 1637 1096 1697 auctoritati&
1141 1643 1192 1688 et

199 1712 263 1763 ad
314 1712 497 1778 dogma
557 1710 879 1778 probandum
928 1708 1186 1770 sufficiat,

199 1785 440 1838 hincinde
483 1791 655 1836 tamen
698 1784 872 1850 plures
902 1790 1076 1835 textus
1104 1783 1190 1834 ad-

200 1860 496 1919 ducuntur,
541 1865 649 1909 tum
705 1857 824 1924 quia
864 1873 1017 1924 saepe
1059 1873 1191 1907 unus

200 1933 343 1985 locus
390 1932 539 1983 alteri
593 1932 763 1982 lucem
815 1931 1033 1983 affundit
1081 1938 1192 1983 tum

199 2007 319 2075 quia
359 2005 603 2058 hincinde
643 2006 823 2057 eadem
864 2006 1100 2057 doctrina
1141 2007 1189 2056 in

203 2081 357 2132 variis
387 2080 509 2132 locis
535 2080 630 2131 sub
659 2079 801 2131 vario
842 2086 1056 2145 aspectu
1084 2096 1194 2146 pro-

201 2156 425 2219 ponitur,
458 2161 510 2205 et
550 2154 820 2221 perfectior
854 2153 993 2204 illius
1020 2155 1193 2221 cogni-

198 2229 268 2280 tio
308 2228 601 2291 obtinetur3
658 2234 770 2279 tum
818 2228 936 2294 quia
978 2228 1080 2278 iam
1123 2229 1192 2279 ita

199 2318 346 2355 mens
359 2301 579 2354 hominis
590 2308 886 2368 comparata
909 2316 1020 2352 esse
1040 2301 1188 2362 solet,

199 2383 257 2428 ut
285 2393 373 2443 per
394 2377 643 2428 maiorem
672 2376 1070 2427 consonantium
1097 2376 1191 2428 sibi

198 2450 611 2503 testimoniorum
635 2465 911 2502 numerum
935 2447 1194 2501 efficacius

198 2524 262 2574 ad
299 2524 500 2576 firmam
545 2525 930 2590 persuasionem
969 2523 1191 2576 adduca-

199 2604 301 2648 tur.
347 2628 416 2637 —
459 2597 758 2664 Areum-enta
812 2597 1188 2658 traditionatia‚

199 2686 287 2722 seu
336 2672 648 2723 ecclesiastica
692 2671 963 2738 praecipue
1005 2687 1067 2723 ex
1106 2687 1193 2739 ge-

200 2745 370 2796 nuinis
408 2743 495 2797 SS.
548 2745 752 2797 Petrum
797 2745 1002 2812 scriptis
1043 2746 1194 2797 desu-

201 2824 432 2870 muntur:
463 2835 562 2870 non
598 2817 788 2871 sufficit
807 2824 983 2870 autem
1006 2834 1188 2881 unum,

199 2897 290 2943 aut
339 2891 565 2944 alterum
603 2892 811 2945 Patrem
849 2894 1057 2953 citasse,
1102 2894 1192 2945 sed

202 2965 374 3029 plures
413 2980 480 3016 ex
519 2967 676 3018 variis
716 2965 842 3019 locis
871 2974 923 3020 et
953 2969 1193 3035 tempori-

200 3038 297 3090 bus
335 3038 592 3090 adducere
632 3045 852 3121 oportet,
885 3046 945 3092 ut
984 3041 1193 3093 moralis

199 3127 378 3164 eorum
425 3113 693 3165 consensio
734 3113 944 3180 patefiat
970 3112 1070 3186 (l).
1115 3114 1191 3167 Ad

198 3184 548 3250 Traditionem
585 3186 960 3240 ostendendam
987 3195 1041 3240 et
1078 3189 1193 3241 uni-

202 3259 454 3311 versalem
479 3299 492 3320 ,
543 3274 604 3311 ac
653 3267 978 3314 constantem
1016 3262 1192 3315 Eccle-

159 3339 168 3350 ‘
197 3333 305 3409 siae
322 3332 484 3386 fidem
501 3334 912 3402 cognoscendam
932 3337 1195 3390 maximae

239 3459 294 3552 iil
316 3459 558 3549 tbi-eut.
570 3461 705 3551 ¹3⁸221.

1239 3507 1480 3560 ¹(5)V1

1259 379 1486 429 citiorum
1524 376 1848 445 yeneralium‚
1864 382 1937 428 ‘etz
1957 377 2114 428 etiam
2135 392 2251 444 par-

1261 452 1572 512 ticularium,
1603 452 1645 502 si
1673 466 1701 502 a
1723 449 2252 518 aponuficerappro-

1261 525 1465 586 bentur‚
1493 531 1543 576 et
1566 525 1629 576 ab
1653 525 1897 576 universa
1919 523 2146 577 Ecclesia
2168 541 2251 576 ac-

1260 605 1553 666 ceptentur3
1585 597 1798 665 symbola
1825 613 2030 666 quoque
2057 604 2108 650 et
2127 597 2252 651 libri

1257 672 1523 739 symbolici,
1554 673 1756 724 rituales
1784 678 1835 723 et
1859 671 2249 731 sacramentale&

1262 747 1464 814 publica
1541 746 1890 798 Ecclesiarum
1947 747 2254 798 auctoritate

1260 820 1402 882 editi,
1445 828 1546 872 etc.
1582 819 1679 891 (2).
1712 851 1785 858 -—
1808 820 1861 872 Si
1900 820 1963 872 de
2004 819 2254 887 dogmati·

1262 895 1354 946 hus
1397 895 1572 946 mixtis
1611 896 1809 963 agitur,
1868 893 2253 962 probationibus

1260 985 1324 1020 ex
1354 969 1668 1021 revelatione
1711 969 1881 1036 petitis
1924 975 2062 1021 recte
2095 968 2254 1020 etiam

1259 1043 1614 1110 adiunguntur
1678 1050 1966 1111 orymnenta
2028 1043 2254 1094 rationa-

1260 1117 1326 1168 lia
1366 1133 1456 1169 seu
1495 1117 1844 1187 philosophica,
1893 1124 2002 1168 tum
2043 1123 2100 1168 ut
2138 1116 2254 1168 har-

1261 1192 1430 1243 monia
1508 1191 1837 1244 revelationis
1915 1198 1965 1244 et
2042 1189 2255 1242 rationis

1258 1266 1561 1318 ostendatur
1593 1306 1604 1326 ‚
1671 1273 1784 1318 tum
1842 1271 1899 1317 ut
1963 1264 2142 1317 intima
2200 1279 2254 1315 a·

1261 1340 1380 1390 nimi
1441 1341 1703 1407 persuasio
1770 1341 1931 1407 magis
1987 1340 2255 1406 magisque

1258 1421 1642 1481 promoveatur.
1710 1413 2018 1466 Nullatenus
2079 1419 2264 1464 tamen.

1260 1489 1504 1540 veritates
1569 1488 1829 1539 revelatae
1861 1529 1873 1549 ,
1942 1488 1983 1538 si
2043 1502 2111 1538 ex
2174 1502 2256 1537 ra-

1259 1562 1397 1613 tione
1422 1563 1664 1629 probatae
1687 1562 1896 1622 fuerint,
1915 1560 2034 1612 fidei
2056 1560 2255 1612 obiecta

1259 1651 1369 1686 csse
1399 1642 1626 1702 cessant3
1661 1651 1780 1686 nam
1811 1635 1947 1686 idem
1977 1634 2126 1686 homo
2166 1635 2251 1702 qui

1259 1709 1373 1760 illas
1401 1726 1466 1760 ex
1496 1709 1758 1777 principiis
1798 1707 2133 1760 rationalibus
2169 1723 2254 1759 eo-

1258 1783 1477 1849 gnoscit,
1509 1783 1608 1834 alio
1642 1789 1760 1834 actu
1801 1782 2009 1833 casdem
2036 1779 2105 1851 ut}
2144 1797 2254 1835 cer-

1259 1857 1483 1908 tissimas
1523 1857 1714 1909 habere
1743 1862 1907 1923 potest
1935 1863 2141 1923 propter
2170 1871 2252 1907 re-

1260 1930 1480 1982 velantis
1522 1930 1611 1982 Dei
1653 1931 2054 1994 auctoritatem3
2098 1937 2254 1998 atquc

1258 2010 1328 2055 ita
1371 2020 1492 2056 vere
1535 2005 1690 2056 fidem
1731 2011 1959 2066 exercet,
2004 2019 2135 2072 quae
2176 2019 2262 2055 es·.

1259 2079 1547 2131 sentialiter
1577 2095 1675 2131 non
1706 2085 1802 2140 est,
1838 2079 1934 2131 nisi
1960 2078 2142 2130 firmus
2173 2093 2254 2130 as-

1260 2168 1442 2205 sensus
1487 2153 1592 2205 Deo
1645 2154 1896 2206 revelanti
1950 2153 2248 2220 praestitus.

1263 2226 1376 2279 ldeo
1404 2228 1632 2279 Ecclesia
1687 2244 1783 2279 non
1814 2227 1982 2279 solum
2008 2226 2250 2287 indoctis,

1259 2301 1345 2351 sed
1376 2303 1531 2354 etiam
1573 2302 1735 2354 doctis
1775 2301 2069 2370 symbolum
2107 2316 2253 2368 prae-

1260 2375 1454 2436 scribit,
1501 2376 1552 2427 in
1586 2391 1686 2444 quo
1716 2376 1842 2428 haec
1869 2375 1927 2427 fit
1967 2374 2249 2443 professio:

1260 2446 1416 2500 Credo
1443 2452 1497 2500 in
1519 2449 1696 2511 Deum,
1727 2450 1920 2502 Patrem
1959 2449 2254 2517 omnipoten-

1261 2530 1372 2583 tem,
1411 2523 1689 2575 Creatorem
1718 2523 1837 2576 coeli
1863 2531 1906 2575 et
1935 2519 2092 2575 terrae
2121 2529 2250 2585 etc.;

1260 2598 1494 2663 quamvis
1522 2598 1655 2650 docti
1678 2606 1749 2650 ex
1790 2597 1987 2650 ratione
2011 2596 2249 2664 probent,

1260 2670 1426 2723 Deum
1492 2671 1717 2723 existere
1750 2712 1762 2732 ,
1841 2672 2253 2738 omnipotentem

1261 2759 1374 2796 esse
1406 2786 1417 2807 ,
1482 2752 1771 2814 cunctaque
1820 2761 2043 2798 creasse.
2101 2743 2253 2796 Simi⁴

1262 2818 1377 2870 liter
1416 2818 1628 2880 PauluS,
1671 2819 1766 2872 etsi
1807 2817 1883 2890 (5)
1926 2819 2250 2886 profiteatur,

1261 2891 1424 2945 Deum
1444 2909 1532 2961 per
1559 2893 1724 2946 solam
1752 2893 2004 2946 rationem
2024 2907 2094 2945 ex
2113 2907 2254 2946 crea-

1262 2972 1495 3020 turarum
1535 2966 1948 3020 consideratione
1975 2967 2213 3034 cognosci
2236 3005 2249 3025 ‚

1261 3045 1431 3092 tamen
1481 3038 1557 3111 (lt)
1605 3040 1763 3093 dicit:
1810 3039 2016 3092 Credere
2067 3047 2253 3108 oportet

1258 3114 1550 3166 accedentem
1589 3114 1653 3166 ad
1693 3114 1898 3175 Deum,
1921 3114 2042 3182 quia
2078 3120 2168 3175 est,
2209 3119 2253 3163 et

1259 3186 1621 3254 inquirentibus
1682 3203 1730 3240 se
1780 3193 2137 3241 remunerator
2162 3187 2247 3239 sit.

1258 3259 1454 3313 Ibidem
1475 3259 1720 3330 autem&
1726 3259 2046 3346 >Apostolus
2063 3259 2127 3312 de
2143 3259 2253 3312 fide

1257 3334 1546 3402 generatim
1575 3333 1821 3404 loquitur,
1850 3337 1906 3387 in
1930 3349 2032 3403 qua
2059 3333 2253 3402 absque

1303 3463 1352 3509 (3)
1377 3462 1482 3501 Rom
1507 3464 1618 3510 1,15)
1667 3456 1669 3458 ’
1845 3464 1896 3512 (ί)
1920 3431 2029 3504 Hebr.
2055 3462 2126 3530 ¹¹⁸.
2135 3463 2169 3502 Β.
2195 3430 2250 3462 ¹¹
