<?xml version="1.0" encoding="UTF-8"?>
<!DOCTYPE html PUBLIC "-//W3C//DTD XHTML 1.0 Transitional//EN"
    "http://www.w3.org/TR/xhtml1/DTD/xhtml1-transitional.dtd">
<html xmlns="http://www.w3.org/1999/xhtml" xml:lang="en" lang="en">
 <head>
  <title>
</title>
<meta http-equiv="Content-Type" content="text/html;charset=utf-8" />
  <meta name='ocr-system' content='tesseract 3.04.00' />
  <meta name='ocr-capabilities' content='ocr_page ocr_carea ocr_par ocr_line ocrx_word'/>
</head>
<body>
  <div class='ocr_page' id='page_1' title='image "./theologiae00knoluoft_0077.png"; bbox 0 0 2332 3860; ppageno 0'>
   <div class='ocr_carea' id='block_1_1' title="bbox 0 3503 52 3860">
    <p class='ocr_par' dir='ltr' id='par_1_1' title="bbox 0 3503 52 3860">
     <span class='ocr_line' id='line_1_1' title="bbox 0 3503 14 3687; textangle 90"><span class='ocrx_word' id='word_1_1' title='bbox 0 3590 14 3687; x_wconf 21' lang='lat' dir='ltr'>*w-W,</span> <span class='ocrx_word' id='word_1_2' title='bbox 0 3530 7 3544; x_wconf 70' lang='grc'>-“</span> <span class='ocrx_word' id='word_1_3' title='bbox 12 3503 14 3505; x_wconf 47' lang='lat' dir='ltr'>v</span> 
     </span>
     <span class='ocr_line' id='line_1_2' title="bbox 0 3694 52 3860; textangle 90"><span class='ocrx_word' id='word_1_4' title='bbox 0 3804 52 3860; x_wconf 59' lang='grc' dir='ltr'>[Μ’.</span> <span class='ocrx_word' id='word_1_5' title='bbox 21 3734 48 3755; x_wconf 65' lang='grc' dir='ltr'>’ί</span> <span class='ocrx_word' id='word_1_6' title='bbox 13 3694 24 3700; x_wconf 55' lang='grc' dir='ltr'>Ι</span> 
     </span>
    </p>
   </div>
   <div class='ocr_carea' id='block_1_2' title="bbox 43 3256 1110 3318">
    <p class='ocr_par' dir='ltr' id='par_1_2' title="bbox 43 3256 1110 3318">
     <span class='ocr_line' id='line_1_3' title="bbox 43 3256 1110 3318; baseline -0.003 -8"><span class='ocrx_word' id='word_1_7' title='bbox 43 3311 46 3318; x_wconf 78' lang='grc'>,</span> <span class='ocrx_word' id='word_1_8' title='bbox 100 3257 189 3310; x_wconf 81' lang='lat' dir='ltr'>de</span> <span class='ocrx_word' id='word_1_9' title='bbox 227 3256 463 3310; x_wconf 88' lang='lat' dir='ltr'>absoluto</span> <span class='ocrx_word' id='word_1_10' title='bbox 514 3257 673 3309; x_wconf 85' lang='lat' dir='ltr'>nihilo</span> <span class='ocrx_word' id='word_1_11' title='bbox 734 3264 872 3309; x_wconf 89' lang='lat' dir='ltr'>recte</span> <span class='ocrx_word' id='word_1_12' title='bbox 905 3256 1110 3316; x_wconf 88' lang='lat' dir='ltr'>dicitur,</span> 
     </span>
    </p>
   </div>
   <div class='ocr_carea' id='block_1_3' title="bbox 724 144 1468 184">
    <p class='ocr_par' dir='ltr' id='par_1_3' title="bbox 724 144 1468 184">
     <span class='ocr_line' id='line_1_4' title="bbox 724 144 1468 184; baseline 0.001 -2"><span class='ocrx_word' id='word_1_13' title='bbox 724 144 845 183; x_wconf 72' lang='lat' dir='ltr'>PARS</span> <span class='ocrx_word' id='word_1_14' title='bbox 879 144 919 183; x_wconf 72' lang='grc'>1.</span> <span class='ocrx_word' id='word_1_15' title='bbox 960 145 1127 183; x_wconf 79' lang='grc' dir='ltr'><strong>ΒΕΟΊῚΟ</strong></span> <span class='ocrx_word' id='word_1_16' title='bbox 1162 146 1199 184; x_wconf 79' lang='lat'>1.</span> <span class='ocrx_word' id='word_1_17' title='bbox 1241 145 1396 183; x_wconf 73' lang='lat' dir='ltr'><strong>CAPUT</strong></span> <span class='ocrx_word' id='word_1_18' title='bbox 1428 147 1468 183; x_wconf 86' lang='lat'>1.</span> 
     </span>
    </p>
   </div>
   <div class='ocr_carea' id='block_1_4' title="bbox 83 223 1113 3236">
    <p class='ocr_par' dir='ltr' id='par_1_4' title="bbox 83 223 1081 887">
     <span class='ocr_line' id='line_1_5' title="bbox 84 223 1075 294; baseline -0.004 -13"><span class='ocrx_word' id='word_1_19' title='bbox 84 228 213 281; x_wconf 86' lang='lat' dir='ltr'>dens</span> <span class='ocrx_word' id='word_1_20' title='bbox 250 225 405 293; x_wconf 74' lang='lat' dir='ltr'>habet</span> <span class='ocrx_word' id='word_1_21' title='bbox 440 223 611 294; x_wconf 86' lang='lat' dir='ltr'>ipsum</span> <span class='ocrx_word' id='word_1_22' title='bbox 651 238 765 277; x_wconf 87' lang='lat' dir='ltr'>esse</span> <span class='ocrx_word' id='word_1_23' title='bbox 804 223 949 278; x_wconf 89' lang='lat' dir='ltr'>velut</span> <span class='ocrx_word' id='word_1_24' title='bbox 990 240 1075 293; x_wconf 89' lang='lat' dir='ltr'>pe-</span> 
     </span>
     <span class='ocr_line' id='line_1_6' title="bbox 83 298 1075 378; baseline -0.005 -23"><span class='ocrx_word' id='word_1_25' title='bbox 83 302 232 378; x_wconf 83' lang='lat' dir='ltr'>lagus</span> <span class='ocrx_word' id='word_1_26' title='bbox 270 298 526 369; x_wconf 77' lang='lat' dir='ltr'><strong>quoddam</strong></span> <span class='ocrx_word' id='word_1_27' title='bbox 565 298 888 352; x_wconf 83' lang='lat' dir='ltr'>substantiae</span> <span class='ocrx_word' id='word_1_28' title='bbox 909 298 1075 351; x_wconf 70' lang='lat' dir='ltr'>infin:</span> 
     </span>
     <span class='ocr_line' id='line_1_7' title="bbox 86 371 1077 430; baseline -0.004 -2"><span class='ocrx_word' id='word_1_29' title='bbox 86 376 195 430; x_wconf 67' lang='lat' dir='ltr'>&#39;um</span> <span class='ocrx_word' id='word_1_30' title='bbox 220 379 283 426; x_wconf 90' lang='lat' dir='ltr'>et</span> <span class='ocrx_word' id='word_1_31' title='bbox 298 373 709 426; x_wconf 88' lang='lat' dir='ltr'>interminatum.</span> <span class='ocrx_word' id='word_1_32' title='bbox 746 393 771 421; x_wconf 85' lang='lat'>»</span> <span class='ocrx_word' id='word_1_33' title='bbox 797 371 953 426; x_wconf 85' lang='lat' dir='ltr'>Cone.</span> <span class='ocrx_word' id='word_1_34' title='bbox 984 371 1077 424; x_wconf 87' lang='lat' dir='ltr'>La-</span> 
     </span>
     <span class='ocr_line' id='line_1_8' title="bbox 84 444 1077 517; baseline -0.004 -15"><span class='ocrx_word' id='word_1_35' title='bbox 84 458 330 502; x_wconf 78' lang='lat' dir='ltr'>teranense</span> <span class='ocrx_word' id='word_1_36' title='bbox 367 446 446 500; x_wconf 92' lang='lat' dir='ltr'>IV</span> <span class='ocrx_word' id='word_1_37' title='bbox 481 444 614 517; x_wconf 88' lang='lat' dir='ltr'>(cap.</span> <span class='ocrx_word' id='word_1_38' title='bbox 667 446 975 499; x_wconf 86' lang='lat' dir='ltr'>damnamus</span> <span class='ocrx_word' id='word_1_39' title='bbox 1014 446 1077 498; x_wconf 93' lang='lat' dir='ltr'>de</span> 
     </span>
     <span class='ocr_line' id='line_1_9' title="bbox 83 518 1079 592; baseline -0.005 -16"><span class='ocrx_word' id='word_1_40' title='bbox 83 518 292 592; x_wconf 85' lang='lat' dir='ltr'>Trinit.)</span> <span class='ocrx_word' id='word_1_41' title='bbox 314 521 364 573; x_wconf 90' lang='lat' dir='ltr'>in</span> <span class='ocrx_word' id='word_1_42' title='bbox 389 521 546 573; x_wconf 89' lang='lat' dir='ltr'>verba</span> <span class='ocrx_word' id='word_1_43' title='bbox 569 518 755 572; x_wconf 89' lang='lat' dir='ltr'>Christi</span> <span class='ocrx_word' id='word_1_44' title='bbox 783 521 948 572; x_wconf 79' lang='lat' dir='ltr'>Estote</span> <span class='ocrx_word' id='word_1_45' title='bbox 967 536 1079 589; x_wconf 80' lang='lat' dir='ltr'>per-</span> 
     </span>
     <span class='ocr_line' id='line_1_10' title="bbox 85 593 1081 665; baseline -0.004 -16"><span class='ocrx_word' id='word_1_46' title='bbox 85 596 200 665; x_wconf 81' lang='lat' dir='ltr'>secti</span> <span class='ocrx_word' id='word_1_47' title='bbox 237 602 337 648; x_wconf 90' lang='lat' dir='ltr'>etc.</span> <span class='ocrx_word' id='word_1_48' title='bbox 383 593 525 647; x_wconf 89' lang='lat' dir='ltr'>dicit:</span> <span class='ocrx_word' id='word_1_49' title='bbox 558 593 724 646; x_wconf 79' lang='lat' dir='ltr'>Estote</span> <span class='ocrx_word' id='word_1_50' title='bbox 749 594 951 662; x_wconf 81' lang='lat' dir='ltr'>perfecti</span> <span class='ocrx_word' id='word_1_51' title='bbox 971 610 1081 662; x_wconf 82' lang='lat' dir='ltr'>per-</span> 
     </span>
     <span class='ocr_line' id='line_1_11' title="bbox 89 667 1080 739; baseline -0.003 -17"><span class='ocrx_word' id='word_1_52' title='bbox 89 670 289 739; x_wconf 80' lang='lat' dir='ltr'>fectione</span> <span class='ocrx_word' id='word_1_53' title='bbox 326 669 544 738; x_wconf 70' lang='lat' dir='ltr'>qratiat’,</span> <span class='ocrx_word' id='word_1_54' title='bbox 584 667 707 719; x_wconf 77' lang='lat' dir='ltr'>sicut</span> <span class='ocrx_word' id='word_1_55' title='bbox 736 667 891 720; x_wconf 85' lang='lat' dir='ltr'>Pater</span> <span class='ocrx_word' id='word_1_56' title='bbox 927 675 1080 720; x_wconf 80' lang='lat' dir='ltr'>vester</span> 
     </span>
     <span class='ocr_line' id='line_1_12' title="bbox 87 741 1081 811; baseline -0.003 -15"><span class='ocrx_word' id='word_1_57' title='bbox 87 743 298 796; x_wconf 80' lang='lat' dir='ltr'>coelestis</span> <span class='ocrx_word' id='word_1_58' title='bbox 320 743 563 811; x_wconf 80' lang='lat' dir='ltr'>perfectus</span> <span class='ocrx_word' id='word_1_59' title='bbox 591 749 658 793; x_wconf 80' lang='lat' dir='ltr'>est</span> <span class='ocrx_word' id='word_1_60' title='bbox 675 741 969 811; x_wconf 79' lang='lat' dir='ltr'>perfectione</span> <span class='ocrx_word' id='word_1_61' title='bbox 996 757 1081 793; x_wconf 83' lang='grc' dir='ltr'>ηα-</span> 
     </span>
     <span class='ocr_line' id='line_1_13' title="bbox 88 816 362 887; baseline -0.007 -17"><span class='ocrx_word' id='word_1_62' title='bbox 88 827 227 870; x_wconf 70' lang='lat' dir='ltr'>turae</span> <span class='ocrx_word' id='word_1_63' title='bbox 267 816 362 887; x_wconf 74' lang='lat' dir='ltr'>(t).</span> 
     </span>
    </p>

    <p class='ocr_par' dir='ltr' id='par_1_5' title="bbox 90 888 1113 3236">
     <span class='ocr_line' id='line_1_14' title="bbox 160 888 1080 958; baseline -0.003 -15"><span class='ocrx_word' id='word_1_64' title='bbox 160 891 212 943; x_wconf 78' lang='lat'>5.</span> <span class='ocrx_word' id='word_1_65' title='bbox 258 890 407 943; x_wconf 85' lang='lat' dir='ltr'>Ratio</span> <span class='ocrx_word' id='word_1_66' title='bbox 446 905 648 958; x_wconf 91' lang='lat' dir='ltr'>quoque</span> <span class='ocrx_word' id='word_1_67' title='bbox 696 889 947 946; x_wconf 85' lang='lat' dir='ltr'>infinitam</span> <span class='ocrx_word' id='word_1_68' title='bbox 989 888 1080 941; x_wconf 91' lang='lat' dir='ltr'>Dei</span> 
     </span>
     <span class='ocr_line' id='line_1_15' title="bbox 91 962 1080 1035; baseline -0.004 -17"><span class='ocrx_word' id='word_1_69' title='bbox 91 966 455 1035; x_wconf 78' lang='lat' dir='ltr'>perfectionem</span> <span class='ocrx_word' id='word_1_70' title='bbox 494 964 710 1031; x_wconf 89' lang='lat' dir='ltr'>probare</span> <span class='ocrx_word' id='word_1_71' title='bbox 751 962 909 1016; x_wconf 88' lang='lat' dir='ltr'>valet.</span> <span class='ocrx_word' id='word_1_72' title='bbox 954 962 1080 1016; x_wconf 88' lang='lat' dir='ltr'>Nam</span> 
     </span>
     <span class='ocr_line' id='line_1_16' title="bbox 91 1037 1082 1111; baseline -0.001 -20"><span class='ocrx_word' id='word_1_73' title='bbox 91 1037 166 1111; x_wconf 85' lang='lat' dir='ltr'>a.)</span> <span class='ocrx_word' id='word_1_74' title='bbox 197 1055 288 1091; x_wconf 89' lang='lat' dir='ltr'>ens</span> <span class='ocrx_word' id='word_1_75' title='bbox 329 1055 359 1091; x_wconf 93' lang='lat' dir='ltr'>a</span> <span class='ocrx_word' id='word_1_76' title='bbox 398 1055 453 1091; x_wconf 90' lang='lat' dir='ltr'>se</span> <span class='ocrx_word' id='word_1_77' title='bbox 493 1045 546 1091; x_wconf 89' lang='lat' dir='ltr'>et</span> <span class='ocrx_word' id='word_1_78' title='bbox 585 1038 933 1090; x_wconf 87' lang='lat' dir='ltr'>necessarium</span> <span class='ocrx_word' id='word_1_79' title='bbox 988 1038 1082 1090; x_wconf 91' lang='lat' dir='ltr'>sub</span> 
     </span>
     <span class='ocr_line' id='line_1_17' title="bbox 90 1111 1079 1172; baseline -0.004 -5"><span class='ocrx_word' id='word_1_80' title='bbox 90 1113 234 1167; x_wconf 88' lang='lat' dir='ltr'>nulla</span> <span class='ocrx_word' id='word_1_81' title='bbox 276 1113 568 1166; x_wconf 89' lang='lat' dir='ltr'>conditione</span> <span class='ocrx_word' id='word_1_82' title='bbox 628 1111 778 1164; x_wconf 73' lang='lat' dir='ltr'>aliter</span> <span class='ocrx_word' id='word_1_83' title='bbox 836 1113 1079 1172; x_wconf 76' lang='lat' dir='ltr'>existere,</span> 
     </span>
     <span class='ocr_line' id='line_1_18' title="bbox 91 1188 1083 1255; baseline -0.006 -14"><span class='ocrx_word' id='word_1_84' title='bbox 91 1204 179 1241; x_wconf 88' lang='lat' dir='ltr'>seu</span> <span class='ocrx_word' id='word_1_85' title='bbox 210 1188 398 1240; x_wconf 89' lang='lat' dir='ltr'>mutari</span> <span class='ocrx_word' id='word_1_86' title='bbox 429 1192 623 1255; x_wconf 87' lang='lat' dir='ltr'>potest:</span> <span class='ocrx_word' id='word_1_87' title='bbox 667 1202 789 1253; x_wconf 79' lang='lat' dir='ltr'>ergo</span> <span class='ocrx_word' id='word_1_88' title='bbox 812 1190 967 1237; x_wconf 89' lang='lat' dir='ltr'>etiam</span> <span class='ocrx_word' id='word_1_89' title='bbox 995 1201 1083 1236; x_wconf 85' lang='lat' dir='ltr'>au-</span> 
     </span>
     <span class='ocr_line' id='line_1_19' title="bbox 91 1258 1083 1343; baseline -0.004 -28.992"><span class='ocrx_word' id='word_1_90' title='bbox 91 1263 200 1330; x_wconf 84' lang='lat' dir='ltr'>geri</span> <span class='ocrx_word' id='word_1_91' title='bbox 244 1277 342 1314; x_wconf 91' lang='lat' dir='ltr'>non</span> <span class='ocrx_word' id='word_1_92' title='bbox 369 1267 553 1343; x_wconf 75' lang='lat' dir='ltr'>potest,</span> <span class='ocrx_word' id='word_1_93' title='bbox 597 1275 658 1313; x_wconf 90' lang='lat' dir='ltr'>ac</span> <span class='ocrx_word' id='word_1_94' title='bbox 691 1261 804 1312; x_wconf 89' lang='lat' dir='ltr'>ideo</span> <span class='ocrx_word' id='word_1_95' title='bbox 828 1258 1083 1311; x_wconf 89' lang='lat' dir='ltr'>infinitum</span> 
     </span>
     <span class='ocr_line' id='line_1_20' title="bbox 94 1334 1087 1404; baseline -0.003 -16"><span class='ocrx_word' id='word_1_96' title='bbox 94 1336 160 1389; x_wconf 86' lang='lat' dir='ltr'>sit</span> <span class='ocrx_word' id='word_1_97' title='bbox 199 1342 419 1404; x_wconf 81' lang='lat' dir='ltr'>oportet,</span> <span class='ocrx_word' id='word_1_98' title='bbox 465 1336 583 1403; x_wconf 89' lang='lat' dir='ltr'>quia</span> <span class='ocrx_word' id='word_1_99' title='bbox 624 1350 715 1387; x_wconf 90' lang='lat' dir='ltr'>ens</span> <span class='ocrx_word' id='word_1_100' title='bbox 766 1334 968 1386; x_wconf 88' lang='lat' dir='ltr'>finitum</span> <span class='ocrx_word' id='word_1_101' title='bbox 1010 1335 1087 1385; x_wconf 88' lang='lat' dir='ltr'>in·</span> 
     </span>
     <span class='ocr_line' id='line_1_21' title="bbox 92 1406 1084 1477; baseline -0.003 -15"><span class='ocrx_word' id='word_1_102' title='bbox 92 1411 343 1462; x_wconf 84' lang='lat' dir='ltr'>crementi</span> <span class='ocrx_word' id='word_1_103' title='bbox 385 1425 550 1477; x_wconf 82' lang='lat' dir='ltr'>capax</span> <span class='ocrx_word' id='word_1_104' title='bbox 578 1415 674 1461; x_wconf 90' lang='lat' dir='ltr'>est.</span> <span class='ocrx_word' id='word_1_105' title='bbox 720 1406 796 1477; x_wconf 87' lang='lat' dir='ltr'>b.)</span> <span class='ocrx_word' id='word_1_106' title='bbox 825 1407 976 1461; x_wconf 85' lang='lat' dir='ltr'>quta</span> <span class='ocrx_word' id='word_1_107' title='bbox 1002 1423 1084 1460; x_wconf 86' lang='lat' dir='ltr'>ar-</span> 
     </span>
     <span class='ocr_line' id='line_1_22' title="bbox 95 1481 1087 1552; baseline -0.004 -16"><span class='ocrx_word' id='word_1_108' title='bbox 95 1491 401 1551; x_wconf 82' lang='lat' dir='ltr'>gumentum</span> <span class='ocrx_word' id='word_1_109' title='bbox 452 1483 798 1550; x_wconf 83' lang='lat' dir='ltr'>ontologicum</span> <span class='ocrx_word' id='word_1_110' title='bbox 840 1481 926 1552; x_wconf 54' lang='lat' dir='ltr'>(Q)</span> <span class='ocrx_word' id='word_1_111' title='bbox 982 1482 1087 1533; x_wconf 80' lang='lat' dir='ltr'>exi-</span> 
     </span>
     <span class='ocr_line' id='line_1_23' title="bbox 97 1556 1087 1626; baseline -0.004 -16"><span class='ocrx_word' id='word_1_112' title='bbox 97 1560 185 1610; x_wconf 88' lang='lat' dir='ltr'>stit</span> <span class='ocrx_word' id='word_1_113' title='bbox 226 1574 336 1619; x_wconf 91' lang='lat' dir='ltr'>ens,</span> <span class='ocrx_word' id='word_1_114' title='bbox 380 1573 480 1626; x_wconf 84' lang='lat' dir='ltr'>quo</span> <span class='ocrx_word' id='word_1_115' title='bbox 503 1556 626 1609; x_wconf 90' lang='lat' dir='ltr'>nihil</span> <span class='ocrx_word' id='word_1_116' title='bbox 670 1559 834 1608; x_wconf 83' lang='lat' dir='ltr'>maius</span> <span class='ocrx_word' id='word_1_117' title='bbox 875 1556 1087 1623; x_wconf 81' lang='lat' dir='ltr'>cogitari</span> 
     </span>
     <span class='ocr_line' id='line_1_24' title="bbox 100 1630 1091 1700; baseline -0.003 -16"><span class='ocrx_word' id='word_1_118' title='bbox 100 1633 278 1700; x_wconf 84' lang='lat' dir='ltr'>possit:</span> <span class='ocrx_word' id='word_1_119' title='bbox 323 1632 411 1683; x_wconf 91' lang='lat' dir='ltr'>sed</span> <span class='ocrx_word' id='word_1_120' title='bbox 455 1630 544 1683; x_wconf 85' lang='lat' dir='ltr'>tali</span> <span class='ocrx_word' id='word_1_121' title='bbox 586 1632 686 1683; x_wconf 89' lang='lat' dir='ltr'>enti</span> <span class='ocrx_word' id='word_1_122' title='bbox 731 1646 909 1682; x_wconf 87' lang='lat' dir='ltr'>omnes</span> <span class='ocrx_word' id='word_1_123' title='bbox 932 1630 1091 1698; x_wconf 90' lang='lat' dir='ltr'>perfe-</span> 
     </span>
     <span class='ocr_line' id='line_1_25' title="bbox 97 1704 1090 1758; baseline -0.002 -1"><span class='ocrx_word' id='word_1_124' title='bbox 97 1707 294 1758; x_wconf 84' lang='lat' dir='ltr'>ctiones</span> <span class='ocrx_word' id='word_1_125' title='bbox 331 1705 441 1756; x_wconf 92' lang='lat' dir='ltr'>sine</span> <span class='ocrx_word' id='word_1_126' title='bbox 482 1705 682 1756; x_wconf 89' lang='lat' dir='ltr'>defectu</span> <span class='ocrx_word' id='word_1_127' title='bbox 724 1711 775 1756; x_wconf 92' lang='lat' dir='ltr'>et</span> <span class='ocrx_word' id='word_1_128' title='bbox 816 1704 976 1756; x_wconf 86' lang='lat' dir='ltr'>limite</span> <span class='ocrx_word' id='word_1_129' title='bbox 1015 1711 1090 1755; x_wconf 85' lang='lat' dir='ltr'>at-</span> 
     </span>
     <span class='ocr_line' id='line_1_26' title="bbox 98 1777 1092 1846; baseline -0.004 -14"><span class='ocrx_word' id='word_1_130' title='bbox 98 1780 253 1832; x_wconf 85' lang='lat' dir='ltr'>tribui</span> <span class='ocrx_word' id='word_1_131' title='bbox 303 1778 529 1840; x_wconf 90' lang='lat' dir='ltr'>debent,</span> <span class='ocrx_word' id='word_1_132' title='bbox 584 1779 700 1846; x_wconf 85' lang='lat' dir='ltr'>quia</span> <span class='ocrx_word' id='word_1_133' title='bbox 760 1777 889 1838; x_wconf 84' lang='lat' dir='ltr'>alias</span> <span class='ocrx_word' id='word_1_134' title='bbox 929 1778 1092 1829; x_wconf 87' lang='lat' dir='ltr'>maius</span> 
     </span>
     <span class='ocr_line' id='line_1_27' title="bbox 105 1852 1092 1923; baseline -0.004 -18"><span class='ocrx_word' id='word_1_135' title='bbox 105 1853 225 1923; x_wconf 90' lang='lat' dir='ltr'>quid</span> <span class='ocrx_word' id='word_1_136' title='bbox 274 1852 487 1919; x_wconf 84' lang='lat' dir='ltr'>cogitari</span> <span class='ocrx_word' id='word_1_137' title='bbox 531 1859 731 1919; x_wconf 89' lang='lat' dir='ltr'>posset:</span> <span class='ocrx_word' id='word_1_138' title='bbox 788 1866 910 1918; x_wconf 81' lang='lat' dir='ltr'>ergo</span> <span class='ocrx_word' id='word_1_139' title='bbox 949 1853 1092 1902; x_wconf 88' lang='lat' dir='ltr'>iuxta</span> 
     </span>
     <span class='ocr_line' id='line_1_28' title="bbox 102 1925 1093 1994; baseline -0.005 -14"><span class='ocrx_word' id='word_1_140' title='bbox 102 1929 237 1980; x_wconf 89' lang='lat' dir='ltr'>idem</span> <span class='ocrx_word' id='word_1_141' title='bbox 279 1931 646 1994; x_wconf 86' lang='lat' dir='ltr'>argumentum</span> <span class='ocrx_word' id='word_1_142' title='bbox 685 1925 859 1977; x_wconf 76' lang='lat' dir='ltr'>existit</span> <span class='ocrx_word' id='word_1_143' title='bbox 888 1941 978 1978; x_wconf 88' lang='lat' dir='ltr'>ens</span> <span class='ocrx_word' id='word_1_144' title='bbox 1019 1925 1093 1975; x_wconf 90' lang='lat' dir='ltr'>in-</span> 
     </span>
     <span class='ocr_line' id='line_1_29' title="bbox 107 1998 1086 2069; baseline -0.005 -15"><span class='ocrx_word' id='word_1_145' title='bbox 107 2002 253 2054; x_wconf 88' lang='lat' dir='ltr'>finite</span> <span class='ocrx_word' id='word_1_146' title='bbox 293 2001 598 2069; x_wconf 85' lang='lat' dir='ltr'>perfectum,</span> <span class='ocrx_word' id='word_1_147' title='bbox 641 2000 774 2068; x_wconf 90' lang='lat' dir='ltr'>quod</span> <span class='ocrx_word' id='word_1_148' title='bbox 816 2006 893 2052; x_wconf 88' lang='lat' dir='ltr'>est</span> <span class='ocrx_word' id='word_1_149' title='bbox 934 1998 1086 2050; x_wconf 90' lang='lat' dir='ltr'>Deus.</span> 
     </span>
     <span class='ocr_line' id='line_1_30' title="bbox 104 2073 1094 2146; baseline -0.004 -18"><span class='ocrx_word' id='word_1_150' title='bbox 104 2074 178 2146; x_wconf 90' lang='lat' dir='ltr'>c.)</span> <span class='ocrx_word' id='word_1_151' title='bbox 202 2075 280 2128; x_wconf 80' lang='lat' dir='ltr'>Ex</span> <span class='ocrx_word' id='word_1_152' title='bbox 308 2080 616 2141; x_wconf 83' lang='lat' dir='ltr'>argumento</span> <span class='ocrx_word' id='word_1_153' title='bbox 644 2073 982 2141; x_wconf 83' lang='lat' dir='ltr'>cosmologico</span> <span class='ocrx_word' id='word_1_154' title='bbox 1014 2089 1094 2140; x_wconf 87' lang='lat' dir='ltr'>pa-</span> 
     </span>
     <span class='ocr_line' id='line_1_31' title="bbox 105 2144 1095 2210; baseline -0.004 -8"><span class='ocrx_word' id='word_1_155' title='bbox 105 2157 201 2210; x_wconf 87' lang='lat' dir='ltr'>tet,</span> <span class='ocrx_word' id='word_1_156' title='bbox 244 2148 349 2207; x_wconf 86' lang='lat' dir='ltr'>Ens</span> <span class='ocrx_word' id='word_1_157' title='bbox 388 2166 418 2201; x_wconf 88' lang='lat' dir='ltr'>a</span> <span class='ocrx_word' id='word_1_158' title='bbox 458 2164 511 2201; x_wconf 90' lang='lat' dir='ltr'>se</span> <span class='ocrx_word' id='word_1_159' title='bbox 534 2164 646 2201; x_wconf 88' lang='lat' dir='ltr'>esse</span> <span class='ocrx_word' id='word_1_160' title='bbox 686 2148 937 2200; x_wconf 89' lang='lat' dir='ltr'>rationem</span> <span class='ocrx_word' id='word_1_161' title='bbox 960 2144 1095 2199; x_wconf 84' lang='lat' dir='ltr'>suffi-</span> 
     </span>
     <span class='ocr_line' id='line_1_32' title="bbox 105 2223 1097 2291; baseline -0.002 -16"><span class='ocrx_word' id='word_1_162' title='bbox 105 2226 348 2283; x_wconf 79' lang='lat' dir='ltr'>cientem,</span> <span class='ocrx_word' id='word_1_163' title='bbox 404 2238 495 2275; x_wconf 89' lang='lat' dir='ltr'>seu</span> <span class='ocrx_word' id='word_1_164' title='bbox 537 2223 753 2291; x_wconf 88' lang='lat' dir='ltr'>primam</span> <span class='ocrx_word' id='word_1_165' title='bbox 796 2237 1004 2274; x_wconf 86' lang='lat' dir='ltr'>causam</span> <span class='ocrx_word' id='word_1_166' title='bbox 1046 2238 1097 2273; x_wconf 94' lang='lat' dir='ltr'>o-</span> 
     </span>
     <span class='ocr_line' id='line_1_33' title="bbox 105 2296 1097 2364; baseline -0.003 -15"><span class='ocrx_word' id='word_1_167' title='bbox 105 2298 303 2350; x_wconf 90' lang='lat' dir='ltr'>mnium</span> <span class='ocrx_word' id='word_1_168' title='bbox 332 2312 526 2358; x_wconf 91' lang='lat' dir='ltr'>rerum,</span> <span class='ocrx_word' id='word_1_169' title='bbox 571 2312 702 2364; x_wconf 87' lang='lat' dir='ltr'>quae</span> <span class='ocrx_word' id='word_1_170' title='bbox 743 2302 891 2348; x_wconf 81' lang='lat' dir='ltr'>extra</span> <span class='ocrx_word' id='word_1_171' title='bbox 932 2296 1097 2364; x_wconf 89' lang='lat' dir='ltr'>ipsum</span> 
     </span>
     <span class='ocr_line' id='line_1_34' title="bbox 108 2368 1099 2442; baseline -0.004 -18"><span class='ocrx_word' id='word_1_172' title='bbox 108 2373 340 2424; x_wconf 84' lang='lat' dir='ltr'>existunt</span> <span class='ocrx_word' id='word_1_173' title='bbox 369 2368 472 2442; x_wconf 82' lang='lat'>(3):</span> <span class='ocrx_word' id='word_1_174' title='bbox 516 2372 604 2423; x_wconf 87' lang='lat' dir='ltr'>sed</span> <span class='ocrx_word' id='word_1_175' title='bbox 628 2369 751 2422; x_wconf 87' lang='lat' dir='ltr'>nihil</span> <span class='ocrx_word' id='word_1_176' title='bbox 796 2376 962 2437; x_wconf 89' lang='lat' dir='ltr'>potest</span> <span class='ocrx_word' id='word_1_177' title='bbox 989 2385 1099 2421; x_wconf 91' lang='lat' dir='ltr'>esse</span> 
     </span>
     <span class='ocr_line' id='line_1_35' title="bbox 107 2444 1096 2514; baseline -0.004 -16"><span class='ocrx_word' id='word_1_178' title='bbox 107 2449 157 2499; x_wconf 91' lang='lat' dir='ltr'>in</span> <span class='ocrx_word' id='word_1_179' title='bbox 201 2445 406 2507; x_wconf 87' lang='lat' dir='ltr'>eflectu,</span> <span class='ocrx_word' id='word_1_180' title='bbox 451 2445 585 2514; x_wconf 89' lang='lat' dir='ltr'>quod</span> <span class='ocrx_word' id='word_1_181' title='bbox 619 2460 719 2496; x_wconf 92' lang='lat' dir='ltr'>non</span> <span class='ocrx_word' id='word_1_182' title='bbox 762 2444 898 2496; x_wconf 89' lang='lat' dir='ltr'>sitin</span> <span class='ocrx_word' id='word_1_183' title='bbox 922 2459 1096 2503; x_wconf 86' lang='lat' dir='ltr'>causa,</span> 
     </span>
     <span class='ocr_line' id='line_1_36' title="bbox 112 2517 1102 2588; baseline -0.004 -16"><span class='ocrx_word' id='word_1_184' title='bbox 112 2527 164 2573; x_wconf 93' lang='lat' dir='ltr'>et</span> <span class='ocrx_word' id='word_1_185' title='bbox 203 2534 354 2572; x_wconf 88' lang='lat' dir='ltr'>nemo</span> <span class='ocrx_word' id='word_1_186' title='bbox 395 2526 562 2588; x_wconf 90' lang='lat' dir='ltr'>potest</span> <span class='ocrx_word' id='word_1_187' title='bbox 612 2518 772 2577; x_wconf 85' lang='lat' dir='ltr'>dare,</span> <span class='ocrx_word' id='word_1_188' title='bbox 828 2517 961 2586; x_wconf 91' lang='lat' dir='ltr'>quod</span> <span class='ocrx_word' id='word_1_189' title='bbox 1003 2533 1102 2569; x_wconf 90' lang='lat' dir='ltr'>non</span> 
     </span>
     <span class='ocr_line' id='line_1_37' title="bbox 114 2592 1101 2661; baseline -0.005 -15"><span class='ocrx_word' id='word_1_190' title='bbox 114 2593 297 2646; x_wconf 86' lang='lat' dir='ltr'>habet:</span> <span class='ocrx_word' id='word_1_191' title='bbox 349 2592 488 2646; x_wconf 89' lang='lat' dir='ltr'>Deus</span> <span class='ocrx_word' id='word_1_192' title='bbox 540 2594 733 2661; x_wconf 88' lang='lat' dir='ltr'>itaque,</span> <span class='ocrx_word' id='word_1_193' title='bbox 778 2599 835 2644; x_wconf 92' lang='lat' dir='ltr'>ut</span> <span class='ocrx_word' id='word_1_194' title='bbox 873 2592 1101 2644; x_wconf 87' lang='lat' dir='ltr'>omniu-m</span> 
     </span>
     <span class='ocr_line' id='line_1_38' title="bbox 114 2668 1105 2735; baseline -0.005 -15"><span class='ocrx_word' id='word_1_195' title='bbox 114 2683 288 2720; x_wconf 90' lang='lat' dir='ltr'>rerum</span> <span class='ocrx_word' id='word_1_196' title='bbox 324 2683 478 2719; x_wconf 88' lang='lat' dir='ltr'>causa</span> <span class='ocrx_word' id='word_1_197' title='bbox 520 2668 704 2735; x_wconf 88' lang='lat' dir='ltr'>prima,</span> <span class='ocrx_word' id='word_1_198' title='bbox 748 2682 928 2718; x_wconf 89' lang='lat' dir='ltr'>omnes</span> <span class='ocrx_word' id='word_1_199' title='bbox 950 2668 1105 2718; x_wconf 88' lang='lat' dir='ltr'>etiam</span> 
     </span>
     <span class='ocr_line' id='line_1_39' title="bbox 114 2739 1108 2810; baseline -0.003 -17"><span class='ocrx_word' id='word_1_200' title='bbox 114 2742 344 2794; x_wconf 89' lang='lat' dir='ltr'>continet</span> <span class='ocrx_word' id='word_1_201' title='bbox 366 2741 719 2808; x_wconf 82' lang='lat' dir='ltr'>perfectiones.</span> <span class='ocrx_word' id='word_1_202' title='bbox 754 2739 830 2810; x_wconf 93' lang='lat' dir='ltr'>d.)</span> <span class='ocrx_word' id='word_1_203' title='bbox 851 2739 896 2792; x_wconf 90' lang='lat' dir='ltr'>A</span> <span class='ocrx_word' id='word_1_204' title='bbox 935 2755 1108 2792; x_wconf 83' lang='lat' dir='ltr'>reeen-</span> 
     </span>
     <span class='ocr_line' id='line_1_40' title="bbox 122 2814 1103 2882; baseline -0.002 -15"><span class='ocrx_word' id='word_1_205' title='bbox 122 2815 339 2867; x_wconf 90' lang='lat' dir='ltr'>tioribus</span> <span class='ocrx_word' id='word_1_206' title='bbox 358 2814 675 2882; x_wconf 89' lang='lat' dir='ltr'>Philosophis</span> <span class='ocrx_word' id='word_1_207' title='bbox 691 2820 829 2866; x_wconf 88' lang='lat' dir='ltr'>recte</span> <span class='ocrx_word' id='word_1_208' title='bbox 844 2814 982 2867; x_wconf 91' lang='lat' dir='ltr'>Deus</span> <span class='ocrx_word' id='word_1_209' title='bbox 992 2829 1103 2874; x_wconf 90' lang='lat' dir='ltr'>ens</span> 
     </span>
     <span class='ocr_line' id='line_1_41' title="bbox 119 2887 1103 2956; baseline -0.001 -16"><span class='ocrx_word' id='word_1_210' title='bbox 119 2904 209 2941; x_wconf 88' lang='lat' dir='ltr'>seu</span> <span class='ocrx_word' id='word_1_211' title='bbox 250 2887 375 2940; x_wconf 90' lang='lat' dir='ltr'>Esse</span> <span class='ocrx_word' id='word_1_212' title='bbox 413 2888 708 2940; x_wconf 76' lang='lat' dir='ltr'>absolutum</span> <span class='ocrx_word' id='word_1_213' title='bbox 747 2894 1103 2956; x_wconf 87' lang='lat' dir='ltr'>nuncupatur:</span> 
     </span>
     <span class='ocr_line' id='line_1_42' title="bbox 119 2961 1109 3029; baseline -0.001 -14"><span class='ocrx_word' id='word_1_214' title='bbox 119 2969 200 3016; x_wconf 88' lang='lat' dir='ltr'>ast</span> <span class='ocrx_word' id='word_1_215' title='bbox 227 2961 353 3014; x_wconf 90' lang='lat' dir='ltr'>Esse</span> <span class='ocrx_word' id='word_1_216' title='bbox 379 2961 673 3014; x_wconf 87' lang='lat' dir='ltr'>absolutum</span> <span class='ocrx_word' id='word_1_217' title='bbox 697 2977 723 3012; x_wconf 94' lang='lat' dir='ltr'>e</span> <span class='ocrx_word' id='word_1_218' title='bbox 747 2961 995 3013; x_wconf 88' lang='lat' dir='ltr'>diametro</span> <span class='ocrx_word' id='word_1_219' title='bbox 1023 2978 1109 3029; x_wconf 89' lang='lat' dir='ltr'>op—</span> 
     </span>
     <span class='ocr_line' id='line_1_43' title="bbox 120 3034 1112 3105; baseline -0.002 -16"><span class='ocrx_word' id='word_1_220' title='bbox 120 3037 328 3105; x_wconf 89' lang='lat' dir='ltr'>ponitur</span> <span class='ocrx_word' id='word_1_221' title='bbox 365 3035 598 3088; x_wconf 92' lang='lat' dir='ltr'>absoluto</span> <span class='ocrx_word' id='word_1_222' title='bbox 627 3034 810 3087; x_wconf 81' lang='lat' dir='ltr'>nihilo:</span> <span class='ocrx_word' id='word_1_223' title='bbox 838 3036 969 3086; x_wconf 91' lang='lat' dir='ltr'>sicut</span> <span class='ocrx_word' id='word_1_224' title='bbox 990 3051 1112 3101; x_wconf 83' lang='lat' dir='ltr'>ergo</span> 
     </span>
     <span class='ocr_line' id='line_1_44' title="bbox 123 3108 1113 3177; baseline -0.002 -14"><span class='ocrx_word' id='word_1_225' title='bbox 123 3109 186 3162; x_wconf 87' lang='lat' dir='ltr'>de</span> <span class='ocrx_word' id='word_1_226' title='bbox 209 3109 307 3162; x_wconf 89' lang='lat' dir='ltr'>hoc</span> <span class='ocrx_word' id='word_1_227' title='bbox 328 3109 497 3161; x_wconf 91' lang='lat' dir='ltr'>omnia</span> <span class='ocrx_word' id='word_1_228' title='bbox 520 3115 798 3177; x_wconf 84' lang='lat' dir='ltr'>negantur,</span> <span class='ocrx_word' id='word_1_229' title='bbox 841 3109 913 3160; x_wconf 89' lang='lat' dir='ltr'>sic</span> <span class='ocrx_word' id='word_1_230' title='bbox 935 3108 996 3160; x_wconf 90' lang='lat' dir='ltr'>de</span> <span class='ocrx_word' id='word_1_231' title='bbox 1025 3109 1113 3161; x_wconf 90' lang='lat' dir='ltr'>illo</span> 
     </span>
     <span class='ocr_line' id='line_1_45' title="bbox 123 3181 1113 3236; baseline -0.002 0"><span class='ocrx_word' id='word_1_232' title='bbox 123 3185 293 3236; x_wconf 88' lang='lat' dir='ltr'>omnia</span> <span class='ocrx_word' id='word_1_233' title='bbox 316 3181 637 3235; x_wconf 87' lang='lat' dir='ltr'>affirmentur</span> <span class='ocrx_word' id='word_1_234' title='bbox 658 3198 868 3235; x_wconf 85' lang='lat' dir='ltr'>necesse</span> <span class='ocrx_word' id='word_1_235' title='bbox 891 3189 986 3234; x_wconf 87' lang='lat' dir='ltr'>est.</span> <span class='ocrx_word' id='word_1_236' title='bbox 1014 3181 1113 3234; x_wconf 88' lang='lat' dir='ltr'>Sed</span> 
     </span>
    </p>
   </div>
   <div class='ocr_carea' id='block_1_5' title="bbox 129 3331 1112 3472">
    <p class='ocr_par' dir='ltr' id='par_1_6' title="bbox 129 3331 1111 3472">
     <span class='ocr_line' id='line_1_46' title="bbox 129 3331 1111 3400; baseline -0.002 -16"><span class='ocrx_word' id='word_1_237' title='bbox 129 3331 262 3400; x_wconf 88' lang='lat' dir='ltr'>quod</span> <span class='ocrx_word' id='word_1_238' title='bbox 291 3332 430 3383; x_wconf 90' lang='lat' dir='ltr'>omni</span> <span class='ocrx_word' id='word_1_239' title='bbox 459 3331 770 3399; x_wconf 87' lang='lat' dir='ltr'>perfectione</span> <span class='ocrx_word' id='word_1_240' title='bbox 809 3331 879 3383; x_wconf 89' lang='lat' dir='ltr'>ita</span> <span class='ocrx_word' id='word_1_241' title='bbox 919 3336 1111 3391; x_wconf 86' lang='lat' dir='ltr'>careat,</span> 
     </span>
     <span class='ocr_line' id='line_1_47' title="bbox 130 3404 1112 3472; baseline -0.002 -15"><span class='ocrx_word' id='word_1_242' title='bbox 130 3411 190 3457; x_wconf 91' lang='lat' dir='ltr'>ut</span> <span class='ocrx_word' id='word_1_243' title='bbox 225 3419 323 3457; x_wconf 90' lang='lat' dir='ltr'>nec</span> <span class='ocrx_word' id='word_1_244' title='bbox 362 3405 632 3459; x_wconf 88' lang='lat' dir='ltr'>minimum</span> <span class='ocrx_word' id='word_1_245' title='bbox 673 3406 718 3457; x_wconf 91' lang='lat' dir='ltr'>ei</span> <span class='ocrx_word' id='word_1_246' title='bbox 759 3404 894 3457; x_wconf 90' lang='lat' dir='ltr'>demi</span> <span class='ocrx_word' id='word_1_247' title='bbox 935 3404 1112 3472; x_wconf 90' lang='lat' dir='ltr'>possit·</span> 
     </span>
    </p>
   </div>
   <div class='ocr_carea' id='block_1_6' title="bbox 175 3493 1116 3551">
    <p class='ocr_par' dir='ltr' id='par_1_7' title="bbox 175 3493 1116 3551">
     <span class='ocr_line' id='line_1_48' title="bbox 175 3493 1116 3551; baseline 0.01 -11"><span class='ocrx_word' id='word_1_248' title='bbox 175 3493 228 3550; x_wconf 79' lang='grc' dir='ltr'>(ι’)</span> <span class='ocrx_word' id='word_1_249' title='bbox 250 3505 378 3543; x_wconf 71' lang='lat' dir='ltr'>matth.</span> <span class='ocrx_word' id='word_1_250' title='bbox 405 3505 438 3551; x_wconf 72' lang='lat'>⁵,</span> <span class='ocrx_word' id='word_1_251' title='bbox 463 3504 518 3543; x_wconf 76' lang='lat'>48.</span> <span class='ocrx_word' id='word_1_252' title='bbox 751 3504 806 3548; x_wconf 77' lang='lat'>(2)</span> <span class='ocrx_word' id='word_1_253' title='bbox 822 3507 888 3544; x_wconf 77' lang='lat' dir='ltr'>Th·</span> <span class='ocrx_word' id='word_1_254' title='bbox 913 3515 995 3547; x_wconf 74' lang='lat' dir='ltr'>gen·</span> <span class='ocrx_word' id='word_1_255' title='bbox 1015 3503 1039 3549; x_wconf 75' lang='grc' dir='ltr'><strong>ἓ</strong></span> <span class='ocrx_word' id='word_1_256' title='bbox 1064 3503 1116 3540; x_wconf 75' lang='lat'>32</span> 
     </span>
    </p>
   </div>
   <div class='ocr_carea' id='block_1_7' title="bbox 1071 817 1440 884">
    <p class='ocr_par' dir='ltr' id='par_1_8' title="bbox 1071 817 1440 884">
     <span class='ocr_line' id='line_1_49' title="bbox 1071 817 1440 884; baseline -0.003 -16"><span class='ocrx_word' id='word_1_257' title='bbox 1071 836 1082 846; x_wconf 94' lang='lat'><strong>·</strong></span> <span class='ocrx_word' id='word_1_258' title='bbox 1145 817 1403 884; x_wconf 89' lang='lat' dir='ltr'>pertinent</span> <span class='ocrx_word' id='word_1_259' title='bbox 1428 857 1440 877; x_wconf 93' lang='lat'>,</span> 
     </span>
    </p>
   </div>
   <div class='ocr_carea' id='block_1_8' title="bbox 1098 1783 1171 3542">
    <p class='ocr_par' dir='ltr' id='par_1_9' title="bbox 1098 1783 1171 3542">
     <span class='ocr_line' id='line_1_50' title="bbox 1098 1783 1171 3542; baseline 0 0"><span class='ocrx_word' id='word_1_260' title='bbox 1098 1783 1171 3542; x_wconf 95' lang='lat' dir='ltr'> </span> 
     </span>
    </p>
   </div>
   <div class='ocr_carea' id='block_1_9' title="bbox 1974 135 2049 188">
    <p class='ocr_par' dir='ltr' id='par_1_10' title="bbox 1974 135 2049 188">
     <span class='ocr_line' id='line_1_51' title="bbox 1974 135 2049 188; baseline -0.013 0"><span class='ocrx_word' id='word_1_261' title='bbox 1974 135 2049 188; x_wconf 76' lang='lat'>69</span> 
     </span>
    </p>
   </div>
   <div class='ocr_carea' id='block_1_10' title="bbox 1136 223 2120 368">
    <p class='ocr_par' dir='ltr' id='par_1_11' title="bbox 1136 223 2120 368">
     <span class='ocr_line' id='line_1_52' title="bbox 1136 223 2118 292; baseline 0.005 -14"><span class='ocrx_word' id='word_1_262' title='bbox 1136 240 1259 292; x_wconf 83' lang='lat' dir='ltr'>ergo</span> <span class='ocrx_word' id='word_1_263' title='bbox 1298 224 1362 278; x_wconf 89' lang='lat' dir='ltr'>de</span> <span class='ocrx_word' id='word_1_264' title='bbox 1384 223 1508 278; x_wconf 85' lang='lat' dir='ltr'>Esse</span> <span class='ocrx_word' id='word_1_265' title='bbox 1535 225 1768 280; x_wconf 87' lang='lat' dir='ltr'>absoluto</span> <span class='ocrx_word' id='word_1_266' title='bbox 1808 228 1986 282; x_wconf 89' lang='lat' dir='ltr'>eodem</span> <span class='ocrx_word' id='word_1_267' title='bbox 2008 230 2118 283; x_wconf 83' lang='lat' dir='ltr'>iure</span> 
     </span>
     <span class='ocr_line' id='line_1_53' title="bbox 1136 299 2120 368; baseline 0.005 -16"><span class='ocrx_word' id='word_1_268' title='bbox 1136 300 1403 361; x_wconf 80' lang='lat' dir='ltr'>asseritur,</span> <span class='ocrx_word' id='word_1_269' title='bbox 1428 299 1559 368; x_wconf 90' lang='lat' dir='ltr'>quod</span> <span class='ocrx_word' id='word_1_270' title='bbox 1576 299 1802 368; x_wconf 86' lang='lat' dir='ltr'>qualibet</span> <span class='ocrx_word' id='word_1_271' title='bbox 1815 303 2120 367; x_wconf 86' lang='lat' dir='ltr'>perfectione</span> 
     </span>
    </p>
   </div>
   <div class='ocr_carea' id='block_1_11' title="bbox 1137 373 2121 515">
    <p class='ocr_par' dir='ltr' id='par_1_12' title="bbox 1137 373 2121 515">
     <span class='ocr_line' id='line_1_54' title="bbox 1137 373 2121 446; baseline 0.005 -21"><span class='ocrx_word' id='word_1_272' title='bbox 1137 374 1208 426; x_wconf 90' lang='lat' dir='ltr'>ita</span> <span class='ocrx_word' id='word_1_273' title='bbox 1235 373 1482 441; x_wconf 86' lang='lat' dir='ltr'>gaudeat,</span> <span class='ocrx_word' id='word_1_274' title='bbox 1528 379 1583 425; x_wconf 75' lang='lat' dir='ltr'>ut</span> <span class='ocrx_word' id='word_1_275' title='bbox 1605 389 1700 426; x_wconf 89' lang='lat' dir='ltr'>nec</span> <span class='ocrx_word' id='word_1_276' title='bbox 1740 375 2004 428; x_wconf 85' lang='lat' dir='ltr'>minimum</span> <span class='ocrx_word' id='word_1_277' title='bbox 2028 378 2121 446; x_wconf 86' lang='lat' dir='ltr'>ipsi</span> 
     </span>
     <span class='ocr_line' id='line_1_55' title="bbox 1137 447 1465 515; baseline 0.003 -17"><span class='ocrx_word' id='word_1_278' title='bbox 1137 447 1254 499; x_wconf 90' lang='lat' dir='ltr'>addi</span> <span class='ocrx_word' id='word_1_279' title='bbox 1277 453 1465 515; x_wconf 64' lang='lat' dir='ltr'>queat:</span> 
     </span>
    </p>
   </div>
   <div class='ocr_carea' id='block_1_12' title="bbox 1142 519 2126 958">
    <p class='ocr_par' dir='ltr' id='par_1_13' title="bbox 1142 519 2126 958">
     <span class='ocr_line' id='line_1_56' title="bbox 1212 519 2122 574; baseline 0.002 -2"><span class='ocrx_word' id='word_1_280' title='bbox 1212 520 1344 572; x_wconf 89' lang='lat' dir='ltr'>Nota</span> <span class='ocrx_word' id='word_1_281' title='bbox 1385 521 1436 572; x_wconf 77' lang='lat' dir='ltr'>l.</span> <span class='ocrx_word' id='word_1_282' title='bbox 1468 519 1814 572; x_wconf 88' lang='lat' dir='ltr'>Perfectiones</span> <span class='ocrx_word' id='word_1_283' title='bbox 1837 520 1916 573; x_wconf 89' lang='lat' dir='ltr'>vel</span> <span class='ocrx_word' id='word_1_284' title='bbox 1959 522 2122 574; x_wconf 86' lang='lat' dir='ltr'>infini-</span> 
     </span>
     <span class='ocr_line' id='line_1_57' title="bbox 1142 591 2124 656; baseline 0.002 -10"><span class='ocrx_word' id='word_1_285' title='bbox 1142 601 1244 656; x_wconf 86' lang='lat' dir='ltr'>tae,</span> <span class='ocrx_word' id='word_1_286' title='bbox 1276 593 1357 646; x_wconf 92' lang='lat' dir='ltr'>vel</span> <span class='ocrx_word' id='word_1_287' title='bbox 1381 594 1555 646; x_wconf 79' lang='lat' dir='ltr'>finitae</span> <span class='ocrx_word' id='word_1_288' title='bbox 1582 600 1741 646; x_wconf 89' lang='lat' dir='ltr'>sunt:·</span> <span class='ocrx_word' id='word_1_289' title='bbox 1760 594 1879 646; x_wconf 86' lang='lat' dir='ltr'>illae</span> <span class='ocrx_word' id='word_1_290' title='bbox 1907 595 1998 647; x_wconf 87' lang='lat' dir='ltr'>soli</span> <span class='ocrx_word' id='word_1_291' title='bbox 2022 591 2124 648; x_wconf 88' lang='lat' dir='ltr'>Deo</span> 
     </span>
     <span class='ocr_line' id='line_1_58' title="bbox 1142 668 2121 736; baseline 0.002 -16"><span class='ocrx_word' id='word_1_292' title='bbox 1142 675 1458 736; x_wconf 90' lang='lat' dir='ltr'>competunt,</span> <span class='ocrx_word' id='word_1_293' title='bbox 1503 668 1632 720; x_wconf 87' lang='lat' dir='ltr'>istae</span> <span class='ocrx_word' id='word_1_294' title='bbox 1672 668 1736 720; x_wconf 90' lang='lat' dir='ltr'>ad</span> <span class='ocrx_word' id='word_1_295' title='bbox 1777 668 2003 722; x_wconf 86' lang='lat' dir='ltr'>divinam</span> <span class='ocrx_word' id='word_1_296' title='bbox 2044 685 2121 722; x_wconf 87' lang='lat' dir='ltr'>es·</span> 
     </span>
     <span class='ocr_line' id='line_1_59' title="bbox 1142 742 2125 811; baseline 0 -17"><span class='ocrx_word' id='word_1_297' title='bbox 1142 744 1380 802; x_wconf 88' lang='lat' dir='ltr'>sentiam,</span> <span class='ocrx_word' id='word_1_298' title='bbox 1412 757 1544 810; x_wconf 87' lang='lat' dir='ltr'>quae</span> <span class='ocrx_word' id='word_1_299' title='bbox 1573 742 1778 794; x_wconf 89' lang='lat' dir='ltr'>limitari</span> <span class='ocrx_word' id='word_1_300' title='bbox 1807 743 2002 811; x_wconf 87' lang='lat' dir='ltr'>nequit,</span> <span class='ocrx_word' id='word_1_301' title='bbox 2028 759 2125 795; x_wconf 91' lang='lat' dir='ltr'>non</span> 
     </span>
     <span class='ocr_line' id='line_1_60' title="bbox 1494 815 2126 868; baseline 0.003 -2"><span class='ocrx_word' id='word_1_302' title='bbox 1494 815 1581 866; x_wconf 89' lang='lat' dir='ltr'>sed</span> <span class='ocrx_word' id='word_1_303' title='bbox 1627 822 1773 868; x_wconf 86' lang='lat' dir='ltr'>extra</span> <span class='ocrx_word' id='word_1_304' title='bbox 1815 815 1978 868; x_wconf 84' lang='lat' dir='ltr'>Deum</span> <span class='ocrx_word' id='word_1_305' title='bbox 2020 817 2126 868; x_wconf 86' lang='lat' dir='ltr'>exi-</span> 
     </span>
     <span class='ocr_line' id='line_1_61' title="bbox 1144 891 2126 958; baseline 0 -16"><span class='ocrx_word' id='word_1_306' title='bbox 1144 897 1307 950; x_wconf 89' lang='lat' dir='ltr'>stunt,</span> <span class='ocrx_word' id='word_1_307' title='bbox 1352 896 1402 941; x_wconf 92' lang='lat' dir='ltr'>et</span> <span class='ocrx_word' id='word_1_308' title='bbox 1441 891 1690 942; x_wconf 85' lang='lat' dir='ltr'>creaturis</span> <span class='ocrx_word' id='word_1_309' title='bbox 1719 891 1949 958; x_wconf 82' lang='lat' dir='ltr'>propriae</span> <span class='ocrx_word' id='word_1_310' title='bbox 1988 897 2126 942; x_wconf 89' lang='lat' dir='ltr'>sunt.</span> 
     </span>
    </p>
   </div>
   <div class='ocr_carea' id='block_1_13' title="bbox 1144 963 2130 1031">
    <p class='ocr_par' dir='ltr' id='par_1_14' title="bbox 1144 963 2130 1031">
     <span class='ocr_line' id='line_1_62' title="bbox 1144 963 2130 1031; baseline -0.001 -15"><span class='ocrx_word' id='word_1_311' title='bbox 1144 963 1450 1021; x_wconf 87' lang='lat' dir='ltr'>Nullatenus</span> <span class='ocrx_word' id='word_1_312' title='bbox 1497 980 1619 1015; x_wconf 89' lang='lat' dir='ltr'>vero</span> <span class='ocrx_word' id='word_1_313' title='bbox 1683 964 1795 1016; x_wconf 92' lang='lat' dir='ltr'>ideo</span> <span class='ocrx_word' id='word_1_314' title='bbox 1837 964 2130 1031; x_wconf 84' lang='lat' dir='ltr'>perfectioni</span> 
     </span>
    </p>
   </div>
   <div class='ocr_carea' id='block_1_14' title="bbox 1145 1037 2135 1180">
    <p class='ocr_par' dir='ltr' id='par_1_15' title="bbox 1145 1037 2135 1180">
     <span class='ocr_line' id='line_1_63' title="bbox 1145 1037 2132 1106; baseline 0 -17"><span class='ocrx_word' id='word_1_315' title='bbox 1145 1038 1235 1089; x_wconf 87' lang='lat' dir='ltr'>Dei</span> <span class='ocrx_word' id='word_1_316' title='bbox 1278 1037 1508 1089; x_wconf 87' lang='lat' dir='ltr'>infinitae</span> <span class='ocrx_word' id='word_1_317' title='bbox 1548 1038 1739 1106; x_wconf 83' lang='lat' dir='ltr'>aliquid</span> <span class='ocrx_word' id='word_1_318' title='bbox 1793 1037 1972 1097; x_wconf 85' lang='lat' dir='ltr'>deest,</span> <span class='ocrx_word' id='word_1_319' title='bbox 2017 1037 2132 1106; x_wconf 85' lang='lat' dir='ltr'>quia</span> 
     </span>
     <span class='ocr_line' id='line_1_64' title="bbox 1146 1111 2135 1180; baseline -0.001 -17"><span class='ocrx_word' id='word_1_320' title='bbox 1146 1120 1293 1164; x_wconf 86' lang='lat' dir='ltr'>extra</span> <span class='ocrx_word' id='word_1_321' title='bbox 1321 1113 1488 1180; x_wconf 90' lang='lat' dir='ltr'>ipsum</span> <span class='ocrx_word' id='word_1_322' title='bbox 1519 1111 1856 1178; x_wconf 83' lang='lat' dir='ltr'>perfectiones</span> <span class='ocrx_word' id='word_1_323' title='bbox 1881 1111 2056 1163; x_wconf 81' lang='lat' dir='ltr'>finitae</span> <span class='ocrx_word' id='word_1_324' title='bbox 2084 1117 2135 1163; x_wconf 89' lang='lat' dir='ltr'>et</span> 
     </span>
    </p>
   </div>
   <div class='ocr_carea' id='block_1_15' title="bbox 1146 1185 2134 1253">
    <p class='ocr_par' dir='ltr' id='par_1_16' title="bbox 1146 1185 2134 1253">
     <span class='ocr_line' id='line_1_65' title="bbox 1146 1185 2134 1253; baseline -0.002 -15"><span class='ocrx_word' id='word_1_325' title='bbox 1146 1193 1350 1238; x_wconf 82' lang='lat' dir='ltr'>creatae</span> <span class='ocrx_word' id='word_1_326' title='bbox 1379 1186 1585 1237; x_wconf 84' lang='lat' dir='ltr'>dantur.</span> <span class='ocrx_word' id='word_1_327' title='bbox 1631 1185 1764 1237; x_wconf 83' lang='lat' dir='ltr'>Istae</span> <span class='ocrx_word' id='word_1_328' title='bbox 1792 1186 1930 1237; x_wconf 90' lang='lat' dir='ltr'>enim</span> <span class='ocrx_word' id='word_1_329' title='bbox 1970 1185 2134 1253; x_wconf 87' lang='lat' dir='ltr'>perfe-</span> 
     </span>
    </p>
   </div>
   <div class='ocr_carea' id='block_1_16' title="bbox 1148 1259 2153 2730">
    <p class='ocr_par' dir='ltr' id='par_1_17' title="bbox 1148 1259 2153 2730">
     <span class='ocr_line' id='line_1_66' title="bbox 1148 1259 2137 1312; baseline -0.001 -1"><span class='ocrx_word' id='word_1_330' title='bbox 1148 1261 1343 1312; x_wconf 90' lang='lat' dir='ltr'>ctiones</span> <span class='ocrx_word' id='word_1_331' title='bbox 1370 1261 1419 1310; x_wconf 90' lang='lat' dir='ltr'>in</span> <span class='ocrx_word' id='word_1_332' title='bbox 1449 1259 1553 1310; x_wconf 91' lang='lat' dir='ltr'>Deo</span> <span class='ocrx_word' id='word_1_333' title='bbox 1582 1259 1849 1310; x_wconf 74' lang='lat' dir='ltr'>eminenter</span> <span class='ocrx_word' id='word_1_334' title='bbox 1877 1265 1928 1312; x_wconf 87' lang='lat' dir='ltr'>ct</span> <span class='ocrx_word' id='word_1_335' title='bbox 1955 1259 2137 1312; x_wconf 71' lang='lat' dir='ltr'>virtua-</span> 
     </span>
     <span class='ocr_line' id='line_1_67' title="bbox 1149 1332 2133 1401; baseline -0.003 -15"><span class='ocrx_word' id='word_1_336' title='bbox 1149 1334 1259 1386; x_wconf 79' lang='lat' dir='ltr'>liter</span> <span class='ocrx_word' id='word_1_337' title='bbox 1286 1335 1634 1386; x_wconf 86' lang='lat' dir='ltr'>continentur.</span> <span class='ocrx_word' id='word_1_338' title='bbox 1680 1332 1744 1385; x_wconf 87' lang='lat' dir='ltr'>Et</span> <span class='ocrx_word' id='word_1_339' title='bbox 1782 1349 1926 1394; x_wconf 87' lang='lat' dir='ltr'>sane,</span> <span class='ocrx_word' id='word_1_340' title='bbox 1977 1348 2133 1401; x_wconf 87' lang='lat' dir='ltr'>quae-</span> 
     </span>
     <span class='ocr_line' id='line_1_68' title="bbox 1150 1407 2138 1476; baseline -0.001 -17"><span class='ocrx_word' id='word_1_341' title='bbox 1150 1408 1272 1460; x_wconf 89' lang='lat' dir='ltr'>lihet</span> <span class='ocrx_word' id='word_1_342' title='bbox 1314 1407 1557 1476; x_wconf 86' lang='lat' dir='ltr'>perfectio</span> <span class='ocrx_word' id='word_1_343' title='bbox 1604 1423 1735 1476; x_wconf 89' lang='lat' dir='ltr'>quae</span> <span class='ocrx_word' id='word_1_344' title='bbox 1787 1408 1837 1459; x_wconf 90' lang='lat' dir='ltr'>in</span> <span class='ocrx_word' id='word_1_345' title='bbox 1888 1407 2138 1459; x_wconf 88' lang='lat' dir='ltr'>creaturis</span> 
     </span>
     <span class='ocr_line' id='line_1_69' title="bbox 1150 1479 2136 1549; baseline -0.003 -16"><span class='ocrx_word' id='word_1_346' title='bbox 1150 1482 1481 1549; x_wconf 88' lang='lat' dir='ltr'>conspicitur,</span> <span class='ocrx_word' id='word_1_347' title='bbox 1526 1480 1702 1533; x_wconf 91' lang='lat' dir='ltr'>Deoin</span> <span class='ocrx_word' id='word_1_348' title='bbox 1733 1496 1933 1534; x_wconf 89' lang='lat' dir='ltr'>summo</span> <span class='ocrx_word' id='word_1_349' title='bbox 1974 1479 2136 1548; x_wconf 82' lang='lat' dir='ltr'>gradu</span> 
     </span>
     <span class='ocr_line' id='line_1_70' title="bbox 1151 1555 2138 1618; baseline -0.004 -10"><span class='ocrx_word' id='word_1_350' title='bbox 1151 1563 1202 1608; x_wconf 89' lang='lat' dir='ltr'>et</span> <span class='ocrx_word' id='word_1_351' title='bbox 1242 1555 1440 1609; x_wconf 87' lang='lat' dir='ltr'>infinito</span> <span class='ocrx_word' id='word_1_352' title='bbox 1470 1555 1617 1607; x_wconf 90' lang='lat' dir='ltr'>modo</span> <span class='ocrx_word' id='word_1_353' title='bbox 1659 1556 1810 1618; x_wconf 84' lang='lat' dir='ltr'>inest3</span> <span class='ocrx_word' id='word_1_354' title='bbox 1856 1570 1974 1607; x_wconf 85' lang='lat' dir='ltr'>nam</span> <span class='ocrx_word' id='word_1_355' title='bbox 2017 1556 2055 1605; x_wconf 86' lang='lat' dir='ltr'>si</span> <span class='ocrx_word' id='word_1_356' title='bbox 2088 1555 2138 1606; x_wconf 90' lang='lat' dir='ltr'>in</span> 
     </span>
     <span class='ocr_line' id='line_1_71' title="bbox 1152 1626 2140 1689; baseline -0.004 -7"><span class='ocrx_word' id='word_1_357' title='bbox 1152 1632 1401 1682; x_wconf 83' lang='lat' dir='ltr'>creaturis</span> <span class='ocrx_word' id='word_1_358' title='bbox 1422 1629 1737 1681; x_wconf 86' lang='lat' dir='ltr'>admiramur</span> <span class='ocrx_word' id='word_1_359' title='bbox 1764 1637 1807 1678; x_wconf 74' lang='grc' dir='ltr'><em>τὸ</em></span> <span class='ocrx_word' id='word_1_360' title='bbox 1824 1628 1968 1689; x_wconf 87' lang='lat' dir='ltr'>Esse,</span> <span class='ocrx_word' id='word_1_361' title='bbox 1988 1628 2034 1678; x_wconf 80' lang='grc' dir='ltr'>τὸ</span> <span class='ocrx_word' id='word_1_362' title='bbox 2056 1626 2140 1681; x_wconf 86' lang='lat' dir='ltr'>Vi-</span> 
     </span>
     <span class='ocr_line' id='line_1_72' title="bbox 1154 1702 2135 1771; baseline 0 -18"><span class='ocrx_word' id='word_1_363' title='bbox 1154 1719 1294 1765; x_wconf 88' lang='lat' dir='ltr'>vere,</span> <span class='ocrx_word' id='word_1_364' title='bbox 1316 1706 1363 1754; x_wconf 77' lang='grc' dir='ltr'><em>τὸ</em></span> <span class='ocrx_word' id='word_1_365' title='bbox 1387 1702 1608 1764; x_wconf 80' lang='lat' dir='ltr'>Semire,</span> <span class='ocrx_word' id='word_1_366' title='bbox 1624 1702 1671 1754; x_wconf 78' lang='grc' dir='ltr'>τὸ</span> <span class='ocrx_word' id='word_1_367' title='bbox 1694 1702 1986 1771; x_wconf 77' lang='lat' dir='ltr'>Intelligere</span> <span class='ocrx_word' id='word_1_368' title='bbox 2008 1707 2135 1763; x_wconf 88' lang='lat' dir='ltr'>etc.,</span> 
     </span>
     <span class='ocr_line' id='line_1_73' title="bbox 1155 1776 2142 1844; baseline -0.003 -15"><span class='ocrx_word' id='word_1_369' title='bbox 1155 1778 1292 1829; x_wconf 89' lang='lat' dir='ltr'>Deus</span> <span class='ocrx_word' id='word_1_370' title='bbox 1313 1784 1389 1828; x_wconf 90' lang='lat' dir='ltr'>est</span> <span class='ocrx_word' id='word_1_371' title='bbox 1412 1778 1575 1844; x_wconf 89' lang='lat' dir='ltr'>ipsum</span> <span class='ocrx_word' id='word_1_372' title='bbox 1599 1776 1724 1828; x_wconf 86' lang='lat' dir='ltr'>Esse</span> <span class='ocrx_word' id='word_1_373' title='bbox 1752 1777 2064 1836; x_wconf 85' lang='lat' dir='ltr'>absolutum,</span> <span class='ocrx_word' id='word_1_374' title='bbox 2091 1782 2142 1826; x_wconf 91' lang='lat' dir='ltr'>et</span> 
     </span>
     <span class='ocr_line' id='line_1_74' title="bbox 1156 1848 2142 1910; baseline -0.002 -8"><span class='ocrx_word' id='word_1_375' title='bbox 1156 1851 1311 1903; x_wconf 88' lang='lat' dir='ltr'>habet</span> <span class='ocrx_word' id='word_1_376' title='bbox 1339 1851 1497 1902; x_wconf 87' lang='lat' dir='ltr'>vitam</span> <span class='ocrx_word' id='word_1_377' title='bbox 1540 1848 1946 1902; x_wconf 85' lang='lat' dir='ltr'>efficacissimam</span> <span class='ocrx_word' id='word_1_378' title='bbox 1971 1890 1982 1910; x_wconf 94' lang='lat'>,</span> <span class='ocrx_word' id='word_1_379' title='bbox 2026 1865 2142 1901; x_wconf 89' lang='lat' dir='ltr'>sen-</span> 
     </span>
     <span class='ocr_line' id='line_1_75' title="bbox 1158 1923 2142 1992; baseline -0.003 -16"><span class='ocrx_word' id='word_1_380' title='bbox 1158 1926 1252 1976; x_wconf 90' lang='lat' dir='ltr'>tire</span> <span class='ocrx_word' id='word_1_381' title='bbox 1282 1924 1732 1992; x_wconf 86' lang='lat' dir='ltr'>perfectissimum,</span> <span class='ocrx_word' id='word_1_382' title='bbox 1758 1923 2045 1990; x_wconf 80' lang='lat' dir='ltr'>intelligere</span> <span class='ocrx_word' id='word_1_383' title='bbox 2071 1923 2142 1973; x_wconf 92' lang='lat' dir='ltr'>in-</span> 
     </span>
     <span class='ocr_line' id='line_1_76' title="bbox 1156 1997 2145 2064; baseline -0.001 -14"><span class='ocrx_word' id='word_1_384' title='bbox 1156 1998 1358 2050; x_wconf 86' lang='lat' dir='ltr'>finitum</span> <span class='ocrx_word' id='word_1_385' title='bbox 1388 2004 1526 2050; x_wconf 90' lang='lat' dir='ltr'>etc.:</span> <span class='ocrx_word' id='word_1_386' title='bbox 1565 2004 1616 2049; x_wconf 93' lang='lat' dir='ltr'>et</span> <span class='ocrx_word' id='word_1_387' title='bbox 1656 1998 1728 2049; x_wconf 88' lang='lat' dir='ltr'>sic</span> <span class='ocrx_word' id='word_1_388' title='bbox 1768 1997 2007 2049; x_wconf 89' lang='lat' dir='ltr'>omniain</span> <span class='ocrx_word' id='word_1_389' title='bbox 2039 1997 2145 2064; x_wconf 88' lang='lat' dir='ltr'>ipso</span> 
     </span>
     <span class='ocr_line' id='line_1_77' title="bbox 1157 2070 2143 2138; baseline -0.002 -14"><span class='ocrx_word' id='word_1_390' title='bbox 1157 2073 1424 2124; x_wconf 66' lang='lat' dir='ltr'>eminenter</span> <span class='ocrx_word' id='word_1_391' title='bbox 1465 2072 1815 2125; x_wconf 84' lang='lat' dir='ltr'>continentur.</span> <span class='ocrx_word' id='word_1_392' title='bbox 1850 2070 1955 2122; x_wconf 91' lang='lat' dir='ltr'>lmo</span> <span class='ocrx_word' id='word_1_393' title='bbox 1979 2070 2143 2138; x_wconf 88' lang='lat' dir='ltr'>perfe-</span> 
     </span>
     <span class='ocr_line' id='line_1_78' title="bbox 1159 2148 2143 2212; baseline -0.002 -14"><span class='ocrx_word' id='word_1_394' title='bbox 1159 2148 1353 2198; x_wconf 87' lang='lat' dir='ltr'>ctiones</span> <span class='ocrx_word' id='word_1_395' title='bbox 1394 2151 1769 2204; x_wconf 87' lang='lat' dir='ltr'>creaturarum,</span> <span class='ocrx_word' id='word_1_396' title='bbox 1815 2152 1964 2212; x_wconf 89' lang='lat' dir='ltr'>prout</span> <span class='ocrx_word' id='word_1_397' title='bbox 2005 2151 2143 2204; x_wconf 88' lang='lat' dir='ltr'>sunt,</span> 
     </span>
     <span class='ocr_line' id='line_1_79' title="bbox 1161 2217 2144 2278; baseline -0.004 -6"><span class='ocrx_word' id='word_1_398' title='bbox 1161 2221 1325 2273; x_wconf 87' lang='lat' dir='ltr'>factae</span> <span class='ocrx_word' id='word_1_399' title='bbox 1365 2227 1416 2271; x_wconf 93' lang='lat' dir='ltr'>et</span> <span class='ocrx_word' id='word_1_400' title='bbox 1436 2220 1610 2271; x_wconf 87' lang='lat' dir='ltr'>finitae</span> <span class='ocrx_word' id='word_1_401' title='bbox 1638 2219 1688 2270; x_wconf 91' lang='lat' dir='ltr'>in</span> <span class='ocrx_word' id='word_1_402' title='bbox 1720 2218 1823 2278; x_wconf 86' lang='lat' dir='ltr'>Deo</span> <span class='ocrx_word' id='word_1_403' title='bbox 1853 2217 2144 2277; x_wconf 76' lang='lat' dir='ltr'>virtualiter,</span> 
     </span>
     <span class='ocr_line' id='line_1_80' title="bbox 1161 2291 2145 2347; baseline -0.003 -2"><span class='ocrx_word' id='word_1_404' title='bbox 1161 2310 1250 2346; x_wconf 90' lang='lat' dir='ltr'>seu</span> <span class='ocrx_word' id='word_1_405' title='bbox 1282 2301 1336 2347; x_wconf 89' lang='lat' dir='ltr'>ut</span> <span class='ocrx_word' id='word_1_406' title='bbox 1377 2295 1427 2344; x_wconf 89' lang='lat' dir='ltr'>in</span> <span class='ocrx_word' id='word_1_407' title='bbox 1470 2310 1564 2345; x_wconf 89' lang='lat' dir='ltr'>sua</span> <span class='ocrx_word' id='word_1_408' title='bbox 1605 2309 1759 2346; x_wconf 87' lang='lat' dir='ltr'>causa</span> <span class='ocrx_word' id='word_1_409' title='bbox 1797 2291 2145 2344; x_wconf 85' lang='lat' dir='ltr'>continentur,</span> 
     </span>
     <span class='ocr_line' id='line_1_81' title="bbox 1162 2366 2151 2434; baseline -0.005 -14"><span class='ocrx_word' id='word_1_410' title='bbox 1162 2368 1289 2420; x_wconf 84' lang='lat' dir='ltr'>Nam</span> <span class='ocrx_word' id='word_1_411' title='bbox 1318 2369 1487 2420; x_wconf 87' lang='lat' dir='ltr'>omnia</span> <span class='ocrx_word' id='word_1_412' title='bbox 1516 2367 1652 2419; x_wconf 91' lang='lat' dir='ltr'>entia</span> <span class='ocrx_word' id='word_1_413' title='bbox 1688 2366 2034 2434; x_wconf 84' lang='lat' dir='ltr'>contingentia</span> <span class='ocrx_word' id='word_1_414' title='bbox 2064 2381 2151 2433; x_wconf 88' lang='lat' dir='ltr'>pcr</span> 
     </span>
     <span class='ocr_line' id='line_1_82' title="bbox 1163 2438 2151 2502; baseline -0.004 -8"><span class='ocrx_word' id='word_1_415' title='bbox 1163 2459 1217 2495; x_wconf 88' lang='lat' dir='ltr'>se</span> <span class='ocrx_word' id='word_1_416' title='bbox 1259 2441 1382 2494; x_wconf 89' lang='lat' dir='ltr'>nihil</span> <span class='ocrx_word' id='word_1_417' title='bbox 1412 2448 1551 2502; x_wconf 85' lang='lat' dir='ltr'>sunt,</span> <span class='ocrx_word' id='word_1_418' title='bbox 1583 2448 1634 2492; x_wconf 92' lang='lat' dir='ltr'>et</span> <span class='ocrx_word' id='word_1_419' title='bbox 1662 2440 1786 2491; x_wconf 90' lang='lat' dir='ltr'>nihil</span> <span class='ocrx_word' id='word_1_420' title='bbox 1815 2439 2034 2500; x_wconf 90' lang='lat' dir='ltr'>habent,</span> <span class='ocrx_word' id='word_1_421' title='bbox 2062 2438 2151 2491; x_wconf 90' lang='lat' dir='ltr'>sed</span> 
     </span>
     <span class='ocr_line' id='line_1_83' title="bbox 1165 2513 2152 2581; baseline -0.005 -13"><span class='ocrx_word' id='word_1_422' title='bbox 1165 2517 1334 2569; x_wconf 87' lang='lat' dir='ltr'>omnia</span> <span class='ocrx_word' id='word_1_423' title='bbox 1363 2522 1484 2567; x_wconf 91' lang='lat' dir='ltr'>sunt</span> <span class='ocrx_word' id='word_1_424' title='bbox 1510 2514 1767 2566; x_wconf 86' lang='lat' dir='ltr'>ethabent</span> <span class='ocrx_word' id='word_1_425' title='bbox 1793 2529 1821 2565; x_wconf 91' lang='lat' dir='ltr'>a</span> <span class='ocrx_word' id='word_1_426' title='bbox 1850 2513 1975 2573; x_wconf 92' lang='lat' dir='ltr'>De0‚</span> <span class='ocrx_word' id='word_1_427' title='bbox 2006 2528 2031 2563; x_wconf 91' lang='lat' dir='ltr'>a</span> <span class='ocrx_word' id='word_1_428' title='bbox 2053 2528 2152 2581; x_wconf 92' lang='lat' dir='ltr'>quo</span> 
     </span>
     <span class='ocr_line' id='line_1_84' title="bbox 1167 2589 2150 2659; baseline -0.004 -17"><span class='ocrx_word' id='word_1_429' title='bbox 1167 2592 1214 2642; x_wconf 92' lang='lat' dir='ltr'>in</span> <span class='ocrx_word' id='word_1_430' title='bbox 1235 2589 1460 2659; x_wconf 88' lang='lat' dir='ltr'>quolibet</span> <span class='ocrx_word' id='word_1_431' title='bbox 1482 2594 1740 2640; x_wconf 90' lang='lat' dir='ltr'>momento</span> <span class='ocrx_word' id='word_1_432' title='bbox 1756 2593 2150 2650; x_wconf 82' lang='lat' dir='ltr'>conservantur3</span> 
     </span>
     <span class='ocr_line' id='line_1_85' title="bbox 1167 2659 2153 2730; baseline -0.005 -14"><span class='ocrx_word' id='word_1_433' title='bbox 1167 2665 1278 2716; x_wconf 88' lang='lat' dir='ltr'>ideo</span> <span class='ocrx_word' id='word_1_434' title='bbox 1319 2665 1429 2715; x_wconf 89' lang='lat' dir='ltr'>iure</span> <span class='ocrx_word' id='word_1_435' title='bbox 1470 2663 1679 2721; x_wconf 88' lang='lat' dir='ltr'>dicitur,</span> <span class='ocrx_word' id='word_1_436' title='bbox 1734 2661 1866 2730; x_wconf 92' lang='lat' dir='ltr'>quod</span> <span class='ocrx_word' id='word_1_437' title='bbox 1921 2675 2022 2712; x_wconf 93' lang='lat' dir='ltr'>non</span> <span class='ocrx_word' id='word_1_438' title='bbox 2061 2659 2153 2712; x_wconf 88' lang='lat' dir='ltr'>ha-</span> 
     </span>
    </p>
   </div>
   <div class='ocr_carea' id='block_1_17' title="bbox 1169 2734 2227 2801">
    <p class='ocr_par' dir='ltr' id='par_1_18' title="bbox 1169 2734 2227 2801">
     <span class='ocr_line' id='line_1_86' title="bbox 1169 2734 2227 2801; baseline -0.008 -9"><span class='ocrx_word' id='word_1_439' title='bbox 1169 2740 1323 2791; x_wconf 85' lang='lat' dir='ltr'>beant</span> <span class='ocrx_word' id='word_1_440' title='bbox 1355 2753 1536 2790; x_wconf 80' lang='lat' dir='ltr'>verum</span> <span class='ocrx_word' id='word_1_441' title='bbox 1568 2736 1702 2798; x_wconf 80' lang='lat' dir='ltr'>Esse,</span> <span class='ocrx_word' id='word_1_442' title='bbox 1746 2734 1833 2787; x_wconf 88' lang='lat' dir='ltr'>sed</span> <span class='ocrx_word' id='word_1_443' title='bbox 1863 2734 1963 2786; x_wconf 88' lang='lat' dir='ltr'>sint</span> <span class='ocrx_word' id='word_1_444' title='bbox 1990 2734 2156 2801; x_wconf 89' lang='lat' dir='ltr'>potius</span> <span class='ocrx_word' id='word_1_445' title='bbox 2222 2740 2227 2743; x_wconf 85' lang='grc'><em>“</em></span> 
     </span>
    </p>
   </div>
   <div class='ocr_carea' id='block_1_18' title="bbox 1170 2807 2162 3470">
    <p class='ocr_par' dir='ltr' id='par_1_19' title="bbox 1170 2807 2160 3470">
     <span class='ocr_line' id='line_1_87' title="bbox 1170 2807 2149 2867; baseline -0.007 -2"><span class='ocrx_word' id='word_1_446' title='bbox 1170 2813 1470 2866; x_wconf 86' lang='lat' dir='ltr'>continuum</span> <span class='ocrx_word' id='word_1_447' title='bbox 1531 2810 1706 2862; x_wconf 80' lang='lat' dir='ltr'>Fieri:</span> <span class='ocrx_word' id='word_1_448' title='bbox 1757 2807 1898 2860; x_wconf 80' lang='lat' dir='ltr'>Fieri</span> <span class='ocrx_word' id='word_1_449' title='bbox 1935 2813 2110 2859; x_wconf 84' lang='lat' dir='ltr'>autem</span> <span class='ocrx_word' id='word_1_450' title='bbox 2138 2849 2149 2867; x_wconf 95' lang='lat'>,</span> 
     </span>
     <span class='ocr_line' id='line_1_88' title="bbox 1174 2882 2157 2955; baseline -0.008 -16"><span class='ocrx_word' id='word_1_451' title='bbox 1174 2893 1322 2955; x_wconf 87' lang='lat' dir='ltr'>prout</span> <span class='ocrx_word' id='word_1_452' title='bbox 1350 2886 1397 2937; x_wconf 88' lang='lat' dir='ltr'>in</span> <span class='ocrx_word' id='word_1_453' title='bbox 1436 2900 1546 2952; x_wconf 81' lang='lat' dir='ltr'>ipsa</span> <span class='ocrx_word' id='word_1_454' title='bbox 1572 2889 1808 2936; x_wconf 88' lang='lat' dir='ltr'>creatura</span> <span class='ocrx_word' id='word_1_455' title='bbox 1836 2882 2157 2942; x_wconf 85' lang='lat' dir='ltr'>sumitu1,a-</span> 
     </span>
     <span class='ocr_line' id='line_1_89' title="bbox 1175 2955 2156 3030; baseline -0.008 -17"><span class='ocrx_word' id='word_1_456' title='bbox 1175 2961 1328 3030; x_wconf 88' lang='lat' dir='ltr'>liquid</span> <span class='ocrx_word' id='word_1_457' title='bbox 1363 2959 1609 3028; x_wconf 69' lang='lat' dir='ltr'>passivum</span> <span class='ocrx_word' id='word_1_458' title='bbox 1649 2962 1746 3016; x_wconf 87' lang='lat' dir='ltr'>est,</span> <span class='ocrx_word' id='word_1_459' title='bbox 1799 2962 1852 3007; x_wconf 90' lang='lat' dir='ltr'>et</span> <span class='ocrx_word' id='word_1_460' title='bbox 1902 2955 2156 3007; x_wconf 88' lang='lat' dir='ltr'>defectum</span> 
     </span>
     <span class='ocr_line' id='line_1_90' title="bbox 1173 3029 2159 3098; baseline -0.011 -10"><span class='ocrx_word' id='word_1_461' title='bbox 1173 3034 1472 3094; x_wconf 80' lang='lat' dir='ltr'>activitatiS,</span> <span class='ocrx_word' id='word_1_462' title='bbox 1500 3047 1588 3083; x_wconf 86' lang='lat' dir='ltr'>seu</span> <span class='ocrx_word' id='word_1_463' title='bbox 1616 3047 1694 3079; x_wconf 76' lang='grc' dir='ltr'>του</span> <span class='ocrx_word' id='word_1_464' title='bbox 1711 3029 1834 3081; x_wconf 86' lang='lat' dir='ltr'>Esse</span> <span class='ocrx_word' id='word_1_465' title='bbox 1857 3043 2159 3098; x_wconf 89' lang='lat' dir='ltr'>permanen-</span> 
     </span>
     <span class='ocr_line' id='line_1_91' title="bbox 1174 3100 2160 3174; baseline -0.01 -14"><span class='ocrx_word' id='word_1_466' title='bbox 1174 3109 1238 3161; x_wconf 88' lang='lat' dir='ltr'>tis</span> <span class='ocrx_word' id='word_1_467' title='bbox 1265 3108 1522 3174; x_wconf 82' lang='lat' dir='ltr'>indigitat,</span> <span class='ocrx_word' id='word_1_468' title='bbox 1547 3105 1765 3171; x_wconf 88' lang='lat' dir='ltr'>ideoque</span> <span class='ocrx_word' id='word_1_469' title='bbox 1784 3103 2026 3171; x_wconf 89' lang='lat' dir='ltr'>perfectio</span> <span class='ocrx_word' id='word_1_470' title='bbox 2048 3100 2160 3152; x_wconf 86' lang='lat' dir='ltr'>nul-</span> 
     </span>
     <span class='ocr_line' id='line_1_92' title="bbox 1177 3176 2157 3247; baseline -0.008 -13"><span class='ocrx_word' id='word_1_471' title='bbox 1177 3182 1224 3233; x_wconf 88' lang='lat' dir='ltr'>la</span> <span class='ocrx_word' id='word_1_472' title='bbox 1265 3187 1367 3242; x_wconf 89' lang='lat' dir='ltr'>est,</span> <span class='ocrx_word' id='word_1_473' title='bbox 1412 3179 1499 3230; x_wconf 91' lang='lat' dir='ltr'>sed</span> <span class='ocrx_word' id='word_1_474' title='bbox 1542 3178 1870 3247; x_wconf 88' lang='lat' dir='ltr'>perfectionis</span> <span class='ocrx_word' id='word_1_475' title='bbox 1909 3176 2157 3228; x_wconf 79' lang='lat' dir='ltr'>defectuS.</span> 
     </span>
     <span class='ocr_line' id='line_1_93' title="bbox 1174 3249 2159 3320; baseline -0.009 -13"><span class='ocrx_word' id='word_1_476' title='bbox 1174 3254 1313 3307; x_wconf 83' lang='lat' dir='ltr'>Fieri</span> <span class='ocrx_word' id='word_1_477' title='bbox 1335 3260 1528 3314; x_wconf 87' lang='lat' dir='ltr'>autem,</span> <span class='ocrx_word' id='word_1_478' title='bbox 1562 3257 1711 3320; x_wconf 86' lang='lat' dir='ltr'>prout</span> <span class='ocrx_word' id='word_1_479' title='bbox 1732 3251 1898 3303; x_wconf 84' lang='lat' dir='ltr'>active</span> <span class='ocrx_word' id='word_1_480' title='bbox 1920 3249 2159 3307; x_wconf 89' lang='lat' dir='ltr'>sumitur</span> 
     </span>
     <span class='ocr_line' id='line_1_94' title="bbox 1178 3323 2162 3396; baseline -0.009 -16"><span class='ocrx_word' id='word_1_481' title='bbox 1178 3329 1228 3380; x_wconf 91' lang='lat' dir='ltr'>in</span> <span class='ocrx_word' id='word_1_482' title='bbox 1249 3329 1356 3396; x_wconf 89' lang='lat' dir='ltr'>ipsa</span> <span class='ocrx_word' id='word_1_483' title='bbox 1385 3343 1560 3389; x_wconf 88' lang='lat' dir='ltr'>causa,</span> <span class='ocrx_word' id='word_1_484' title='bbox 1591 3342 1619 3378; x_wconf 88' lang='lat' dir='ltr'>a</span> <span class='ocrx_word' id='word_1_485' title='bbox 1641 3341 1742 3394; x_wconf 89' lang='lat' dir='ltr'>qua</span> <span class='ocrx_word' id='word_1_486' title='bbox 1771 3323 2019 3392; x_wconf 88' lang='lat' dir='ltr'>procedit,</span> <span class='ocrx_word' id='word_1_487' title='bbox 2046 3337 2162 3372; x_wconf 89' lang='lat' dir='ltr'>eon·</span> 
     </span>
     <span class='ocr_line' id='line_1_95' title="bbox 1179 3395 2159 3470; baseline -0.01 -16"><span class='ocrx_word' id='word_1_488' title='bbox 1179 3402 1382 3470; x_wconf 88' lang='lat' dir='ltr'>cipitur,</span> <span class='ocrx_word' id='word_1_489' title='bbox 1427 3408 1478 3453; x_wconf 85' lang='lat' dir='ltr'>et</span> <span class='ocrx_word' id='word_1_490' title='bbox 1517 3398 1806 3469; x_wconf 84' lang='lat' dir='ltr'>aequivalet</span> <span class='ocrx_word' id='word_1_491' title='bbox 1845 3399 1912 3447; x_wconf 76' lang='grc' dir='ltr'>τῶ</span> <span class='ocrx_word' id='word_1_492' title='bbox 1954 3395 2159 3454; x_wconf 82' lang='lat' dir='ltr'>Facere,</span> 
     </span>
    </p>
   </div>
   <div class='ocr_carea' id='block_1_19' title="bbox 1226 3501 1487 3546">
    <p class='ocr_par' dir='ltr' id='par_1_20' title="bbox 1226 3501 1487 3546">
     <span class='ocr_line' id='line_1_96' title="bbox 1226 3501 1487 3546; baseline -0.004 -8"><span class='ocrx_word' id='word_1_493' title='bbox 1226 3501 1353 3546; x_wconf 71' lang='lat'>(3211).</span> <span class='ocrx_word' id='word_1_494' title='bbox 1381 3501 1406 3546; x_wconf 76' lang='lat' dir='ltr'>S</span> <span class='ocrx_word' id='word_1_495' title='bbox 1430 3501 1487 3537; x_wconf 78' lang='lat'>28.</span> 
     </span>
    </p>
   </div>
  </div>
 </body>
</html>
