2332 3860
767 111 884 179 uns
920 140 992 178 in.
1035 136 1200 179 snt-‚rio
1237 139 1292 178 n.
1335 138 1500 176 estur
1523 138 1578 177 n.

173 223 295 281 lium
335 223 679 279 Tridentiuum
716 238 843 276 sess,
881 224 942 282 6,
965 238 1076 293 cap.
1104 220 1158 284 7,

28 296 30 298 ’
74 367 89 389 δ
174 315 434 370 exponens
461 315 642 351 causas
678 297 1047 350 iustificationis
1066 297 1157 350 ait·

171 374 432 429 Meritoria
471 381 630 425 aulem
670 370 784 440 (est)
828 372 1162 425 dilectissimus

140 447 449 517 '‘unigenitus
491 462 607 499 suus
650 445 716 498 D.
751 445 822 498 N.
859 446 903 498 I.
940 442 1034 507 G„
1077 446 1163 513 qui

64 528 81 546 i
171 537 281 575 cum
343 537 547 574 essemus
591 521 813 588 inimici,
854 527 1047 589 propter
1088 519 1162 570 ui-

174 596 330 648 miam
370 595 670 656 charitatem,
714 611 810 664 qua
848 595 1020 647 dilexit
1045 609 1155 655 nos,

175 685 265 721 sua
304 669 607 723 sanctissima
657 671 879 737 passione
930 670 983 720 in
1029 669 1159 737 liqna

172 744 329 796 crucis
354 743 489 796 nobis
545 744 928 814 iustificatiouem
961 744 1154 806 meruit,

173 826 218 869 et
254 834 348 886 pro
387 816 522 869 nobis
566 817 664 869 Deo
702 815 852 869 Patri
888 818 1134 885 satisfecit.

247 891 298 944 5.
326 891 619 944 Doctrinam
641 892 944 959 propositam
964 891 1015 944 S.
1043 891 1160 943 Tho-

173 980 277 1017 mas
335 964 410 1036 (i)
471 965 566 1018 hac
629 966 821 1018 ratione
875 965 1243 1035 theologicas

174 1040 501 1108 comprobat:
537 1060 563 1089 «
593 1038 684 1092 Ille
724 1041 923 1109 proprie
962 1041 1157 1092 satisfa-

174 1114 242 1165 cit
264 1131 353 1182 pro
372 1114 581 1175 offensa,
625 1114 710 1183 qui
744 1114 950 1167 exhibet
970 1114 1158 1166 offenso

174 1187 245 1247 id,
288 1189 419 1257 quod
458 1204 619 1257 aeque
658 1188 737 1239 vel
780 1189 939 1255 magis
979 1188 1157 1255 diligit,

173 1277 324 1330 quam
379 1262 542 1314 oderit
605 1262 867 1314 offensam.
930 1261 1158 1315 Christus

174 1342 347 1387 autem
386 1352 451 1388 ex
491 1335 738 1389 charitate
777 1344 828 1389 et
872 1337 1156 1390 obedientia

177 1409 414 1476 patiendo
455 1412 617 1462 maius
657 1411 845 1480 aliquid
885 1411 990 1464 Deo
1018 1413 1159 1464 exhi·

174 1483 302 1544 buit,
346 1500 496 1553 quam
537 1486 766 1552 exigeret
815 1488 1157 1555 compensatio

176 1558 329 1609 totius
368 1559 588 1611 offensae
647 1561 848 1627 generis
912 1561 1153 1614 humani:

172 1632 563 1701 primoquidem
604 1641 805 1702 propter
856 1637 1158 1701 magnitudi-

176 1721 292 1757 nem
333 1708 614 1769 charitatiS,
646 1725 708 1761 ex
731 1725 829 1777 qua
852 1711 1154 1776 patiebatur3

177 1781 381 1833 secundo
424 1790 623 1850 propter
662 1783 961 1854 dignitatem
1024 1786 1158 1837 vitae

178 1870 319 1915 suae,
370 1872 524 1924 quam
564 1874 651 1925 pro
691 1859 1028 1910 satisfactione
1076 1875 1158 1926 po-

181 1929 352 1990 nebat,
395 1946 525 1998 quae
565 1939 675 1984 erat
714 1933 816 1983 vita
852 1933 939 1984 Dei
981 1941 1031 1985 et
1077 1934 1161 1986 ho-

180 2004 362 2067 minis3
407 2005 545 2056 tertio
596 2014 798 2075 propter
855 2008 1159 2075 generalita-

180 2083 284 2129 tem
344 2079 587 2146 passionis
651 2088 701 2133 et
758 2083 1161 2148 magnitudinem

181 2152 367 2204 doloris
405 2156 670 2221 assumpti.
715 2154 777 2207 Et
825 2157 935 2208 ideo
995 2159 1160 2225 passio

179 2225 361 2278 Christi
405 2243 503 2279 non
543 2229 705 2281 solum
746 2227 1018 2291 sufficienS,
1074 2233 1158 2283 sed

180 2302 338 2352 etiam
399 2304 817 2369 superabundans
888 2306 1162 2358 satisfactio

181 2374 275 2427 fuit
315 2391 401 2442 pro
432 2378 650 2443 peccatis
671 2378 877 2430 humani
900 2382 1158 2448 generis.»

252 2449 397 2502 Nota.
439 2450 692 2503 Sociniani
735 2461 941 2519 negant,
986 2454 1165 2505 doctri-

181 2539 298 2576 nam
338 2524 702 2578 catholicorum
742 2529 790 2578 in
820 2527 872 2579 S.
903 2527 1163 2596 Scriptura

181 2599 449 2659 contineri,
512 2606 659 2652 etex
706 2601 803 2654 hac
841 2618 931 2655 sua
971 2610 1164 2655 asserta

182 2673 396 2740 probare
434 2678 651 2727 tentant.

255 2745 362 2799 obi.
422 2746 503 2799 l.·
549 2748 602 2801 S.
663 2748 924 2818 Scriptura
986 2751 1164 2803 nullibi

183 2821 324 2883 dicit,
367 2820 620 2875 Christum
661 2840 751 2892 pro
792 2825 934 2877 nobis
972 2826 1166 2878 satisfe-

185 2897 333 2960 cisse,
380 2897 458 2948 vel
500 2898 608 2950 loco
649 2900 804 2951 nostri
838 2899 1165 2966 subrogatum

186 2987 336 3034 esse3
381 2972 480 3023 imo
520 2972 645 3024 istae
669 2988 838 3034 voceS‚
887 2975 1166 3041 satisfactio,

187 3045 480 3112 subroyatio,
523 3053 649 3106 etc.,
684 3047 735 3097 in
777 3046 1053 3115 Scripturis
1086 3065 1165 3101 sa-

188 3119 288 3170 cris
308 3119 485 3172 nullibi
509 3119 572 3172 de
593 3118 792 3174 Christo
815 3125 1170 3189 pronuntiatae

189 3191 446 3258 leguntur.
492 3193 730 3246 Doctrina
765 3211 884 3264 ergo
923 3196 986 3249 de
1025 3198 1172 3249 satis-

190 3265 406 3318 factione
445 3266 625 3320 Christi
669 3284 934 3339 perperam
991 3286 1057 3325 ex
1112 3271 1164 3323 S.

191 3337 448 3408 Scriptura
491 3343 749 3409 probatur.

262 3413 401 3482 Resp.
444 3414 521 3467 Ad
561 3416 763 3486 aliquod
803 3417 985 3487 dogma
1024 3419 1174 3473 stabi-

237 3519 287 3564 (1)
314 3518 346 3560 ³,
369 3527 406 3562 q.
429 3517 487 3563 ⁴8,
509 3525 576 3555 art..
600 3520 623 3557 2
716 3511 721 3515 ¹

2024 119 2130 178 51⁸5

1223 219 1449 275 liendum
1487 235 1696 274 necesse
1734 234 1836 274 non
1875 227 1973 283 est,
2017 227 2076 275 ut
2114 211 2227 278 eit-⁶

1224 295 1388 364 plicite
1426 300 1479 348 et
1540 297 1793 363 expressis
1858 296 2087 350 terminis
2150 300 2203 352 in

1222 369 1275 424 S.
1318 368 1580 437 Scriptura
1619 370 1961 432 contineatur,
1987 371 2075 423 sed
2101 373 2204 426 suf-

1223 444 1345 506 ficit,
1389 443 1547 513 quod
1567 433 1809 512 implicite
1865 450 1917 498 et
1965 447 2206 514 aequiva-

1224 517 1385 571 lenter
1421 519 1707 570 necessaria
1734 520 2108 573 consecutionis
2136 519 2205 574 le-

1220 608 1282 661 ge
1322 609 1388 645 ex
1426 592 1595 645 verbis
1633 591 1926 660 Scripturae
1985 593 2204 648 deduca-

1221 673 1321 719 tur.
1365 666 1428 719 Et
1465 668 1555 728 ita,
1598 665 1717 718 licet
1757 681 1854 718 vox
1877 667 1985 735 ipsa
2016 668 2203 738 satissa-

1220 741 1391 793 ctiom‘s
1417 747 1468 793 et
1493 740 1848 809 subropationis
1885 757 2127 809 expresse
2154 751 2200 798 et

1222 814 1519 876 formaliter,
1565 822 1622 868 ut
1649 816 1814 874 aiunt,
1857 815 1906 867 in
1929 814 2200 886 Scripturis

1223 906 1320 942 non
1363 890 1583 958 legatur,
1626 905 1708 942 res
1774 895 1944 942 tamen
1999 893 2200 946 nomine

1219 964 1503 1032 significata
1569 964 1783 1017 disserte
1847 970 1898 1017 et
1962 979 2201 1057 expresse

1221 1040 1269 1090 in
1310 1038 1411 1090 illis
1450 1040 1761 1091 continetur.

1293 1111 1439 1165 Obie
1408 1114 1439 1151 ⁹
1451 1120 1492 1165 .⁸
1514 1110 1899 1165 PaulusllTim.
1914 1112 2202 1180 2‚10dicit.

1220 1185 1395 1239 Omnia
1434 1188 1644 1239 sustineo
1678 1194 1872 1255 propter
1923 1188 2110 1249 electos,
2153 1197 2205 1242 ut

1219 1268 1260 1312 et
1300 1262 1392 1330 ipsi
1413 1262 1615 1313 salutem
1640 1269 1999 1329 consequantur
2017 1281 2040 1325 ;
2067 1261 2207 1316 Chri·

1219 1345 1327 1388 stus
1366 1352 1487 1404 ergo
1529 1352 1626 1388 non
1667 1333 1977 1388 sufficienter
2018 1339 2206 1405 passio·

1222 1426 1310 1461 nes
1349 1412 1609 1472 sustinuit,
1653 1426 1818 1479 neque
1858 1411 2079 1479 perfecte
2130 1428 2208 1466 sa·

1222 1485 1423 1545 usserit,
1467 1486 1583 1554 quia
1644 1486 1797 1537 etiam
1863 1485 2050 1539 Paulus
2116 1502 2206 1556 pro

1221 1559 1497 1612 electorum
1539 1559 1703 1612 salute
1744 1559 1902 1612 multa
1951 1561 2206 1616 sustinere

1222 1634 1412 1686 debuit.
1471 1634 1607 1686 ldem
1654 1633 1927 1703 Apostolus
1976 1643 2206 1704 apertam

1222 1707 1627 1761 insufficientiam
1700 1710 1942 1777 passionis
2022 1709 2206 1765 Christi

1224 1783 1486 1849 profitetur
1514 1782 1706 1835 Coloss,
1741 1783 1779 1844 1,
1805 1784 1895 1835 242
1928 1782 2124 1838 Gaudeo
2151 1787 2207 1838 in

1214 1855 1520 1926 passianibus
1554 1873 1645 1926 pro
1686 1858 1810 1910 robis
1837 1900 1848 1918 ‚
1892 1866 1935 1910 et
1973 1859 2207 1930 adimpleo

1221 1947 1294 1993 ea,
1338 1947 1459 2000 qliae
1498 1933 1670 1983 desunt
1703 1934 1989 2001 passionum
2016 1932 2207 1988 Christi

1223 2008 1273 2058 in
1331 2022 1480 2058 carne
1530 2022 1635 2058 mea
1684 2023 1773 2075 pro
1829 2023 2024 2076 corpore
2061 2011 2204 2072 eius,

1222 2081 1347 2148 quod
1403 2088 1469 2132 est
1516 2080 1750 2134 Ecclesia.
1810 2079 2079 2151 Conceptis
2131 2084 2210 2136 his

1226 2157 1392 2208 verbis
1442 2155 1797 2216 adseveratur,
1858 2157 2047 2226 aliquid
2102 2174 2210 2226 pas-

1223 2233 1424 2282 sionum
1465 2229 1649 2282 Christi
1690 2230 1886 2293 deesse,
1918 2231 2052 2300 quod
2082 2232 2210 2285 Pau·

1227 2304 1303 2356 lus
1342 2320 1431 2372 per
1457 2320 1575 2356 suas
1610 2305 1867 2372 passiones
1893 2306 2210 2374 adimplevit,

1225 2395 1313 2430 seu
1355 2379 1641 2446 supplevit:
1686 2394 1806 2447 ergo
1846 2377 2078 2433 Christus
2102 2397 2212 2450 per·

1227 2454 1354 2504 fecte
1396 2469 1493 2504 non
1536 2453 1797 2506 satisfecit.

1300 2526 1434 2596 Hesp.
1476 2526 1644 2580 Verba
1685 2527 1827 2579 Pauli
1867 2534 2006 2580 recte
2063 2527 2212 2582 intel-

1230 2601 1356 2653 lecta
1397 2601 1657 2653 doctrinae
1697 2602 1978 2655 catholicae
2002 2619 2099 2655 non
2130 2604 2214 2656 ad·

1229 2683 1516 2727 versantur.
1553 2676 1794 2739 Quamvis
1823 2677 1957 2728 enim
1979 2674 2214 2733 Christus

1228 2750 1375 2818 plene
1415 2757 1463 2802 et
1503 2750 1706 2802 abunde
1744 2752 2075 2812 satisfecerit,
2130 2768 2216 2805 ne-

1228 2841 1369 2876 cesse
1408 2830 1579 2876 tamen
1621 2832 1718 2886 est,
1763 2832 1819 2877 ut
1859 2825 2090 2880 homines
2129 2827 2216 2880 do·

1229 2900 1444 2951 ctrinam
1485 2899 1664 2952 salutis
1703 2916 1731 2951 a
1791 2898 1991 2954 Christo
2040 2910 2217 2971 partae

1230 2980 1558 3039 cognoscant,
1602 2973 1813 3026 credant
1841 2982 1891 3026 et
1919 2977 2211 3029 observent.

1230 3047 1370 3109 Quod
1411 3048 1558 3099 docet
1621 3048 1752 3099 idem
1819 3047 2091 3117 Apostolus
2152 3049 2214 3103 ad

1233 3122 1376 3174 Rom.
1421 3122 1686 3174 scribens:
1731 3121 1973 3185 Quomodo
2030 3125 2218 3177 invoca·

1233 3195 1370 3255 bunt,
1411 3196 1463 3247 in
1502 3211 1641 3263 quem
1704 3212 1804 3249 non
1868 3197 2220 3251 crediderunt?

1231 3277 1316 3321 aut
1354 3270 1589 3337 quomodo
1625 3271 1814 3323 credent
1852 3273 1917 3333 ei,
1958 3288 2099 3342 quem
2123 3287 2219 3324 nou

1233 3344 1498 3395 audierunt
1520 3344 1544 3395 ἒ
1581 3346 1814 3413 quomodo
1831 3354 1991 3398 autem
2018 3345 2218 3398 audient

1233 3419 1336 3469 sine
1374 3419 1681 3486 praedicante
1708 3418 1809 3492 (Ξ).
1835 3419 2027 3483 Quibus
2051 3419 2219 3473 veihis

1283 3521 1330 3566 (2)
1355 3522 1457 3560 Rom.
1483 3532 1513 3557 c.
1548 3520 1603 3566 10,
1630 3532 1663 3558 v.
1689 3523 1744 3558 14.
