2332 3860
0 0 119 169 sgr:
145 27 158 36 .
187 7 190 11 '
252 8 254 13 “

74 43 106 62 ,,.,

14 101 18 106 ¹
75 107 79 114 7

126 174 243 260 litas
280 184 485 271 transit,
530 220 633 266 non
669 212 856 267 natura
905 205 1106 270 defecit,

25 282 44 346 γ,ῒέ
124 287 176 334 et
214 282 405 333 factum
446 287 522 333 est
561 295 743 348 corpus
783 280 1112 349 impassibile,

21 354 35 428 ᾖ
121 353 254 423 quod
299 354 463 422 potuit
501 352 770 421 crucifigi3
813 354 1006 408 factum
1035 361 1112 408 est

121 428 451 492 immortale,
510 427 644 499 quod
705 429 869 496 potuit
934 429 1112 487 vulne-

23 569 26 573 .
120 501 242 556 rari.
279 521 304 552 n

501 654 538 718 s
570 656 709 702 zm.

231 758 292 793 111.
306 758 358 792 De
382 757 602 794 Ascensione
624 756 757 794 Christi
781 758 826 792 ad
851 757 983 793 coelos,

196 870 315 925 Post
343 872 771 930 resurrectionem
799 870 1031 925 Christus
1059 870 1108 923 in

124 951 259 998 terra
302 962 391 1015 per
430 946 768 1015 quadraginta
809 945 916 997 dies
974 959 1110 997 com-

121 1028 351 1079 moratus
391 1028 488 1081 est,
531 1028 582 1072 et
641 1019 961 1089 postmodum
1004 1019 1111 1086 glo-

120 1094 285 1152 riosus
323 1097 372 1147 in
415 1094 613 1151 coelum
671 1094 918 1147 ascendit.
963 1092 1112 1161 Equi-

122 1169 238 1221 dem
279 1168 530 1231 Christns,
576 1176 627 1220 ut
671 1168 796 1221 Deus
834 1175 939 1228 est,
985 1184 1112 1219 nun·

118 1258 272 1311 quam
312 1244 376 1296 ab
416 1259 475 1294 eo
514 1243 694 1303 abfuit,
740 1249 795 1295 ut
847 1243 929 1310 qui
989 1242 1113 1294 divi-

120 1318 280 1370 nitate
319 1333 409 1370 sua
452 1317 561 1370 loca
601 1318 769 1371 omnia
836 1316 1104 1383 compleat.

120 1391 218 1443 Sed
260 1392 321 1444 de
362 1391 560 1444 Christo
604 1391 713 1443 lesu
774 1390 898 1442 illud
958 1392 1108 1443 etiam

121 1466 299 1520 fideles
350 1467 458 1518 sine
523 1466 837 1519 dubitatione
902 1467 1110 1517 credere

119 1547 338 1611 oportet,
384 1556 523 1602 eum,
558 1541 776 1609 perfecto
806 1542 905 1592 iam
946 1547 996 1593 et
1029 1541 1112 1593 ab·

121 1616 286 1667 soluto
327 1615 693 1683 redemptionis
740 1622 942 1666 nostrae
1000 1630 1110 1683 my-

121 1692 298 1747 sterio,
341 1699 393 1742 ut
435 1689 572 1741 homo
599 1697 686 1750 est,
714 1690 760 1739 in
783 1690 981 1741 coelum
1006 1705 1112 1740 cor-

123 1778 244 1831 pore
284 1770 335 1816 et
373 1766 540 1817 anima
583 1763 1110 1832 ascendisse‚Dogma

120 1837 218 1890 hoc
254 1853 315 1891 ex
353 1837 404 1890 S.
450 1837 714 1908 Scriptura
753 1844 804 1890 et
842 1854 902 1890 em
945 1838 1114 1891 Tradi-

124 1915 249 1965 tioue
290 1913 551 1982 probatur.

197 1987 247 2038 l.
317 1985 368 2040 S.

431 1984 697 2054 Scriptura
760 1987 1111 2039 ascensionem

45 2047 62 2058 Χ
122 2059 304 2112 Christi
347 2062 397 2113 in
439 2062 637 2113 coelum
667 2061 922 2113 describit.
950 2062 1106 2114 Mare.

122 2133 262 2194 xvi,
298 2135 386 2191 19:
419 2134 655 2187 Dominus
676 2136 832 2198 Iesu8‚
857 2146 1113 2204 postquam

125 2208 311 2261 locutus
350 2217 417 2260 est
456 2210 543 2271 eie,
588 2219 863 2278 assumptus
928 2220 994 2262 est
1060 2211 1112 2262 in

123 2285 303 2335 coetum
342 2291 386 2335 et
424 2283 548 2335 sedet
586 2284 820 2336 adeaetris
853 2283 956 2336 Dei.
991 2284 1112 2337 Luc,

122 2356 312 2413 XXIV,
340 2356 428 2415 50,
473 2364 596 2409 etc.:
640 2358 829 2410 Eduoeic
867 2374 942 2410 eos
980 2360 1112 2426 [oras

124 2433 175 2483 iu
214 2431 524 2493 Remmiam,
567 2439 609 2482 et
659 2431 848 2485 elevatis
887 2433 1114 2485 manibus

123 2506 226 2557 suis
267 2505 505 2558 benedioeit
543 2506 629 2558 εἰε.
674 2506 738 2557 Ει
783 2507 966 2574 factum
1024 2516 1109 2565 est,

124 2580 240 2632 dum
281 2579 565 2632 benediceret
622 2580 742 2641 iltis,
805 2582 994 2633 recessit
1057 2580 1115 2634 ab

125 2655 211 2712 eis‘,
256 2661 297 2703 et
336 2653 581 2721 ferebatur
621 2655 673 2706 in
700 2655 897 2707 coelum.
933 2655 996 2706 Et
1023 2656 1116 2724 ipsi

126 2728 381 2782 adorantes
419 2732 624 2795 reyressi
664 2737 775 2781 suut
816 2731 867 2781 in
918 2730 1114 2781 Ierusa-

128 2801 218 2853 lem
266 2817 370 2854 cum
420 2802 596 2870 yaudio
645 2819 832 2870 uiaque.
884 2833 956 2841 -—
1002 2803 1113 2857 Act.

126 2875 168 2935 l,
194 2875 246 2935 9,
272 2882 397 2927 etc:
429 2874 660 2928 Christus
686 2892 795 2928 cum
824 2877 936 2930 haec
962 2878 1117 2930 dimis-

127 2956 194 3002 εει
235 2948 317 3019 (de
360 2949 606 3002 mittendo
664 2949 855 3019 Spiritu
905 2952 1112 3013 Sanct0‚

130 3030 187 3076 ut
226 3023 289 3075 ad
331 3023 596 3076 ferendum
638 3023 700 3076 de
739 3024 938 3078 Christo
978 3027 1118 3079 testi·

130 3099 355 3153 monium
378 3097 478 3165 apti
509 3097 844 3156 redderentur
870 3100 1119 3170 Apostoli)

133 3171 397 3224 videntibus
439 3170 536 3223 iltis
575 3171 782 3227 elevatus
818 3182 904 3236 est,
947 3183 990 3227 et
1031 3191 1121 3226 nu-

133 3246 210 3297 bes
248 3245 452 3314 suscepit
490 3261 603 3298 eum
642 3245 701 3299 ab
738 3247 890 3302 oculis
928 3264 1114 3312 eorum3

133 3333 335 3388 cumque
374 3320 683 3373 intuerentur
721 3321 777 3374 in
803 3322 984 3376 coetum
1005 3340 1122 3376 eun-

182 3492 232 3536 ti)
254 3494 306 3530 Ad
329 3494 498 3534 Ephesios
520 3494 553 3536 ⁴.
579 3493 614 3537 8,
638 3499 709 3531 etc.

713 125 829 164 uns
866 127 938 162 nt.
980 123 1143 164 secvlo
1181 125 1236 164 lt.
1279 124 1430 179 carm·
1469 125 1524 162 1¹.
1576 138 1579 142 ·
1633 139 1638 146 ¹

1978 64 2084 160 sss

1174 214 1269 260 tem
1309 203 1469 274 ittam,
1514 219 1614 259 ecce
1651 204 1748 260 duo
1790 203 1907 259 siri
1969 204 2162 259 adstite-

1173 287 1290 337 runt
1328 280 1468 338 inccta
1507 277 1617 333 illo-s
1654 279 1706 333 in
1759 278 1959 335 vestitus
2014 279 2159 342 albis,

1172 355 1260 423 qui
1298 362 1342 409 et
1403 353 1666 410 dixerunt.-
1738 352 1848 406 Vtri
1909 350 2118 406 Galilaea·
2144 394 2158 415 ‚

1172 428 1292 495 quid
1327 423 1464 481 statis
1498 427 1783 495 aspicientes
1829 427 1882 479 in
1937 427 2162 480 coelum?

1171 502 1268 555 Hic
1305 501 1459 562 Iesus,
1502 500 1590 569 qui
1625 509 1900 570 assumptus
1937 509 2006 554 est
2037 517 2067 554 a
2087 517 2161 554 vo·

1174 575 1243 628 bis
1284 578 1336 627 in
1374 575 1574 636 coelum,
1617 578 1685 627 sic
1723 576 1894 636 veniet,
1936 576 2162 644 quemad-

1172 650 1367 703 modum
1401 649 1585 705 vidistis
1617 664 1726 702 eum
1759 657 1949 701 euntem
1976 651 2028 703 in
2065 665 2162 703 coe-

1173 723 1293 775 tum.
1320 753 1389 762 —
1417 722 1699 777 Gloriosam
1740 722 1953 777 Messiae
1990 740 2163 777 ascen-

1172 800 1366 854 sionem
1408 798 1509 853 iam
1550 797 1713 853 David
1748 798 2058 855 vaticinatus
2085 805 2163 851 est

1174 873 1222 924 in
1254 871 1452 924 Psalmo
1495 870 1696 931 LXV11‚
1730 871 1782 923 lt:
1814 870 2016 924 Caritate
2043 872 2159 931 Deo,

1170 946 1416 1012 psalmum
1456 946 1596 999 dicite
1633 946 1826 1000 nomini
1870 946 2009 999 eius:
2072 947 2164 998 iter

1170 1021 1312 1089 facite
1328 1023 1391 1080 ei,
1417 1021 1502 1089 qui
1533 1022 1744 1074 ascendit
1768 1036 1914 1085 super
1945 1036 2164 1075 occasum

1178 1094 1410 1146 Dominus
1462 1111 1634 1148 uouien
1681 1095 1780 1159 illi3
1825 1102 1876 1148 et
1914 1110 2024 1148 ver.
2088 1095 2160 1147 7:

1172 1171 1257 1236 qui
1302 1169 1462 1221 educit
1501 1169 1676 1222 vinctos
1727 1170 1780 1221 in
1841 1169 2162 1236 fortitudiue;

1174 1259 1281 1294 ver.
1348 1244 1451 1295 19:
1517 1241 1790 1296 Ascendisti
1846 1244 1899 1295 in
1962 1243 2115 1297 altum
2146 1284 2159 1306 ,

1172 1318 1339 1384 cepisti
1379 1316 1730 1385 captivitatem.-
1773 1317 1996 1387 accepisti
2036 1318 2162 1373 dona

1174 1393 1223 1443 iu
1265 1391 1556 1444 hominibus.
1602 1391 1740 1454 Quae
1782 1393 1937 1448 verba
1974 1391 2163 1445 Paulus

1173 1464 1370 1518 Christo
1410 1465 1670 1533 applicans
1712 1466 1865 1518 dixit:
1898 1463 2164 1522 Ascendem

1176 1541 1225 1591 in
1261 1541 1413 1592 altum
1452 1542 1692 1606 captivam
1731 1541 1874 1596 dumet
1913 1541 2163 1609 captivita-

1174 1622 1282 1688 tem,
1325 1615 1455 1667 dedit
1495 1615 1619 1667 dona
1667 1615 1958 1674 homiuibus.
2030 1614 2165 1679 Quod

1173 1698 1332 1740 autem
1367 1691 1596 1748 ascendit,
1639 1690 1757 1757 quid
1795 1697 1861 1742 est
1899 1690 1997 1742 uisi
2047 1689 2164 1758 quia

1173 1771 1214 1815 et
1260 1764 1495 1816 descendit
1534 1765 1753 1832 primum
1807 1764 1861 1815 in
1906 1764 2165 1831 inferiores

1171 1846 1332 1906 partes
1369 1839 1555 1891 terrae?
1582 1839 1668 1906 qui
1707 1837 1941 1895 descendit
1970 1838 2068 1905 ipse
2098 1845 2165 1891 est

1173 1921 1215 1964 ct
1254 1912 1340 1980 qui
1378 1913 1589 1964 ascendit
1627 1928 1775 1981 super
1813 1928 1973 1964 omnes
2002 1911 2165 1977 οοθῐοε,

1175 1995 1226 2039 ut
1268 1987 1484 2054 impleret
1523 1988 1690 2039 omitia
1722 1984 1819 2058 (i);
1865 1987 1899 2038 i.
1942 2002 1989 2038 e.
2034 1989 2167 2043 sicut

1174 2062 1362 2114 inferos
1402 2068 1452 2112 et
1496 2068 1705 2122 terram,
1751 2063 1820 2117 ita
1859 2062 2016 2120 etiam
2056 2074 2166 2114 coe.-

1178 2135 1282 2187 lum
1310 2135 1470 2202 gloria
1500 2152 1590 2190 sua
1625 2135 1878 2202 impleret.

1247 2210 1299 2261 2.
1348 2209 1563 2262 Traditio
1621 2225 1739 2261 cum
1795 2209 1850 2262 S.
1902 2208 2167 2277 Scriptura

1174 2284 1464 2337 concordat.
1531 2283 1755 2338 Ecclesia
1814 2284 2168 2343 ascensionem

1176 2358 1359 2410 Christi
1420 2374 1622 2425 semper
1680 2358 1895 2413 credidit
1920 2399 1932 2419 ‚
2002 2365 2052 2411 et
2116 2359 2168 2412 in

1176 2433 1421 2501 symbolis
1456 2433 1678 2500 professa
1707 2439 1800 2487 est.
1831 2431 1884 2485 ln
1924 2431 2168 2501 Symbolo

1176 2506 1430 2575 apostolico
1478 2507 1539 2558 de
1585 2506 1783 2559 Christo
1834 2507 2053 2562 dicitur:
2116 2523 2171 2566 a·

1175 2582 1356 2632 scendit
1396 2581 1460 2633 ad
1499 2584 1666 2633 coetos.
1715 2582 1852 2633 idem
1894 2581 2010 2633 fidei
2050 2582 2170 2634 arti-

1177 2655 1324 2707 culus
1364 2656 1639 2723 exponitui·
1679 2657 1729 2713 in
1769 2655 2013 2725 Symbolo
2077 2655 2171 2708 Ni-

1177 2746 1319 2782 caeuo
1365 2727 1584 2791 OPtano,
1629 2733 1679 2782 in
1721 2730 2074 2791 Athanasium,
2119 2737 2169 2783 et

1179 2806 1227 2856 in
1272 2804 1579 2872 professione
1619 2804 1734 2858 fidei
1777 2805 1978 2860 concilii
2034 2805 2172 2859 Late-

1177 2879 1404 2932 raueusis
1431 2879 1458 2930 Ι
1472 2879 1521 2932 V.
1554 2909 1624 2918 -—
1651 2878 1732 2931 Ss.
1768 2879 1943 2932 Patres
1970 2895 2171 2950 quoque

1179 2954 1240 3005 de
1298 2954 1597 3006 ascensione
1660 2951 1846 3005 Christi
1910 2954 2170 3022 praeclare

1182 3027 1478 3096 loquuntur.
1541 3027 1592 3080 S.
1656 3026 1874 3095 Cyriltus
1918 3028 2166 3090 Hierosot.

1182 3100 1278 3172 (02),
1312 3103 1746 3170 comparationem
1773 3103 1994 3164 instituit
2040 3105 2171 3156 inter

1183 3174 1565 3230 translationem
1605 3175 1813 3239 Henoch
1858 3183 1910 3230 et
1943 3177 2082 3238 Eliae
2120 3184 2172 3230 et

1180 3251 1532 3303 ascensionem
1578 3248 1797 3319 Christi,
1835 3258 1989 3322 atque
2039 3252 2171 3304 hanc

1181 3324 1266 3377 illa
1290 3323 1440 3391 longe
1468 3326 1890 3393 praestantiorem
1921 3327 2074 3381 fuisse
2103 3324 2175 3378 di-

2144 3558 2181 3578 ’Ἣ

1226 3497 1278 3540 (2)
1303 3499 1446 3535 catech.
1469 3498 1504 3544 4,
1527 3498 1627 3536 ndu.
