2332 3860
735 155 854 196 uns
889 157 961 195 m.
1003 156 1169 197 szcuo
1204 159 1240 198 1.
1283 158 1435 198 CAPUT
1470 160 1524 200 V.

16 195 377 316 'wusAd'hanc
413 239 649 310 equidem
694 239 1072 310 ‘acquirendam
1093 283 1106 305 ‚

1970 144 2093 199 517-

1170 240 1242 296 ad·
1290 241 1633 296 firmissimam
1671 256 1814 312 spem
1864 243 2029 311 erigat
2082 241 2189 296 di-·

29 376 45 386 ,p
130 316 335 371 omniuo
375 329 586 367 necesse
624 319 722 376 est,
765 324 822 368 ut
879 315 1112 370 homines
1172 331 1330 370 cens:
1370 314 1427 369 Si
1468 316 1599 370 Dens
1652 333 1741 388 pro
1803 315 1938 369 nobis
1971 357 1984 379 ,
2044 316 2155 386 quis

129 381 287 444 libero
324 387 536 441 arbitrio
573 388 789 455 praediti
847 397 899 442 et
947 390 1111 459 gratia
1173 398 1341 443 contra
1378 389 1514 442 nos?
1548 391 1636 460 qui
1670 395 1817 443 etiam
1848 390 2049 459 proprio
2103 390 2158 460 fi·

129 463 302 516 divina
349 462 584 514 instructi
626 463 902 530 perfectam
949 479 1113 517 mora-

29 536 49 585 ,5
130 535 330 589 litatem
366 541 648 588 sectentur.
693 536 790 589 Per
808 539 1114 606 redemptio-

132 617 250 662 nem
288 610 424 662 enim
466 624 566 661 non
608 610 709 662 iam
749 611 1012 665 decretum
1047 613 1117 663 di-

37 704 42 710 ·
131 684 309 736 vinum
350 681 765 754 (destinationem
806 701 896 738 seu
960 685 1115 738 finem

133 756 352 810 hominis
392 757 688 830 respiciens)
718 766 973 812 mutatum
999 761 1114 821 fuit,

133 831 221 883 sed
270 830 419 883 homo
483 831 656 900 lapsus
719 834 788 885 ita
853 841 1119 902 reparatus

134 910 241 966 est,
285 911 343 957 ut
382 906 601 959 nobilem
643 923 787 959 suam
829 908 1122 961 destinatio·

134 993 254 1031 nem
293 978 603 1050 beatumque
641 980 796 1033 finem
823 983 1012 1034 iterum
1038 998 1119 1034 as-

49 1100 54 1112 ,
134 1052 278 1120 sequi
321 1055 493 1121 possit.
538 1054 671 1122 Ergo
728 1057 883 1108 etiam
949 1057 1123 1124 positis

63 1194 69 1199 ἱ
137 1125 350 1179 infinitis
391 1128 741 1197 Redemptoris
783 1133 974 1183 meritis
1038 1130 1125 1182 ho-

139 1202 302 1252 mines
342 1218 432 1270 per
471 1202 812 1256 moralitatem
849 1205 1123 1273 perfectam

138 1274 201 1326 ad
244 1274 535 1328 felicitatem
586 1283 851 1330 aeternam
915 1279 1126 1331 tendere

141 1347 347 1401 debent.
391 1350 490 1403 Sed
531 1353 640 1419 ipsa
706 1353 995 1414 moralita5‚
1064 1353 1126 1404 ad

141 1437 296 1490 quam
343 1426 508 1476 omnis
572 1425 722 1479 homo
780 1428 1019 1495 primario
1077 1444 1130 1477 o-

142 1495 414 1561 bligatum·
432 1515 521 1568 per
561 1500 967 1553 incarnationem
1026 1500 1129 1552 effi-

142 1572 408 1624 cacissimo
449 1574 596 1626 modo
619 1583 966 1642 promovetur,
998 1577 1128 1644 quod

146 1659 264 1696 cum
304 1645 355 1698 S.
402 1646 672 1717 Aayustino
710 1657 760 1700 et
819 1650 874 1703 S.
948 1650 1133 1701 Thema

148 1715 321 1788 (l)ex
379 1724 534 1774 variis
591 1724 872 1775 rationibus
936 1725 1131 1776 ostendi

150 1788 343 1860 potest.'
380 1795 525 1848 Fides
587 1804 664 1849 est
723 1799 942 1866 primum
1002 1799 1135 1850 Reli-

147 1868 312 1934 gionis
338 1876 389 1922 et
420 1872 674 1937 perfectae
704 1873 1003 1924 moralitatis
1025 1873 1137 1923 fun-

149 1941 468 1995 damentum:
513 1946 614 1996 sine
653 1946 743 2014 fide
781 1955 940 1999 autem
967 1948 1138 2014 impos-

151 2014 287 2068 sibile
313 2027 380 2069 est
401 2019 595 2087 placere
632 2019 731 2072 Deo
753 2020 849 2091 (ᾖ).
882 2022 974 2073 Ast
1012 2021 1138 2073 fides

152 2105 243 2158 per
300 2091 709 2146 incarnationem
771 2097 993 2147 maxime
1057 2096 1140 2147 fir-

153 2171 343 2217 matur.
386 2166 508 2229 Quis
557 2169 694 2219 enim
751 2170 813 2221 de
873 2171 1139 2222 divinitate

155 2237 415 2292 doctrinae
455 2242 726 2304 dubitabit,
769 2260 922 2312 quam
976 2245 1149 2312 ipsum.

155 2311 386 2367 Verbum
425 2315 748 2368 incarnatum
789 2318 852 2370 de
891 2319 1031 2371 coelo
1072 2326 1144 2371 at·

156 2388 292 2450 tulit,
334 2394 386 2441 et
442 2391 642 2457 proprio
705 2407 790 2443 ore
853 2392 1144 2444 hominibus

160 2463 535 2519 annuntiavit?
575 2464 696 2526 Quis
735 2481 835 2517 non
875 2466 1144 2518 inconcus·

158 2556 213 2593 sa
253 2539 441 2590 mentis
482 2540 808 2606 persuasione
849 2540 907 2592 iis
970 2541 1147 2592 inhae-

162 2613 313 2672 rebit,
356 2628 486 2681 quae
537 2612 822 2681 Uniqenitus
867 2614 1019 2685 filius,
1063 2618 1147 2683 qui

161 2695 229 2740 est
268 2687 321 2738 in
359 2686 473 2738 sinu
509 2684 701 2749 Patris,
751 2689 851 2756 ipse
901 2691 1148 2741 enarravit

165 2759 272 2830 (5ss
308 2759 445 2829 Spem
483 2762 668 2814 summi
710 2778 820 2814 esse
859 2779 949 2830 pro
990 2779 1151 2815 mora-

169 2835 313 2887 litate
353 2837 598 2887 momenti
637 2852 701 2887 ex
742 2852 802 2888 eo
842 2844 1001 2905 patet,
1031 2854 1152 2906 quo·

169 2910 306 2961 niam
346 2907 435 2959 illa
474 2908 686 2961 anchora
712 2910 914 2966 animae
954 2918 1056 2964 tuta
1110 2920 1151 2963 et

166 2984 313 3054 firma
339 2982 520 3034 dicitur
554 2979 652 3052 (lt);
683 2991 871 3052 atque:
913 2983 1008 3052 Spe
1035 2985 1152 3038 salvi

167 3058 285 3126 facti
321 3072 490 3108 sumus
517 3055 614 3128 (5):
645 3057 734 3109 sed
775 3074 863 3126 per
919 3059 1155 3112 lucarna-

172 3131 362 3183 tionem
401 3131 555 3182 etiam
593 3131 658 3183 ad
698 3148 838 3200 spem
888 3134 1154 3202 acquiren-

173 3204 267 3257 dae
342 3204 523 3257 salutis
593 3207 816 3259 maxime
886 3209 1149 3274 erigimur.

173 3276 313 3331 Idem
337 3278 610 3348 Apostolus
629 3295 694 3332 ex
714 3280 809 3333 hoc
831 3282 1030 3350 pietatis
1052 3298 1158 3352 my-

125 3353 130 3360 '
174 3353 328 3406 sterio
348 3360 711 3422 argumentum
748 3357 921 3420 sumit,
946 3374 1047 3427 quo
1068 3373 1158 3419 nos

236 3479 272 3521 1)
297 3481 331 3525 3,
352 3489 386 3527 q.
420 3482 453 3526 1,
476 3484 586 3519 arez.

782 3485 834 3529 (2)
858 3486 965 3521 Hebr.
990 3486 1051 3530 11,
1076 3487 1107 3523 6.

237 3524 276 3567 8)
298 3526 421 3563 Ιοιηιι.
445 3525 480 3571 2,
504 3527 557 3564 18.

790 3527 844 3575 (⁴)
866 3529 978 3567 Hebr.
999 3530 1034 3575 0,
1058 3529 1114 3566 19.

1175 464 1240 517 lio
1276 479 1363 516 auo
1400 479 1496 526 nan
1528 465 1756 532 pepercit,
1794 464 1874 516 sed
1911 479 2001 532 pro
2024 463 2159 515 nobis

1176 537 1398 590 omnibus
1450 538 1651 590 tradidit
1704 538 1846 590 illum
1866 555 1888 599 ‚-
1927 537 2159 606 quo-modo

1177 629 1275 664 non
1303 612 1446 664 etiam
1473 627 1582 664 cum
1618 611 1701 663 illo
1729 612 1892 663 omnia
1919 611 2058 663 nobis
2085 610 2162 662 do-

1177 684 1341 739 navit?
1366 683 1463 756 (6).
1496 715 1566 724 -
1593 682 1824 737 Charitas
1850 701 1970 753 erga
2000 684 2162 736 Deum

1179 766 1229 811 et
1268 761 1557 827 proximum
1595 761 1820 811 maxime
1866 758 2160 827 requiritur,

1180 840 1236 885 ut
1275 833 1424 886 homo
1464 834 1526 886 ad
1576 834 1849 899 perfectam
1908 832 2170 884 moi-alitam

1182 914 1285 959 tem
1326 909 1601 975 pertingat,
1645 924 1734 960 seu
1774 914 1831 960 ut
1871 908 2060 959 rectius
2093 906 2168 958 lo-

1183 998 1420 1051 quamur,
1463 983 1572 1050 ipsa
1622 983 1843 1050 perfecta
1907 980 2171 1033 moralitas

1184 1059 1233 1108 in
1259 1058 1481 1125 perfecta
1509 1056 1758 1108 charitate
1779 1053 2172 1107 consistit.Nam

1187 1131 1437 1182 Plenitudo
1465 1130 1582 1197 ἱερός
1608 1138 1676 1182 est
1706 1129 1897 1182 dilectio
1927 1130 2021 1199 (7);
2053 1129 2172 1180 cha-

1189 1207 1308 1257 ritas
1347 1212 1415 1256 est
1455 1204 1700 1256 otriculum
1734 1204 2040 1272 perfectionis
2073 1199 2170 1273 (8).

1189 1281 1254 1331 At
1295 1278 1584 1331 lnoarnatio
1627 1294 1759 1330 nova
1799 1284 1850 1330 et
1889 1275 2177 1329 efficacissi-

1193 1370 1271 1405 ma
1311 1354 1499 1405 amoris
1547 1353 1735 1405 motiva
1795 1351 2020 1404 exhibet.
2078 1350 2178 1402 Ho-

1192 1428 1387 1479 minum
1447 1427 1599 1479 corda
1641 1443 1729 1494 per
1797 1442 1982 1493 magna
2046 1439 2178 1493 quae

1192 1503 1448 1570 accipiunt
1488 1501 1734 1554 beneficia
1773 1516 1947 1553 amore
1987 1498 2182 1551 inflam-

1196 1578 1319 1628 mari
1361 1582 1740 1639 consuescunt3
1785 1575 1871 1626 sed
1902 1574 2051 1643 quale
2081 1589 2184 1625 ma·

1196 1653 1272 1701 ius
1314 1651 1616 1701 beneficium
1666 1649 1945 1715 excogitari
1986 1653 2203 1716 potest‚·

1195 1740 1347 1791 quam
1389 1725 1685 1792 Redemptio
1726 1741 1755 1776 a
1797 1724 1898 1774 filio
1947 1723 2035 1774 Dei
2092 1737 2184 1774 ssu-

1196 1805 1387 1866 soepta‚
1420 1801 1565 1851 cuius
1590 1799 1819 1866 passione
1840 1804 1891 1850 et
1920 1802 2081 1848 morte
2099 1795 2198 1847 ho-

1199 1874 1360 1924 mines
1382 1874 1445 1925 ab
1467 1879 1674 1925 aeterna
1701 1878 1860 1924 morte
1890 1870 2109 1937 liberati,
2138 1875 2189 1921 et

1201 1949 1477 1998 immensae
1505 1963 1564 1998 ac
1591 1954 1832 1999 aeternae
1862 1944 2189 1997 beatitudinis

1203 2022 1471 2089 participes
1513 2022 1630 2073 facti
1661 2019 1808 2073 sunt?
1832 2020 2076 2074 Maiorem
2106 2017 2191 2069 hac

1201 2096 1498 2148 dilectionem
1539 2111 1675 2147 nemo
1706 2094 1858 2152 habet,
1891 2101 1944 2145 ut
1971 2094 2193 2145 animam

1202 2186 1338 2220 snam
1355 2178 1503 2238 ponat
1525 2171 1633 2237 qais
1654 2185 1745 2238 pro
1767 2169 1941 2220 amicis
1961 2167 2064 2219 suis
2093 2164 2189 2236 (9).

1205 2244 1331 2295 Hinc
1384 2244 1596 2296 loannes
1660 2242 1928 2311 Apostolus
1985 2243 2195 2310 loquens

1205 2319 1265 2370 de
1311 2317 1679 2370 Incarnationis
1718 2317 1960 2386 Mysterio
1989 2317 2089 2367 iam
2123 2313 2198 2366 di-

1208 2400 1386 2443 xerat:
1429 2392 1533 2443 Nos
1558 2408 1670 2461 erqo
1709 2391 1970 2458 diliyamus
2015 2389 2194 2451 Deum,

1206 2466 1439 2533 quoniam
1452 2466 1580 2518 Deus
1606 2466 1744 2534 prior
1761 2465 1933 2517 dilexit
1960 2479 2049 2515 nos
2064 2462 2199 2533 (10).

1211 2543 1263 2591 1η
1304 2541 1480 2594 eodem
1522 2541 1768 2611 mysterio
1803 2541 1957 2591 etiam
1989 2537 2200 2590 fortissi-

1209 2630 1289 2666 ma
1346 2616 1632 2683 proximum
1700 2613 1943 2680 diligendi
2007 2611 2203 2664 motiva

1210 2690 1556 2743 continentur.
1602 2689 1726 2753 Quis
1764 2688 1901 2739 enim
1943 2702 2044 2740 non
2096 2701 2203 2737 ma-

1211 2764 1296 2830 gni
1338 2765 1508 2824 faciet,
1552 2771 1604 2816 et
1642 2778 1816 2816 amore
1857 2762 2057 2815 sincero
2091 2775 2206 2829 pro-

1212 2845 1452 2906 sequetur
1491 2854 1631 2900 eum,
1692 2838 1839 2890 cuius
1902 2842 2088 2888 natura
2153 2834 2205 2885 in

1212 2908 1412 2965 Christo
1458 2914 1522 2965 ad
1579 2926 1836 2966 summam
1902 2910 2208 2977 dignitatem

1214 2987 1415 3039 elevata
1456 2987 1647 3039 6512-
1688 2983 2009 3039 Charissimi!
2032 2982 2208 3036 excla-

1218 3067 1321 3113 mat
1377 3060 1684 3129 Apostolus:
1745 3060 1790 3112 si
1851 3059 1919 3112 sie
1962 3058 2092 3111 Deus
2139 3057 2211 3108 di-

1217 3134 1332 3186 lexit
1373 3152 1460 3187 nos
1486 3177 1499 3197 ‚
1542 3143 1586 3187 et
1626 3151 1714 3187 nos
1759 3132 1981 3188 debemus
2015 3132 2212 3185 alterut-

1216 3223 1329 3260 rum
1373 3209 1572 3278 diliyere
1618 3207 1752 3280 (Η).
1801 3236 1874 3246 —
1919 3206 2211 3261 lncarnatio

1220 3299 1367 3351 porro
1405 3283 2002 3353 gravissimum-cuique
2066 3287 2212 3334 moti·
2253 3288 2260 3295 ·

1263 3398 1311 3443 (si
1338 3399 1438 3434 nom.
1452 3401 1488 3441 8,
1509 3399 1564 3435 24.
1596 3390 1598 3396 ’

1268 3444 1315 3486 (6)
1339 3444 1439 3477 Rom.
1452 3443 1485 3486 8,
1511 3444 1566 3481 31.
1835 3444 1872 3489 (Ἴ
1906 3444 2007 3479 nom.
2021 3440 2082 3482 13.
2105 3437 2159 3476 1⁰.

1267 3487 1315 3530 (8)
1340 3489 1474 3525 coloss.
1501 3489 1537 3532 3,
1563 3488 1618 3525 14.
1840 3490 1858 3569 4
1887 3493 1898 3531 )
1923 3490 2046 3523 loann.
2074 3484 2138 3527 15,
2157 3482 2211 3520 13.

1265 3530 1340 3577 (10)
1359 3533 1379 3566 1
1402 3533 1528 3570 Ionan.
1556 3533 1589 3577 4,
1614 3532 1670 3570 1⁹.
1823 3530 1837 3574 ί
1862 3532 1898 3574 1)
1920 3532 1937 3567 1
1960 3533 2086 3567 loann-
2101 3527 2138 3570 ί,
2157 3526 2213 3564 11.
