2332 3860
932 194 1081 247 ciru'r
1119 211 1190 248 iv.

46 287 308 352 fallibilem
340 285 626 356 traditionis
659 287 851 341 lineam
881 295 933 342 et
959 305 1037 342 ec-

45 362 317 415 clesiastici
346 377 408 414 ac
435 361 673 416 catholici
702 379 886 416 sensus
923 380 1039 416 nor-

47 451 182 491 mam
209 435 556 504 explicantur,
589 441 642 488 et
666 452 696 488 a
728 435 1038 490 difficultati-

47 512 162 572 buS‚
193 511 380 579 quibus
405 509 688 562 adversarii
731 512 913 563 eadem
953 511 1039 564 ob-

45 593 254 638 scurare
280 590 505 645 tentant,
537 583 901 652 expediuntur.
934 585 1037 637 Ex-

44 657 164 711 inde
192 659 526 711 manifestum
553 664 650 720 est,
695 674 776 719 ea,
815 674 947 728 quae
988 661 1039 711 in

46 732 251 785 laudem
277 733 434 787 studii
473 732 646 786 biblici
671 732 1004 801 proferuntur
1024 774 1035 794 ,

45 807 107 860 ad
124 805 454 875 Theologiam
470 821 674 876 quoque
693 807 1039 875 dogmaticam

45 881 268 950 penitius
297 882 575 948 pertinere.

111 955 164 1007 2.
198 953 426 1008 Studium
452 955 765 1023 pacristicum
807 954 1040 1023 plurimis

46 1024 209 1080 titulis
260 1029 670 1082 commendatur.
731 1028 860 1091 Quid
903 1031 1038 1081 enim

44 1103 241 1164 utilius,
260 1103 483 1172 quidque
511 1103 786 1155 iucundius
808 1119 918 1155 esse
935 1110 1042 1172 pot-

45 1185 162 1236 est,
194 1193 349 1245 quam
400 1178 607 1229 illorum
646 1178 927 1229 illustrium
968 1180 1039 1229 vi-

45 1264 218 1317 rorum
258 1268 411 1320 opera
454 1252 776 1320 pervolvere‚
828 1254 913 1320 qui
955 1253 1040 1304 do-

45 1326 214 1377 ctrina
279 1333 332 1378 et
390 1327 669 1378 sanctitate
729 1327 1036 1392 conspicui,

47 1399 183 1466 quod
211 1415 238 1451 a
270 1401 547 1452 maioribus
587 1409 917 1468 acceperunt,
946 1400 1040 1452 hoc

44 1474 262 1540 posteris
286 1474 630 1538 tradiderunt-3
673 1475 758 1543 qui
800 1476 935 1526 sicut
964 1491 1041 1526 er-

45 1563 187 1599 rores
216 1548 574 1615 profligarunt,
608 1550 675 1601 ita
700 1549 1038 1601 orthodoxam

46 1622 335 1673 doctrinam
382 1623 519 1674 clare
567 1624 939 1691 explicarunt,
992 1630 1041 1674 et.

47 1695 208 1747 solide
237 1697 657 1763 comprobarunt,
702 1698 889 1764 quique
930 1697 1042 1748 ideo

47 1776 103 1820 ut
131 1769 395 1821 Ecclesiae
419 1770 598 1822 Patres
627 1777 677 1821 et
706 1771 953 1822 Doctores
990 1771 1039 1821 in

46 1859 251 1895 summo
298 1843 493 1896 honore
541 1844 836 1896 hahentur?
874 1874 947 1884 -—
987 1843 1040 1894 ln

46 1916 277 1986 qualibet
315 1918 584 1985 disciplina
639 1918 923 1985 theologica
965 1934 1043 1969 as-

49 1991 196 2044 sidua
244 1990 333 2043 SS.
391 1992 604 2045 Patrum
657 1992 807 2044 lectio
856 2008 1043 2058 magna

48 2065 398 2119 emolumenta
430 2068 660 2134 praehetg
693 2066 781 2117 sed
806 2067 855 2117 in
885 2066 1044 2118 Theo-

48 2139 184 2207 logia
225 2139 518 2207 dogmatica
578 2156 823 2209 perquam
870 2156 1046 2192 ncces-

51 2215 188 2266 saria
245 2221 354 2279 est3
397 2215 519 2283 quia
557 2214 646 2267 SS.
706 2214 885 2266 Patres
925 2221 1045 2266 sunt

51 2287 259 2340 divinae
285 2286 595 2341 Traditionis
623 2295 801 2349 testes
828 2305 1043 2357 quorum

50 2377 365 2415 consensum
417 2364 465 2414 in
528 2363 682 2416 rebus
732 2362 850 2414 fidei
903 2364 1045 2431 sequi

50 2442 273 2503 oportet.
307 2436 549 2489 Doctrina
581 2454 702 2505 ergo
718 2436 948 2498 Petrum,
969 2454 1049 2489 or-

53 2509 335 2562 thodoxam
350 2510 505 2564 fidem
518 2528 857 2573 concernenS‚
885 2518 1048 2580 syste-

51 2585 242 2636 matico
263 2585 443 2638 ordine
466 2588 514 2638 in
540 2586 816 2651 Theologia
842 2585 1049 2652 dogma-

54 2659 155 2710 tica
184 2658 492 2712 exhibetur:
537 2676 659 2727 ergo
690 2660 810 2711 huic
849 2676 1050 2728 quoque

54 2733 239 2784 merito
289 2734 590 2786 attribuitur
621 2776 632 2795 ,
699 2734 943 2802 quidquid
999 2736 1047 2785 in

55 2804 264 2858 laudem
290 2807 443 2859 studii
485 2808 729 2876 patristici
773 2809 1044 2875 profertur.

132 2879 184 2932 5.
218 2879 460 2934 Omnium
484 2882 671 2933 iudicio
692 2883 877 2932 summi
902 2883 1048 2949 pretii

58 2954 366 3007 aestimatur
430 2955 650 3008 studium
717 2955 1005 3007 historicum
1035 2996 1046 3016 ,

59 3029 193 3096 quod
244 3035 474 3082 mentem
513 3036 564 3082 et
616 3029 785 3081 erudit
824 3035 875 3080 et
916 3029 1052 3080 dele-

0 3108 187 3164 sctat,
231 3109 283 3155 et
322 3103 386 3155 ad
428 3119 605 3158 omnes
632 3103 875 3155 scientias
915 3104 1050 3155 viam

61 3174 264 3228 sternit.
308 3175 605 3246 Disciplinis
644 3176 1054 3230 autem'tlieolo-

0 3380 18 3472 [A
63 3395 262 3453 tissima
287 3405 387 3463 est,
417 3399 662 3467 quoniam
689 3401 825 3452 circa
847 3400 1054 3452 nobilis-

0 3474 14 3493 ²'
66 3470 255 3524 simum
305 3472 564 3526 obiectum
619 3479 872 3526 versatur.
918 3473 1056 3526 Haec

25 3540 188 3599 vero
225 3542 533 3614 Theologiae
583 3547 903 3616 dogmaticae
954 3563 1053 3601 non

61 3250 187 3316 gicis
234 3251 506 3319 praecipue
556 3253 799 3304 convenit
845 3251 1054 3303 historia

62 3323 398 3386 ecclesiastica,
442 3341 573 3394 quae
613 3327 664 3378 in
706 3342 761 3377 se
792 3333 1054 3394 praestan-

1101 290 1268 344 solum
1306 291 1466 355 utilis,
1511 291 1599 345 sed
1622 298 1673 346 et
1697 297 1983 350 necessaria
2009 305 2087 352 est

1102 365 1335 418 dicenda.
1368 365 1482 433 lpsa
1503 368 1695 420 etenim
1714 368 1989 435 Religionis
2009 388 2086 424 re-

1102 439 1304 492 velatae
1332 446 1380 492 et
1409 439 1671 494 Ecclesiae
1712 442 1874 508 origo,
1910 460 2088 511 propa·

1101 515 1238 579 gatio
1265 554 1277 574 ‚
1321 519 1372 566 et
1413 516 1736 567 conservatio
1776 531 1842 567 ex
1881 516 2087 569 historia

1103 587 1618 654 cognoscitur.Etiam
1632 589 1796 657 quo’ad
1812 590 2087 656 singularia

1103 661 1342 726 dogmata
1380 661 1431 712 in
1487 662 1762 730 Theologia
1802 663 2090 729 dogmatica

1102 741 1435 802 exponuntur
1474 743 1728 797 erranteS‚
1772 739 1856 804 qui
1886 737 1973 789 illa
2002 738 2091 790 im-

1105 815 1445 874 pugnarunt,
1490 810 1743 872 doctoreS,
1788 811 1873 878 qui
1915 811 2093 864 eadem

1103 882 1466 943 defenderunt,
1490 884 1588 935 imo
1606 890 1657 936 et
1685 885 2091 944 controversiae,

1102 973 1232 1025 quae
1261 957 1396 1024 cirea
1418 959 1627 1010 modum
1654 958 1894 1025 dogmata
1933 958 2096 1027 expli-

1103 1031 1250 1082 candi
1269 1032 1318 1082 in
1336 1030 1523 1084 scholis
1539 1033 1763 1101 agitatae
1784 1039 1927 1085 sunt.
1954 1032 2092 1095 Quod

1104 1122 1224 1171 ergo
1259 1105 1308 1156 in
1345 1106 1555 1157 historia
1581 1106 1930 1158 ecclesiastica
1952 1107 2095 1176 iuxta.

1104 1179 1335 1231 ordinem
1375 1186 1664 1247 temporum
1693 1180 1997 1241 exhibetur,
2046 1180 2096 1232 id

1106 1269 1289 1319 magna
1326 1270 1391 1305 ex
1422 1261 1564 1320 parte
1616 1255 1666 1305 in
1714 1254 1986 1322 Theologia
2016 1253 2098 1306 do-

1103 1329 1325 1394 gmatica
1368 1328 1650 1380 secundum
1685 1328 1915 1380 ordinem
1936 1335 2097 1380 mate-

1107 1402 1297 1453 riarum
1353 1408 1713 1469 pertractatur.
1759 1402 1882 1464 Quia
1943 1403 2099 1469 igitur

1103 1476 1376 1543 Theologia
1408 1476 1695 1542 dogmatica
1737 1491 1855 1527 cum
1890 1476 2100 1527 historia

1105 1550 1454 1602 ecclesiastiea
1485 1551 1663 1601 intime
1704 1556 1947 1602 contexta
1987 1555 2094 1613 est,

1106 1624 1189 1674 illa
1216 1625 1276 1676 dc
1298 1624 1452 1675 huius
1483 1625 1854 1691 praerogativis
1882 1623 1963 1676 vel
1993 1639 2099 1675 ma·

1107 1699 1240 1748 xime
1271 1698 1562 1764 participat.

1183 1773 1233 1822 li.
1264 1771 1574 1839 Philosophia
1612 1787 1640 1822 a
1667 1770 1845 1822 multis
1871 1777 1981 1823 tum
2009 1786 2100 1821 an·

1108 1845 1282 1912 liquis,
1311 1852 1420 1896 tum
1444 1845 1738 1895 recentibus
1766 1844 2100 1912 scriptoribus

1106 1920 1309 1983 magnis
1354 1918 1589 1969 laudibus
1629 1918 1896 1970 extollitur
1928 1959 1939 1979 ,
1975 1934 2101 1986 quas

1108 1995 1262 2044 etiam
1294 1998 1545 2051 meretur,
1571 1992 1609 2043 si
1635 2008 1692 2043 ea
1710 1998 1806 2051 est,
1832 2008 1987 2060 quam
2015 2008 2102 2043 no·

1107 2083 1224 2118 men
1250 2067 1510 2133 exprimit,
1543 2066 1741 2117 scilicet
1767 2067 2019 2126 veritatis,
2051 2073 2103 2117 et

1109 2142 1392 2209 sapientiae
1421 2155 1581 2191 amor.
1611 2139 1756 2191 Hanc
1777 2155 1954 2192 veram
1986 2139 2101 2190 Phi-

1111 2215 1393 2283 losophiam
1425 2221 1627 2266 tantum
1654 2214 1826 2275 abest,
1858 2220 1914 2264 ut
1941 2212 2101 2264 Theo-

1111 2289 1240 2356 logia
1266 2289 1557 2356 dogmatica
1583 2287 1799 2348 reliciat,
1824 2286 1907 2338 vel
1930 2303 2102 2354 asper-

1112 2371 1284 2424 netur,
1336 2370 1389 2413 ut
1431 2362 1599 2429 potius
1640 2377 1755 2412 eam
1794 2361 1886 2413 sibi
1922 2361 2102 2412 utilem

1110 2444 1162 2488 et
1190 2437 1536 2489 necessariam
1560 2441 1782 2502 reputet,
1805 2451 1864 2486 ac
1893 2441 1949 2486 ut
1977 2434 2104 2485 indi·

1112 2512 1320 2562 viduam
1344 2510 1585 2561 comitem
1612 2509 1705 2560 sibi
1733 2506 2098 2577 adsciscat(l).

1112 2585 1218 2636 Inio
1233 2583 1507 2650 Theologia
1532 2583 1840 2649 dogmatica,
1860 2597 1990 2650 quae
2007 2581 2103 2633 Re-

1114 2659 1386 2710 velationis
1415 2657 1583 2708 lucem
1605 2656 1823 2708 fideliter
1845 2656 2099 2723 sequitur,

1115 2732 1486 2802 philosophiam
1523 2731 1586 2782 ab
1616 2731 1873 2782 erroribus
1896 2735 2099 2798 purgat,

1113 2824 1140 2859 a
1171 2807 1334 2858 deviis
1363 2811 1679 2874 praeservat,
1718 2803 1986 2856 altioribus
2018 2819 2102 2855 co*

1114 2881 1429 2948 gnitionibus
1461 2878 1767 2946 locupletat,
1802 2877 2028 2929 illustrat
2055 2883 2107 2929 et

1116 2955 1331 3023 perficit.
1375 2953 1540 3006 Verae
1591 2967 1714 3018 ergo
1753 2950 2106 3018 Philosophiae

1117 3029 1294 3080 laudes
1316 3027 1559 3080 eminenti
1584 3028 1804 3094 quodam
1831 3024 1978 3078 modo
2010 3025 2102 3077 sibi

1117 3103 1342 3155 vindicat
1369 3101 1644 3167 Theologia
1667 3099 1978 3168 dogmatica.

1527 3214 1566 3273 ς
1591 3215 1691 3261 ze.

1562 3306 1646 3358 lll.

1115 3395 1303 3431 certitudo
1327 3402 1437 3438 quam
1466 3393 1543 3438 ipsa
1566 3393 1675 3438 parit,
1696 3397 1750 3428 est:
1773 3391 1922 3427 moralis
1944 3392 2096 3426 summa.

1194 3472 1243 3522 l.
1275 3469 1553 3537 Theologia
1577 3469 1866 3539 dogmatica
1893 3480 2108 3536 genera-

1164 3572 1214 3618 (1)
1239 3572 1308 3610 Th.
1336 3582 1419 3615 gen.
1447 3570 1471 3616 5
1498 3571 1553 3608 26.
