2332 3860
32 139 66 158 ἦ.

3 163 67 199 ..ἕως

0 202 43 237 :35
325 238 330 241 ,
632 202 751 241 mas
789 202 846 241 n.
885 204 1055 241 amno
1093 205 1130 241 1.
1173 201 1325 244 cnm·
1356 199 1436 240 ⁴nr.

10 282 472 363 oon-cqpiscentiam
520 283 844 338 sentiebant:
888 299 1004 337 eru-

11 361 172 433 buere
201 363 324 431 gpost
362 356 584 426 lapsum,
629 358 749 426 quia
790 357 878 410 illa
905 358 1006 427 pri·

10 429 318 504 tati-malos
355 431 804 500 concupiscentiae
830 437 1005 484 motus

6 496 424 585 &periebantun

16 577 183 653 obi.
214 578 290 632 4.·
320 577 460 642 Quae
489 578 551 631 de
579 585 1002 647 protoparentum

6 651 275 721 ielicitate,
343 652 583 713 iustitia,
627 669 689 704 ac
730 652 1005 705 beatitudi-

5 727 77 794 ne
102 726 395 779 referuntur
413 767 445 788 ,.
470 726 796 778 amandanda
837 726 1004 794 potius

8 791 248 871 sidentur
285 800 419 852 inter
458 799 704 860 fabellaS‚
770 816 901 868 quae
942 801 1003 851 de

9 875 162 929 aurea
201 879 371 926 aetate
398 873 533 941 apud
563 881 765 926 veteres
789 875 1006 926 circum·

10 939 332 1023 ferebantur:
378 963 499 1000 nam
534 964 600 999 ex
627 948 837 1000 historia
880 964 1002 1000 con-

10 1024 143 1084 stat,
185 1036 364 1074 omnes
405 1021 618 1090 populos
665 1022 714 1073 in
757 1022 862 1074 suis
903 1023 1004 1089 pri-

10 1094 215 1161 mordiis
256 1094 476 1148 incultos
529 1096 684 1148 fuisse
732 1102 782 1147 et
821 1095 1006 1148 barba-

13 1166 120 1243 ερε,
162 1168 389 1221 belluino
416 1184 578 1230 more,
624 1169 786 1221 nudos
826 1170 877 1221 in
919 1170 1005 1221 sil-

13 1242 90 1307 Ῡίε
127 1243 339 1295 vixisse.
384 1242 509 1305 Quia
565 1253 737 1295 autem
780 1244 1003 1311 perfecta

16 1315 136 1370 tunc
156 1316 459 1368 fruebantur
488 1316 743 1378 libertate,
772 1324 1006 1386 poterant

16 1389 336 1462 postmodum
375 1396 566 1442 statum
616 1390 762 1442 illum
827 1397 880 1443 ut
920 1408 1007 1443 au-

15 1464 157 1522 ream
196 1470 419 1516 aetatem
461 1464 806 1517 considerare.

27 1525 53 1602 ⁹.
86 1536 228 1605 Resp.
280 1537 520 1605 Turpiter
578 1555 670 1593 suo
720 1540 1006 1591 abutuntur

0 1598 220 1679 ‚ingenio
237 1610 624 1672 Rationalistae‚
646 1612 767 1664 dum
784 1614 1007 1665 iustitiae

0 1678 78 1747 iac
134 1686 424 1737 sanctitatis
483 1688 765 1753 primorum
826 1704 1008 1755 paren-

0 1758 128 1814 lium
165 1765 356 1811 statum
414 1775 532 1811 cum
575 1767 808 1812 veterum
852 1778 1006 1828 popu-

0 1820 182 1907 llorum
201 1832 313 1885 auri
334 1839 503 1886 aetate
527 1836 852 1901 permiscent.
868 1835 1007 1897 Quae

0 1905 155 1960 ieni'm
195 1906 257 1958 de
297 1907 446 1975 primi
489 1907 709 1959 hominis
749 1910 1008 1960 creatione

0 1978 330 2043 insternatur,
374 1997 440 2033 ex
482 1990 813 2035 monumento
855 1982 1009 2034 histo-

0 2053 125 2124 irj'co
163 2055 299 2106 omni
341 2054 440 2106 fide
474 2056 791 2124 dignissimo,
835 2057 1012 2108 videli-

0 2127 205 2201 “istie'‘
242 2127 431 2197 Moysis
472 2129 681 2183 historia
732 2131 1006 2192 habentur,

0 2220 8 2252 ι
44 2203 150 2274 ’μεθ
188 2212 287 2254 non
330 2202 494 2255 solum
529 2208 760 2258 caeteras
787 2204 1011 2258 antecel-

0 2276 9 2320 Ι
61 2279 83 2330 t
118 2276 442 2344 antiquitate,
485 2277 573 2330 sed
609 2279 755 2330 cuius
796 2279 1014 2330 autenti-

0 2349 168 2417 scitas,
191 2350 444 2402 veracitas
467 2350 567 2403 iam
596 2352 819 2419 plurium
836 2369 1013 2404 saccu-

0 2418 191 2488 llssorum
238 2439 529 2485 consensu,
590 2441 651 2477 ac
705 2427 1012 2493 sapientium

0 2496 251 2578 tqumium
274 2497 474 2550 calculo
500 2497 702 2551 firmata
728 2501 839 2552 fuit.
874 2499 1014 2562 Quae

0 2570 196 2625 mutem
236 2570 298 2623 de
343 2588 502 2624 aurea
553 2580 722 2626 aetate
776 2573 1017 2642 adlegan-

3 2644 113 2725 ttur
137 2684 150 2706 ,
191 2660 424 2714 quaeque
462 2653 517 2698 ut
546 2646 755 2714 pulcrae
791 2650 1016 2717 poeticae

0 2717 406 2786 imaginationis
446 2720 655 2773 inventa
690 2722 866 2774 haberi
907 2739 1017 2790 pos-

3 2799 69 2856 t,
92 2796 148 2844 nt
166 2832 179 2852 ,
203 2791 359 2844 nullis
398 2792 681 2845 fulciuntur
709 2795 1019 2847 authenticis

15 2863 17 2869 ’
46 2884 101 2948 [ξι
129 2866 368 2918 umentis,
395 2865 499 2918 Nisi
521 2867 676 2919 etiam
705 2868 941 2920 dicantur
956 2886 1021 2921 ex

0 2929 250 3069 'fflsaica
291 2939 584 2992 narratione
613 2941 849 2994 habuisse
878 2959 1023 2994 exor-

48 3027 192 3085 dm,
233 3027 295 3064 ac
334 3029 425 3082 per
454 3012 657 3082 longam
698 3016 1021 3068 saeculorum

3 3079 360 3169 [gilli-tionem
424 3087 561 3140 inter
617 3096 799 3156 gentes
863 3097 1024 3142 trans·

6 3158 174 3230 ijs„
250 3160 425 3214 multis
487 3161 689 3230 fabellis
739 3166 1024 3232 permixta.

11 3256 23 3271 ⁴
40 3225 366 3307 afli-'Gratuita
405 3235 562 3288 etiam
587 3237 793 3290 omnino
815 3238 1024 3305 ‚profer-

0 3308 26 3357 -t
42 3298 127 3371 {fiir
166 3306 375 3378 populos
412 3308 463 3360 in
492 3310 600 3362 suis
640 3310 928 3378 primordiis
957 3312 1030 3363 in-

0 3374 217 3450 T§dimoti
247 3378 436 3451 fuisse3
478 3398 595 3438 cum
649 3385 815 3450 potius
853 3401 919 3437 ex
974 3385 1029 3436 li·

84 3451 91 3458 ’
125 3466 156 3503 ε
189 3443 378 3529 Moysis
402 3451 617 3528 constet
636 3455 800 3509 Deum
843 3458 1031 3525 primos

8 3654 57 3710 ’ξ
99 3624 266 3691 ’Κποῑὴ
287 3630 435 3681 Theol.
457 3634 616 3686 Deam.
640 3660 698 3672 —
725 3635 821 3683 Vol.
856 3636 894 3681 Ι.

1874 182 1976 236 ΞἩ

1067 283 1224 337 etiam
1247 283 1298 335 in
1328 279 1633 343 necessariis
1658 284 1875 347 paterno
1905 277 2055 332 modo

1067 357 1391 416 instruxisse.
1424 353 1601 423 Populi
1629 359 1806 407 autem
1825 367 1925 420 quo
1955 368 2060 405 ma-

1065 433 1145 499 gis
1166 447 1196 484 a
1210 429 1559 483 Revelationis
1576 427 1691 482 luce
1713 433 2058 491 recesserunt,

1067 522 1126 558 eo
1166 504 1332 573 magis
1369 504 1422 556 in
1450 518 1651 555 morum
1679 500 1886 554 cultura
1925 499 2062 551 defe-

1067 595 1227 640 cere,
1286 584 1338 630 et
1393 577 1697 630 inordinatis
1739 574 2063 643 passionibus

1068 652 1415 719 indulgentes,
1447 650 1918 717 accedentibusque
1944 662 2064 699 cau-

1066 727 1135 779 sis
1174 726 1400 778 externis
1440 741 1492 777 v,
1538 741 1590 792 g.
1636 723 1817 784 bellis,
1861 721 2067 774 seditio-

1069 800 1219 852 nibus
1258 807 1359 852 etc.
1417 799 1467 852 in
1510 798 1803 851 barbariem
1844 794 2068 864 prolapsi

1066 879 1207 935 sunt,
1253 889 1386 942 quae
1415 873 1619 925 nonnisi
1661 887 1751 940 per
1786 885 1941 923 verae
1969 868 2068 921 Re·

1068 947 1271 1016 ligionis
1295 948 1727 1000 restaurationem
1748 943 1936 998 auferri
1963 947 2070 1010 pot·

1067 1030 1165 1075 est.
1184 1022 1504 1075 —Tandem
1547 1021 1774 1075 maxime
1813 1019 2067 1071 absonum

1067 1104 1145 1149 est
1187 1098 1574 1166 persuasionem
1602 1095 1665 1146 de
1694 1108 1852 1146 aurea
1888 1091 2069 1145 mundi

1068 1178 1237 1225 aetate
1277 1171 1343 1223 ab
1381 1170 1471 1222 illo
1511 1175 1648 1222 statu
1676 1174 1928 1236 repetere,
1969 1181 2068 1235 quo

1070 1246 1302 1297 homines
1342 1244 1571 1296 belluino
1613 1242 1898 1294 miserrime
1929 1241 2070 1292 vive-

1069 1320 1193 1371 bant
1232 1334 1394 1382 more3
1439 1318 1673 1371 homines
1714 1318 1851 1368 enim
1893 1314 1990 1366 hoc
2018 1314 2070 1365 in

1069 1400 1206 1446 statu
1250 1393 1482 1460 plurimis
1522 1390 1782 1451 comodiS‚
1826 1404 1888 1442 ac
1927 1389 2070 1440 omni

1069 1468 1347 1519 securitate
1388 1466 1652 1526 carebant,
1697 1463 1964 1531 multaque
1990 1478 2073 1514 ar-

1070 1541 1170 1593 dua
1209 1542 1465 1593 sustinere
1506 1540 1779 1591 debebant:
1812 1535 2068 1606 quomodo

1071 1631 1192 1681 ergo
1239 1615 1380 1667 illam
1435 1620 1669 1681 poterant
1722 1619 1780 1664 ut
1829 1611 1943 1664 auri
1985 1626 2071 1663 ae-

1073 1695 1228 1741 tatem
1270 1689 1460 1740 habere
1486 1686 1512 1739 Ῥ

1145 1763 1195 1814 5.
1253 1762 1417 1814 Status
1468 1761 1689 1812 iustitiae
1726 1775 1812 1811 seu
1878 1757 2068 1825 qratiae

1071 1835 1420 1905 sanctificantis
1459 1843 1501 1886 et
1553 1834 1823 1900 salicitana,
1872 1833 1922 1883 in
1971 1846 2070 1898 qua

1069 1910 1221 1977 primi
1247 1916 1517 1975 parentem
1540 1908 1639 1959 Deo
1668 1906 1920 1960 constituti
1939 1912 2070 1971 sunt,

1074 2000 1172 2036 non
1198 1991 1302 2034 erac
1335 1985 1404 2035 eis
1432 1982 1645 2043 debitus,
1689 1982 1807 2049 quia
1844 1996 1942 2032 non
1967 1986 2071 2030 erat

1074 2058 1339 2117 naturalia,
1371 2057 1451 2109 sed
1478 2054 1895 2125 supernaturalis.
1917 2051 2072 2106 —Ut

1074 2131 1199 2183 hacc
1242 2131 1515 2199 propositio
1568 2132 1664 2182 rite
1711 2128 2069 2195 intelligatur,

1076 2206 1124 2256 in
1168 2206 1343 2273 primis
1383 2205 1750 2256 declarandum
1794 2210 1907 2263 est,
1950 2200 2097 2270 quid-

1074 2279 1300 2331 natm-ale
1340 2295 1431 2331 seu
1471 2287 1683 2330 naturae
1733 2276 1978 2336 debitum,
2023 2281 2074 2326 et

1076 2354 1194 2421 quid
1234 2352 1615 2419 supernaturale
1641 2368 1732 2403 seu
1759 2361 1972 2403 naturae
1997 2348 2073 2399 in-

1076 2427 1284 2478 debitum
1325 2427 1544 2478 dicatur.
1590 2424 1835 2477 Naturale
1888 2423 2074 2475 dicitur

1078 2501 1211 2568 quod
1270 2508 1347 2553 est
1405 2499 1691 2552 secundum
1757 2497 2075 2563 exigentiam

1082 2582 1316 2636 naturae,
1363 2575 1559 2642 ipsique
1590 2573 1820 2624 debitum
1856 2570 1935 2623 vel
1967 2576 2076 2622 tan-

1079 2665 1234 2717 quam
1262 2650 1372 2701 eius
1401 2665 1538 2716 pars,
1571 2647 1653 2699 vel
1691 2654 1935 2714 tanquam
1965 2659 2077 2711 pro-

1083 2724 1271 2789 prietas
1312 2739 1377 2775 ex
1405 2723 1515 2774 eius
1571 2721 1830 2788 principiis
1867 2717 2036 2770 fluens
2059 2757 2074 2777 ‚

1083 2797 1367 2848 cuiusmodi
1402 2798 1450 2847 in
1488 2796 1695 2848 homine
1734 2799 1855 2846 sunt
1894 2807 2079 2859 corpus

1083 2877 1135 2922 et
1173 2872 1367 2928 anima,
1410 2877 1500 2922 aut
1554 2869 1776 2920 facultas
1823 2865 2080 2920 sentiendi

1085 2950 1136 2995 et
1182 2944 1526 3010 intelligendi.
1579 2943 1769 2994 Contra
1834 2955 2082 3008 superna·

1087 3017 1254 3069 turale
1301 3025 1399 3080 est,
1445 3015 1578 3085 quod
1617 3021 1829 3084 superat
1877 3028 2083 3067 omnem

1090 3091 1344 3153 humanae
1423 3097 1641 3142 naturae
1718 3089 2037 3156 exigentiam
2068 3128 2080 3147 ,

1087 3165 1220 3233 quod
1262 3165 1309 3216 ei
1351 3165 1501 3232 plane
1539 3163 1826 3229 indebitum
1874 3170 1953 3214 est
1979 3203 1993 3223 ‚
2036 3167 2087 3212 et

1090 3242 1199 3289 sine
1252 3254 1350 3305 quo
1406 3238 1494 3289 illa
1554 3238 1838 3290 consistere
1895 3242 2083 3304 potest.

1090 3312 1178 3363 His
1208 3311 1541 3377 p1·aenotati5‚
1574 3313 1804 3380 quaestio
1834 3308 2088 3363 movenda

1092 3393 1190 3445 est,
1226 3401 1290 3436 an
1322 3391 1488 3451 status
1522 3386 1767 3446 iustitiae,
1799 3382 2087 3437 sanctitatis

1093 3465 1144 3510 et
1183 3457 1462 3519 felicitatiS,
1505 3459 1556 3510 in
1597 3474 1697 3528 quo
1729 3459 1877 3525 primi
1908 3469 2087 3523 paren-

143 3523 279 3601 Ι,ἰξηερε
315 3541 416 3592 non
453 3528 619 3593 solum
659 3545 860 3584 creasse
887 3572 900 3593 ,
944 3531 1032 3585 sed
1098 3539 1174 3590 tes
1212 3533 1475 3586 constituti
1515 3540 1656 3593 sunt,
1699 3529 1952 3584 naturalis
1999 3527 2090 3580 eis-

1906 3606 1965 3658 21
