2332 3860
0 0 180 149 ’Ψ

4 175 11 178 „
41 150 106 194 *ll-[N

20 220 24 225 *
48 214 87 254 -.⁴·:

695 205 813 243 PARS
847 205 921 243 ῙΠ.
964 205 1128 243 sumo
1163 203 1201 242 1.
1244 201 1396 240 CAPUT
1432 207 1500 240 lv.

1947 189 2056 243 [197

31 250 453 355 'smeamsquam
475 284 645 339 dedisti
664 284 787 338 mihi
815 284 910 356 (i).
938 284 1083 337 chri-
1124 283 1430 336 numanae:
1474 283 1606 336 sicut
1643 281 1749 336 neo
1790 283 1912 336 nihii
1937 285 2128 353 deerat,

105 368 226 415 stus·
253 359 364 412 vult
404 376 492 428 pro
530 359 707 412 electis
747 360 853 411 suis
892 366 1080 412 statum

55 429 446 496 ,beatitudinis
488 434 538 485 in
579 448 678 500 quo
717 449 772 484 se
812 433 911 486 iam
970 447 1084 486 esse

104 506 392 578 profitetur:
435 506 517 558 ubi
541 522 650 558 sum
696 523 796 574 eqo,
854 513 904 559 et
943 513 1085 574 optat

104 582 176 635 eis
196 581 440 633 visionem
467 580 772 641 beatificam,
808 596 960 648 quam
990 578 1082 631 sibi

102 655 203 708 iam
243 669 536 707 concessam
574 656 790 706 asserit:
824 653 981 718 Quam
1008 653 1085 704 de-

100 728 220 782 'disti
284 727 424 780 mihi.
495 728 630 780 Haec
695 728 847 780 verba
911 734 1083 779 autem

104 803 332 855 Christus
371 801 572 854 locutus
611 808 686 855 est
725 808 843 854 ante
903 803 1086 869 passio-

104 892 220 929 nem
259 883 310 928 et
349 882 583 937 mortem,
654 876 736 928 ubi
802 875 1084 928 claritatem

104 950 324 1018 corporis
388 949 554 1001 adhuc
617 956 920 1002 consecutus
984 965 1082 1000 non

103 1026 298 1087 fuerat3
343 1039 462 1092 ergo
502 1023 588 1075 illa
612 1023 938 1090 intelligenda
966 1030 1086 1075 sunt

105 1099 166 1151 (16
205 1099 406 1150 animae
446 1098 695 1158 claritate,
727 1114 818 1150 seu
839 1098 899 1149 de
922 1098 1085 1149 scien-

102 1175 173 1225 tia
213 1171 444 1225 beatifica
483 1179 533 1223 et
591 1172 828 1224 intuitiva
894 1172 1085 1223 visione

102 1246 214 1299 Dei.
246 1276 316 1284 —
359 1244 436 1298 Ss.
483 1245 648 1297 Patres
694 1246 1085 1298 fundamentali-

104 1321 199 1372 bus
239 1320 298 1371 de
338 1318 504 1373 Verbo
559 1321 823 1372 incarnato
881 1321 1086 1386 dogma-

104 1395 241 1447 tibus
280 1400 455 1446 contra
495 1394 777 1446 haereticos
817 1394 1088 1446 defenden-

105 1469 182 1520 dis
220 1468 442 1519 maxime
483 1470 728 1534 occupati,
770 1468 829 1520 de
897 1469 1086 1520 visione

59 1566 70 1582 κ
104 1542 336 1594 beatifica
376 1543 575 1593 animae
615 1542 798 1594 Christi
838 1559 867 1593 a
928 1543 1086 1610 primo

106 1617 453 1683 conceptionis
472 1617 679 1667 instanti
702 1632 942 1668 concessa
967 1633 1087 1684 pau·

103 1707 162 1743 ca
203 1690 402 1758 quidem
445 1691 777 1757 scripserunt,
821 1691 906 1742 sed
948 1691 1086 1742 illam

106 1772 279 1816 tamen
323 1780 421 1815 non
464 1771 736 1832 negarunt.
781 1764 887 1816 Imo
935 1781 1087 1832 quae-

108 1838 224 1889 dam
266 1836 474 1889 Patrum
516 1838 800 1890 testimonia
841 1855 870 1890 a
898 1838 1089 1891 theolo-

106 1913 183 1979 gis
221 1911 409 1968 referre
448 1912 631 1973 solent,
675 1913 723 1963 in
747 1912 928 1980 quibus
951 1929 1089 1978 prae-

104 1986 263 2038 fatum
307 1985 624 2053 privilegium
665 1988 864 2038 animae
905 1985 1087 2039 Christi

105 2059 444 2113 adiudicatur.
487 2060 723 2112 Eusebius
761 2059 960 2112 Caesar.
1012 2059 1086 2131 (Q)

106 2149 368 2202 exponens
406 2133 492 2185 illa
535 2134 687 2187 verba
745 2134 968 2187 Psalmi:
1029 2135 1087 2186 In

109 2215 149 2259 te
187 2209 424 2273 proiectus
469 2224 574 2259 sum
603 2224 663 2259 ‹3oe
703 2217 838 2260 utero
861 2227 878 2260 .·
908 2210 963 2261 de
984 2225 1091 2261 ven-

109 2290 180 2333 tre
222 2282 395 2332 matris
440 2297 568 2333 meac
606 2282 734 2334 Deus
775 2299 906 2335 meus
950 2300 996 2334 es
1038 2291 1089 2334 ιιι

108 2353 208 2426 (5)3
240 2355 309 2407 ita
349 2354 598 2422 loquitur:
654 2377 675 2404 «
733 2355 858 2408 Cum
921 2357 1090 2410 adhuc

111 2429 242 2481 intra
281 2427 462 2480 cellam
491 2431 738 2495 gestantis
761 2447 840 2482 me
862 2432 911 2482 in
947 2439 1089 2483 utero

112 2501 346 2564 laterem,
410 2508 458 2553 te
511 2511 679 2555 tamen
718 2504 879 2556 Deum
920 2521 1088 2556 meum

113 2576 366 2628 videbam.
389 2595 414 2625 n
439 2605 508 2616 --
531 2577 589 2630 S.
606 2577 910 2646 Auqustiuus
937 2579 1021 2631 lib.
1040 2580 1090 2633 lt.

104 2643 166 2697 de
229 2666 478 2703 consensu
519 2651 766 2720 Evangel.
800 2651 908 2723 (li),
962 2661 1092 2721 post-

106 2736 161 2790 qt
181 2740 262 2777 am
303 2726 540 2786 asseruit,
586 2728 839 2779 neminem
879 2729 932 2779 in
996 2728 1091 2780 hac

107 2796 160 2847 vi
189 2813 221 2851 a
258 2797 432 2851 videre
489 2815 634 2866 posse
690 2801 1091 2869 limpidissimam

107 2867 255 2924 illam
293 2871 488 2934 lucem,
556 2874 605 2924 in
671 2890 770 2942 qua
834 2875 1092 2928 Trinitatis

108 2944 393 3015 aequalitas
414 2953 465 2998 et
486 2946 967 3001 incommutabilitas
990 2966 1094 3001 cer-

111 3026 327 3081 nuntur,
372 3019 445 3072 sic
483 3020 657 3073 addit:
691 3042 716 3070 «
750 3038 845 3091 qua
870 3025 1094 3076 maxime

114 3094 422 3162 proprietate
462 3094 614 3147 distat
635 3111 662 3146 a
686 3098 900 3149 caeteris
930 3098 1095 3164 hom0‚

110 3168 259 3220 cuius
297 3169 615 3236 susceptione
685 3169 909 3223 Verbum
978 3188 1095 3224 caro

114 3238 303 3294 factum
344 3249 439 3295 est.
500 3262 525 3291 »
581 3242 638 3295 S.
682 3242 969 3298 Ambrosius
1020 3246 1094 3316 (5)

112 3315 291 3368 stribit
328 3315 389 3368 de
430 3314 629 3369 Christo
655 3334 668 3368 ε
703 3337 729 3366 «
759 3317 966 3387 Accepit
995 3321 1096 3388 ple-

117 3387 401 3442 nitudinem
442 3398 656 3443 naturae
697 3398 748 3444 et
780 3393 1098 3460 perfectionis

161 3515 212 3559 (1)
235 3517 285 3551 lo.
311 3517 366 3559 17,
389 3519 444 3554 st.

162 3560 212 3604 (2)
236 3562 313 3598 Lib.
339 3562 381 3598 10
403 3565 503 3600 Dem.
529 3574 657 3609 evang.
682 3575 759 3611 cap.
781 3567 832 3602 21.

235 3643 394 3698 lcnozl,
418 3650 535 3692 Teol.
558 3625 788 3700 doqms—
818 3650 912 3698 Vol.
931 3650 971 3695 Ῐ.

1147 359 1215 411 ita
1257 370 1351 410 nec
1407 355 1627 412 hominis
1655 362 2128 430 consummationi,

1146 437 1203 484 ut
1240 437 1373 484 esset
1414 430 1667 498 perfectus
1707 434 1757 483 in
1790 438 2004 500 utraque
2032 428 2129 487 for-

1147 522 1248 557 ma.
1291 503 1436 557 Unde
1477 511 1527 556 et
1565 504 1727 556 David
1794 506 1950 557 dicit:
2016 507 2130 576 Spe·

1144 580 1299 632 ciosus
1351 579 1515 646 forma
1547 594 1670 646 prae
1709 579 1827 648 filiis
1854 579 2126 643 homanum,

1146 659 1245 706 etc.
1271 652 1405 704 »His
1426 652 1594 704 verbis
1615 651 1705 703 Dei
1735 652 1839 703 filio
1866 656 2130 707 incarnato
2162 662 2163 666 ’

1146 727 1273 779 visio
1313 725 1544 779 beatifica
1608 726 1935 787 adscribitur,
2002 745 2132 797 quae

1146 807 1283 852 certe
1310 800 1373 852 ad
1415 800 1785 868 plenitudinem
1809 801 2131 868 perfectionis

1146 874 1400 927 humanae
1439 876 1679 942 pertinet,
1723 875 1787 926 ad
1826 891 1979 944 quam
2044 877 2132 928 bo—

1148 949 1310 1001 mines
1350 949 1412 999 ad
1453 949 1608 1001 finem
1648 956 1698 1000 et
1737 951 2132 1002 consummatio-

1148 1039 1262 1074 nem
1304 1038 1450 1075 suam
1492 1022 1725 1075 tendunt.
1987 1041 1989 1043 ·

1220 1096 1272 1149 5.
1316 1095 1538 1149 Scientia
1560 1097 1798 1164 acquisita
1824 1097 2008 1149 dicitur
2029 1097 2163 1165 illa,·

1146 1187 1274 1240 quae
1317 1172 1527 1239 propriis
1566 1178 1780 1223 naturae
1802 1172 1995 1224 viribus
2024 1188 2132 1224 suc·

1147 1261 1293 1297 cessu
1336 1246 1578 1313 temporis
1618 1253 1943 1313 comparatur
1958 1265 1974 1310 3
2008 1246 2133 1299 baec

1148 1319 1244 1371 dici
1283 1319 1412 1371 solet
1451 1320 1844 1387 experimentale's
1872 1320 1914 1371 si
1941 1321 2135 1372 obtine-

1149 1401 1232 1445 tur
1270 1410 1361 1461 per
1392 1394 1647 1445 actualem
1688 1409 1932 1446 sensuum
1955 1410 2132 1463 opera·

1150 1471 1357 1528 tionem,
1402 1468 1480 1519 cui
1518 1474 1568 1519 et
1588 1468 1883 1535 adiungitur
1914 1469 2133 1535 cognitio

1149 1541 1439 1594 intellectus
1478 1558 1631 1610 super
1670 1542 1783 1594 illas
1816 1544 2134 1610 operationes

1150 1615 1477 1668 reflectentis.
1547 1615 1969 1684 investigandum
2033 1618 2135 1668 iam

1149 1698 1224 1742 est
1262 1706 1328 1742 an
1368 1697 1419 1742 et
1457 1692 1619 1758 qualis
1647 1691 1859 1743 scientia
1886 1691 2140 1760 acquisita

1149 1764 1349 1817 Christo
1378 1771 1432 1815 ut
1469 1764 1656 1816 homini
1692 1768 1758 1816 sit
1784 1764 2129 1817 attribuenda.

1149 1869 1220 1877 —-
1242 1837 1473 1890 Christus
1497 1845 1550 1890 ut
1579 1839 1727 1890 homo
1751 1847 1951 1906 practer
1971 1839 2133 1890 scien-

1151 1913 1272 1964 tiam
1313 1912 1598 1964 beatificam
1639 1914 1929 1965 etinsusam
1958 1912 2160 1964 habuit>

1150 1988 1301 2039 etiam
1342 1986 1610 2038 scientiam
1650 1988 1972 2054 acquisitam.
1998 1985 2135 2038 Haec

1150 2061 1436 2113 insinuatur
1477 2059 1598 2112 Luc.
1645 2061 1844 2122 2³52:
1880 2061 2137 2130 Iesuspro-

1148 2135 1330 2204 ficiebat
1369 2135 1607 2202 sapiencia
1659 2143 1701 2186 ec
1753 2142 1902 2187 aetate
1960 2143 2002 2187 et
2028 2150 2139 2202 yra-

1150 2211 1218 2261 tia
1269 2210 1396 2278 apud
1443 2208 1599 2260 Deum
1642 2216 1684 2259 el
1737 2208 1985 2273 homine33
2042 2209 2138 2259 boc

1150 2284 1306 2343 enim,
1350 2299 1466 2334 cum
1510 2299 1673 2351 neque
1713 2282 1775 2334 de
1815 2283 2006 2341 divina,
2051 2297 2138 2333 ne·

1151 2374 1248 2426 que
1289 2357 1349 2408 de
1391 2358 1559 2417 beata,
1616 2372 1781 2424 neque
1845 2356 1907 2407 de
1971 2355 2138 2407 infusa

1150 2432 1333 2483 Christi
1400 2430 1613 2482 scientia
1677 2429 1892 2496 intelligi
1960 2430 2135 2497 possit,

1150 2507 1293 2574 quasi
1332 2504 1499 2572 aliqua
1540 2506 1750 2555 istarum
1774 2506 1928 2556 trium
1955 2519 2139 2556 secun-

1152 2580 1271 2631 dum
1311 2580 1527 2646 seipsam
1556 2585 1937 2645 augmentetur,
1964 2592 2138 2630 neces-

1152 2654 1284 2706 sario
1323 2653 1709 2720 intelligendum
1750 2660 1828 2704 est
1874 2651 1935 2704 de
1974 2652 2138 2704 scien-

1153 2729 1220 2780 tia
1260 2727 1611 2794 experimento
1650 2727 1918 2794 acquisita,
1948 2733 2138 2778 etcon·

1153 2809 1425 2871 sequenter
1465 2818 1554 2869 per
1592 2800 1688 2852 hoc
1713 2801 1951 2868 supponit
1974 2799 2139 2853 Evan-

1154 2877 1355 2942 gelista‚
1401 2877 1554 2927 talem
1595 2875 1860 2927 scientiam
1903 2874 2058 2927 fuisse
2084 2875 2135 2926 in

1154 2951 1372 3003 Christo,
1415 2949 1495 3002 Ss,
1539 2949 1716 3001 Patres
1743 2949 1979 3017 equidem
2012 2948 2138 3001 baec

1156 3026 1306 3077 verba
1348 3023 1513 3092 quoad
1552 3024 1818 3074 scientiam
1857 3022 2039 3075 Christi
2068 3023 2138 3075 di·

1157 3101 1347 3158 vinam,
1392 3097 1675 3150 beatificam
1715 3104 1767 3149 et
1806 3096 2022 3149 infusam
2078 3097 2139 3149 de

1157 3172 1262 3224 sola
1303 3173 1708 3225 manifestatione
1748 3187 1986 3224 successu
2015 3178 2138 3223 tem-

1161 3247 1293 3314 poris
1333 3246 1625 3314 proficiente
1689 3252 1984 3313 exponunt3
2052 3246 2137 3297 sed

1160 3330 1329 3373 tamen
1386 3319 1550 3387 quoad
1615 3319 1878 3372 scientiam
1944 3320 2138 3385 experi-

1158 3401 1331 3446 mento
1369 3394 1666 3463 acquisitam
1710 3410 1886 3447 verum
1914 3394 1965 3445 in
2002 3392 2119 3444 Chri

1206 3525 1254 3567 (3)
1280 3525 1332 3560 rs.
1360 3525 1414 3567 21,
1442 3525 1496 3560 11.
1865 3525 1913 3570 (ι)
1938 3525 2008 3568 cap
2032 3524 2100 3560 un.

1205 3570 1254 3610 (5)
1281 3571 1356 3605 Lib.
1370 3570 1404 3615 7,
1428 3573 1489 3615 Ep.
1525 3567 1583 3615 4⁸1,
1604 3571 1649 3607 ad
1669 3571 1766 3605 Iren-

1986 3648 2043 3691 32
