2332 3860
1078 106 1108 121 ἰ

693 177 810 215 rans
846 177 919 213 nr.
961 177 1124 216 scorto
1162 178 1198 215 1.
1241 175 1390 215 capu’r
1428 177 1476 212 v
1930 161 2031 218 titt

0 251 132 324 ‘Vae
156 266 333 326 mutim
371 255 607 323 tollunt,
618 263 710 309 aut
748 274 776 308 e
816 256 1066 320 diametro
1128 256 1318 313 Natura
1340 255 1567 324 humana
1606 253 1824 322 aVerbo
1851 264 2113 343 assumpta

55 334 177 392 {sthi
216 339 560 402 apponuntur.
616 318 695 393 Ad
745 330 1067 386 adversarios
1129 331 1299 384 nonin
1329 319 1555 383 divinam
1581 337 1779 393 mutata
1805 337 1900 399 est,
1926 332 2115 386 sedin-

45 424 206 475 ...ergo
253 412 494 474 spectat,
557 403 686 463 tales
743 405 870 458 duas
927 397 1067 460 ideas
1130 413 1292 474 tegra,
1317 371 2113 474 inconfusaetimpermi’xtaper-

57 487 306 550 [apertam
349 485 402 532 et
468 477 752 542 absolutam
817 480 1068 532 contradi·
1128 476 1348 544 mansit3
1401 494 1566 547 neque
1629 478 1716 531 illa
1782 478 2114 547 perfectiones

42 554 295 622 ,jetionem
335 551 655 605 involventes
694 553 982 615 ostendere,
1016 562 1067 606 et
1127 554 1327 607 divinas
1366 552 1416 604 in
1455 568 1510 605 se
1549 552 1749 619 recipit,
1793 552 1881 605 sed
1945 568 2114 606 essen-

53 627 318 697 'quamdiu
346 627 394 692 id
425 642 523 678 non
554 628 918 693 praestiterint,
949 643 1068 680 con·
1128 628 1272 679 tiales
1311 642 1430 679 suas
1459 626 1794 695 proprietates
1822 626 2046 682 retinens
2084 644 2115 681 a

78 702 309 756 tradictio
330 716 480 769 quam
503 708 759 762 asserunt,
785 702 1064 754 rectissime
1126 701 1293 755 Verbo
1333 700 1525 762 divino,
1569 715 1685 752 cum
1726 716 1824 768 quo
1849 726 1852 728 -
1879 699 2117 770 hyposta-

50 770 313 844 ‘pegatun
357 804 428 813 -—
465 773 562 826 Sed
613 775 783 826 nullus
829 775 1063 827 adversa-
1130 777 1223 828 tice
1251 775 1392 828 unita
1421 781 1519 835 est,
1554 774 1881 833 terminatur,
1922 775 2116 843 perfici·

77 851 266 905 riorum
307 848 355 900 id
382 865 605 917 unquam
648 850 920 917 praestitit,
947 866 1067 918 quo·
1128 857 1211 902 tur
1250 856 1302 902 et
1339 849 1554 914 regitur.
1599 848 1732 901 Nihil
1774 848 1996 916 profecto
2062 850 2112 903 in

77 925 215 978 niam
234 923 557 977 ,abiectiones
583 924 646 976 ab
675 923 752 975 his
781 925 1063 992 propositae
1128 924 1221 975 hac
1261 923 1487 975 doctrina
1530 923 1810 984 invenitur,
1835 924 1967 991 quod
1997 938 2116 978 con·

76 1014 108 1052 a
145 997 224 1050 Ss.
267 996 502 1049 Patribus
542 1004 592 1049 et
645 996 892 1064 theologis
948 999 1064 1050 soli·
1128 997 1480 1049 tradictionem
1522 997 1772 1058 involvat,
1815 1003 1905 1048 aut
1945 1004 2114 1050 rectae

77 1073 314 1135 dissimae
360 1071 652 1129 confutatae
703 1077 859 1133 sunt,
905 1078 961 1124 ut
1000 1089 1062 1124 ex
1127 1073 1306 1123 rationi
1349 1077 1620 1140 repugnet.
1666 1102 1755 1141 —7
1790 1070 1943 1124 Nulla
1982 1071 2116 1125 deni·

0 1190 1 1195 ,
71 1146 302 1199 dicendis
340 1145 621 1213 apparebit.
683 1145 818 1211 Ergo
868 1153 1066 1198 contra·
1126 1162 1214 1213 que
1254 1147 1404 1197 datar
1464 1144 1790 1212 repaanaritia
1852 1160 1914 1197 ex
1974 1154 2116 1213 parte

0 1219 1 1256 l
77 1219 229 1286 dictio
269 1221 379 1272 iure
422 1225 655 1286 negatur,
687 1227 738 1270 et
776 1219 1064 1273 incarnatio
1128 1220 1342 1271 uniones
1388 1218 1640 1272 Unionem
1678 1220 1815 1271 enim
1873 1218 2112 1288 hyposta-

44 1295 211 1354 ‚omni
252 1294 362 1345 iure
401 1293 652 1361 possibilis
692 1293 895 1346 dicitur.
1128 1296 1277 1345 ticam
1319 1294 1574 1346 humanae
1635 1292 1842 1345 rationis
1907 1301 2114 1361 captum

149 1368 200 1421 [ι.
238 1367 345 1420 Hoc
383 1368 547 1435 ipsum
569 1382 630 1418 ex
661 1374 856 1419 attenta
886 1367 1065 1420 doctri·
1126 1384 1368 1435 superare
1409 1375 1459 1419 et
1501 1383 1619 1419 vere
1662 1367 2115 1436 ‘incomprebensi-

75 1458 171 1495 nae
211 1441 469 1494 revelatae
519 1443 921 1495 consideratione
962 1443 1066 1493 elu-
1127 1442 1277 1495 bilem
1320 1458 1450 1502 esse,
1495 1442 1596 1493 iam
1636 1456 1790 1508 supra
1843 1442 2114 1509 probatum

74 1523 174 1569 cet.
221 1515 507 1568 incarnatio
535 1517 669 1567 enim
699 1523 774 1567 est
817 1518 934 1567 unio
976 1517 1066 1586 hy·
1126 1523 1222 1568 est.
1268 1515 1479 1569 Frustra
1521 1531 1643 1584 ergo
1687 1515 1902 1577 laborat,
1946 1517 2030 1585 qui
2058 1532 2114 1569 u-

76 1592 323 1660 postatica
366 1598 579 1642 naturae
607 1590 807 1651 divinae
835 1590 986 1642 simul
1015 1600 1065 1643 et
1130 1592 1332 1643 nionem
1388 1590 1536 1643 istam
1604 1589 1823 1657 perfecte
1885 1606 2116 1658 compre-

76 1665 332 1717 humanae
383 1665 434 1716 in
482 1680 581 1715 una
625 1664 844 1716 Persona
890 1665 1059 1719 Verbi.
1127 1665 1349 1717 bendere
1390 1672 1440 1717 et
1503 1665 1786 1731 adaequate
1852 1666 2115 1732 explicare

77 1738 128 1793 Si
169 1755 290 1807 ergo
318 1738 650 1791 contradictio
678 1739 906 1799 daretur,
939 1739 1064 1792 haec
1129 1740 1424 1806 praesumit.
1477 1738 1554 1790 Ex
1617 1738 1712 1790 hoc
1771 1738 1876 1805 ipso
1942 1746 2116 1791 autem

78 1820 211 1864 esset
252 1812 331 1864 vel
372 1829 432 1865 em
471 1820 609 1880 parte
657 1812 795 1864 Verbi
830 1822 1063 1866 naturam
1126 1815 1376 1882 sequitur,
1439 1813 1591 1864 etiam
1665 1811 1986 1864 adversarios
2050 1828 2113 1864 ex

79 1887 342 1939 humanam
380 1887 686 1948 assumentis,
718 1888 797 1939 vel
834 1904 894 1938 em
926 1897 1065 1955 parte
1129 1895 1270 1955 parte
1311 1887 1462 1938 buius
1503 1886 1703 1937 unionis
1744 1885 1940 1938 nullam
1986 1902 2117 1939 con·

78 1971 281 2014 naturae
326 1970 632 2028 assumptae,
695 1961 774 2013 vel
833 1977 894 2013 ea:
923 1971 1065 2030 parte
1130 1961 1483 2013 tradictionem
1534 1960 1884 2011 demonstrare
1944 1975 2109 2027 posse.

77 2037 294 2099 unioni33
325 2036 412 2088 sed
454 2052 518 2087 ex
560 2034 700 2087 nulla
742 2043 881 2102 parte
923 2052 1067 2105 repu-
1127 2034 1429 2087 Nullatenus
1470 2035 1604 2086 enim
1654 2034 1783 2085 duae
1848 2033 2017 2086 clarae
2084 2036 2119 2086 i-

76 2112 361 2193 gnantiam‚
404 2125 492 2162 seu
534 2110 1068 2162 contradictioneme-
1127 2110 1252 2161 deae
1291 2110 1383 2162 sibi
1443 2109 1662 2161 invicem
1727 2115 1902 2175 aperte
1967 2124 2117 2176 repu-

82 2184 212 2235 vinci
238 2199 401 2251 posse,
426 2200 488 2235 ex
511 2183 737 2235 dicendis
768 2185 973 2251 patebit.
994 2215 1065 2223 -—
1127 2191 1343 2252 gnantes
1382 2183 1578 2236 ostendi
1646 2188 1856 2250 possunt
1922 2183 1971 2233 in
2038 2198 2113 2245 re,

77 2256 203 2310 Nam
233 2259 373 2309 iuxta
401 2250 583 2324 dogma
612 2258 918 2310 catholicum
947 2275 1066 2311 con·
1128 2275 1257 2327 quae
1297 2258 1434 2310 clare
1498 2264 1548 2308 et
1620 2256 1840 2324 perfecte
1905 2257 2115 2324 perspici

78 2337 153 2383 tra
195 2331 460 2400 Eutychen
467 2297 776 2390 ὃἀθίίιηῑυσι,
803 2333 931 2384 duae
980 2350 1066 2385 na·
1130 2333 1321 2401 nequit.
1367 2330 1650 2383 Caeterum·
1678 2332 1783 2397 ipsa
1841 2331 1967 2381 ratio
2036 2346 2118 2382 co-

78 2412 223 2458 turae
281 2407 330 2457 in
390 2403 588 2457 Christo
648 2406 818 2457 divina
877 2415 926 2458 et
976 2407 1067 2459 bu·
1128 2407 1345 2473 gnoscit,
1387 2405 1551 2457 Deum
1592 2405 1641 2456 in
1683 2411 1965 2466 creaturam,
1991 2420 2118 2473 quas

78 2495 231 2532 mana
270 2487 380 2548 post
418 2481 652 2531 unionem
696 2480 1065 2549 hypostaticam
1132 2481 1249 2532 fecit
1288 2487 1338 2531 et
1377 2486 1669 2539 conservat,
1737 2493 1891 2545 agere
1948 2484 1998 2530 et
2063 2494 2118 2531 se

79 2554 327 2620 integrae,
373 2554 667 2605 inconfusae
695 2561 746 2606 et
780 2555 1070 2621 impermix-
1133 2556 1272 2606 vario
1314 2554 1459 2605 modo
1498 2569 1614 2604 cum
1657 2551 1755 2604 illis
1808 2552 2118 2619 coniungere

81 2635 163 2682 tae
190 2634 599 2695 permanserunt.
634 2627 857 2681 Verbum
900 2631 1069 2697 itaque
1134 2644 1295 2696 posse.
1342 2627 1403 2679 Et
1442 2628 1558 2696 quia
1601 2627 1704 2678 Deo
1750 2627 2117 2692 omnipotentia

79 2703 309 2755 divinum
350 2704 413 2755 ob
454 2703 692 2754 unionem
734 2718 850 2754 cum
891 2702 1070 2755 huma·
1132 2710 1182 2755 et
1221 2703 1469 2771 sapientia
1527 2701 1726 2753 infinita
1791 2700 2114 2753 attribuenda

82 2779 242 2828 nitate
284 2779 465 2828 necin
511 2779 827 2843 possessione
867 2777 1070 2829 divinae
1132 2784 1246 2838 est,
1316 2776 1506 2844 absque
1571 2775 1721 2827 dubio
1784 2775 1937 2826 etiam
2004 2774 2119 2828 talis

82 2852 361 2903 maiestatis
417 2856 467 2901 et
519 2852 844 2902 beatitudinis
906 2853 1072 2903 turba·
1132 2851 1312 2903 modus
1378 2850 1578 2902 unionis
1642 2848 1805 2900 Deum
1842 2848 2008 2901 'inter
2070 2853 2122 2904 et

85 2933 212 2985 tum,
257 2939 351 2975 nec
379 2924 540 2992 quoad
573 2923 767 2975 infinita
797 2940 888 2975 sua
929 2928 1072 2976 attri-
1133 2933 1423 2977 creaturam
1492 2923 1743 2992 possibilis
1804 2928 1902 2984 est,
1968 2939 2121 2992 quem

85 2999 200 3050 buta
244 2999 686 3065 circumscriptum
718 2999 831 3058 suit,
864 3000 1073 3067 eiusque
1137 3015 1279 3051 mens
1317 2998 1537 3051 hominis
1581 2998 1790 3049 limitata
1832 2997 2004 3065 nequit
2033 3014 2122 3049 ex·

84 3071 336 3125 Divinitas
378 3071 570 3123 nullam
616 3071 696 3123 vel
736 3073 1071 3125 mutationem
1135 3075 1391 3138 cogitare,
1459 3088 1623 3142 neque
1686 3070 2122 3140 comprehendere

86 3146 166 3197 vel
211 3147 496 3213 passionem
536 3146 586 3197 in
615 3161 669 3197 se
697 3147 906 3211 recepit.
943 3147 1074 3212 Ergo
1140 3148 1294 3199 valet.

88 3220 229 3272 iuxta
293 3219 574 3271 doctrinam
645 3220 967 3281 catholicam,
1010 3237 1073 3273 ex
1210 3219 1660 3273 Obtthnctrina
1683 3218 1745 3271 de
1769 3217 2124 3271 incarnatione

90 3299 234 3361 parte
289 3292 442 3347 Verbi
504 3299 738 3344 naturam
798 3293 1075 3346 humanam
1139 3295 1339 3363 penitus
1378 3295 1619 3347 convenit
1645 3308 1763 3347 cum
1803 3293 2124 3347 ethnicorum

89 3370 392 3419 assumentis
408 3367 544 3418 nulla
564 3367 1076 3422 contradictiodatur.
1138 3369 1458 3429 commentis,
1501 3368 1585 3437 qui
1625 3367 1746 3425 deos
1784 3367 2022 3421 colebant
2059 3382 2123 3418 ex

90 3439 246 3493 Nulla
283 3457 480 3510 quoque
501 3441 648 3492 datur
674 3445 991 3510 repuynantia
1019 3459 1079 3495 ea·
1141 3442 1437 3494 mulieribus
1478 3450 1624 3495 natos
1648 3483 1662 3504 ,
1705 3459 1769 3495 ex
1826 3456 2036 3511 corpore
2075 3445 2125 3491 et

80 3521 226 3586 ,parte
255 3523 459 3568 naturae
496 3515 744 3568 humanae
781 3526 1073 3587 assumptae.
1138 3518 1309 3570 anima
1348 3517 1651 3587 compositos
1676 3557 1689 3580 ,
1732 3522 1785 3570 et
1834 3522 1947 3585 post
1987 3514 2126 3569 varia
