2332 3860
353 87 462 141 516

276 186 503 253 quirant.
547 183 654 238 Hoc
693 184 828 238 idem
869 185 1156 240 docuerunt
1182 186 1272 239 Pa-

277 265 385 311 tres
421 265 474 312 et
511 257 773 312 Ecclesiae
811 259 1083 322 Doctores,
1142 263 1268 313 ima-

273 333 435 401 yinem
497 339 551 385 et
611 333 987 387 similitudinem
1039 335 1267 388 divinam

276 408 330 458 in
369 406 579 461 homine
617 414 769 459 caute
809 407 1177 461 discernentes,
1208 408 1260 462 S.

272 480 506 533 Irenaeus
534 479 578 553 (l
591 478 611 552 )
642 481 742 533 ait:
795 501 822 529 «
853 480 905 534 Si
932 483 1140 550 spiritus
1173 482 1265 535 Dei

273 555 479 608 animae
518 556 727 607 iunctus
768 571 884 608 cum
927 563 1167 608 creatura
1207 573 1265 608 u-

271 629 431 689 nitur,
476 643 566 698 per
605 629 739 685 hanc
765 630 930 696 ipsam
958 631 1166 698 spiritus
1191 631 1264 683 ef-

271 703 525 756 fusionem
563 701 842 771 spiritualis
897 711 948 756 et
1008 705 1264 772 perfectus

270 776 423 830 homo
459 777 809 838 constituitur,
854 785 905 830 et
944 777 1026 830 hic
1048 785 1145 839 est,
1177 780 1261 847 qui

270 851 554 904 secundum
595 851 873 917 imaginem
913 858 964 904 et
1029 853 1264 905 similitu-

271 925 444 978 dinem
483 922 575 977 Dei
617 925 781 977 factus
821 932 918 977 est.
970 924 1022 978 Si
1086 934 1261 979 autem

270 1000 473 1053 animae
513 999 655 1051 deest
695 999 973 1066 spiritus...
1020 1005 1144 1052 tunc
1173 1000 1261 1053 ho·

271 1088 353 1126 mo
391 1072 553 1125 habet
597 1073 802 1141 quidem
867 1074 1144 1147 imaginem
1209 1076 1257 1126 in

268 1147 539 1216 plasmate,
583 1147 670 1198 sed
712 1162 812 1198 non
853 1147 1049 1199 obtinet
1087 1149 1262 1200 simili-

267 1221 500 1273 tudinem
544 1231 632 1287 per
670 1221 926 1288 spiritum.
963 1242 989 1270 »
1038 1222 1090 1273 S.
1138 1220 1259 1273 Gre-

265 1295 434 1362 9orius
471 1295 597 1363 Nys.
644 1292 720 1365 (ἣ)
762 1295 810 1348 in
853 1296 1044 1347 verba:
1088 1295 1261 1347 Facia-

265 1383 375 1420 mus
414 1368 655 1420 hominem
694 1374 792 1420 etc.
850 1369 1119 1420 declarans
1166 1386 1259 1421 cur

266 1442 456 1510 duplici
496 1443 652 1495 verbo
702 1440 839 1494 Deus
859 1458 983 1495 usus
1008 1444 1104 1496 sit:
1138 1444 1259 1496 ima·

262 1518 378 1584 {line
418 1523 469 1568 et
507 1516 852 1577 similitudine,
903 1517 1054 1569 dicit:
1121 1537 1146 1565 «
1191 1517 1257 1570 U-

264 1606 385 1642 num
429 1588 647 1660 (imago)
686 1591 838 1642 situm
881 1597 959 1643 est
998 1592 1046 1642 in
1115 1607 1255 1643 crea-

265 1667 402 1717 tione
434 1705 446 1724 ,
514 1665 737 1716 alterum
802 1664 1137 1734 (similitudo)
1205 1667 1255 1717 in

265 1739 532 1791 electione.
567 1738 823 1790 Creationi
851 1739 1142 1797 adscribere
1169 1739 1255 1791 de-

261 1812 463 1869 bemus,
519 1812 651 1878 quod
714 1812 777 1869 ad
843 1813 1121 1887 imaginem
1163 1811 1251 1865 Dei

260 1887 377 1939 facti
419 1900 621 1946 sumus,
665 1885 752 1936 sed
795 1902 885 1954 per
931 1886 1253 1939 voluntatem

260 1967 310 2012 et
352 1960 663 2030 propositum
687 1962 1025 2028 assequimur,
1060 1967 1114 2011 ut
1141 1959 1252 2011 Deo

258 2034 452 2086 similos
506 2034 852 2087 reddamur...
912 2033 1123 2102 lmagini
1165 2036 1251 2086 ad-

257 2109 480 2163 scribere
509 2108 688 2168 debe0‚
714 2108 846 2176 quod
877 2108 1075 2160 ratione
1108 2123 1251 2175 prae-

257 2181 394 2235 ditus
433 2183 550 2243 sim,
581 2182 968 2235 similitudinem
997 2182 1251 2250 adipiscor

256 2256 297 2307 si
339 2256 504 2310 bouus
545 2271 679 2307 sum.
717 2275 743 2303 ))

328 2329 478 2382 Nota.
526 2329 671 2381 Circa
702 2330 978 2397 imaginem
1021 2330 1249 2382 divinam

258 2405 474 2471 turpiter
533 2404 841 2459 aberrarunt
905 2402 1250 2473 Antropomor-

248 2477 412 2544 philae
437 2518 449 2539 ‚
496 2484 737 2546 putantes
764 2519 776 2538 ,
821 2477 1143 2530 divinitatem
1184 2479 1246 2531 ad

251 2552 416 2603 instar
454 2553 658 2605 animae
720 2550 978 2603 humanae
1037 2569 1248 2621 corpore

251 2626 693 2693 circumscriptam
733 2641 844 2677 esse
871 2666 884 2686 ,
929 2631 979 2677 et
1031 2626 1128 2679 hac
1186 2627 1248 2679 de

251 2713 405 2751 causa
446 2699 706 2758 hominem
747 2699 809 2752 ad
852 2700 1128 2767 imaginem
1157 2699 1247 2752 Dei

250 2771 444 2824 sactum
484 2772 622 2834 dici,
685 2789 904 2842 quorum
961 2789 1105 2826 error
1145 2775 1246 2826 iam

250 2845 546 2898 confutatus
586 2853 664 2899 est
716 2845 763 2918 (ξ
806 2845 917 2916 51).
981 2847 1110 2899 Cum
1149 2848 1246 2900 isto

250 2933 425 2970 crrcre
467 2935 566 2971 non
608 2927 686 2972 est
727 2920 1088 2974 confundenda
1129 2937 1247 2972 sen-

250 2992 410 3043 tentia
439 2994 834 3055 nonnullorum,
865 3010 913 3047 e.
945 3010 998 3063 g.
1029 2994 1241 3057 hennei,

255 3063 565 3125 Tertulliani,
597 3067 855 3119 Prudentii
882 3074 980 3121 etc.
1013 3084 1246 3121 asseren-

250 3138 401 3199 tium,
447 3137 705 3192 hominem
745 3142 901 3194 etiam
941 3143 1119 3227 qwuoad
1135 3154 1245 3195 cor-

251 3226 348 3280 pus
385 3211 648 3264 conditum
699 3231 812 3268 esse
862 3217 926 3267 ad
968 3217 1244 3287 imaginem

252 3283 461 3347 Christi,
505 3300 595 3337 seu
624 3285 781 3340 Verbi
809 3304 1018 3343 carnem
1045 3305 1245 3344 assum-

299 3415 414 3506 (1312.
439 3417 564 3453 δυᾶν.
590 3418 691 3454 haer.
714 3426 747 3454 c.
770 3419 802 3454 6.

374 3459 474 3497 Orat·
499 3461 534 3497 1.

684 104 748 142 DE
782 104 878 143 DEO
914 103 967 142 IN
1004 98 1280 146 annulum
1316 105 1381 144 ,m
1417 104 1623 144 MUNDUM
1660 104 1925 144 SPEGTATO.

1331 187 1456 240 turi:
1499 186 1581 238 isti
1622 186 1761 240 enim
1794 185 1973 240 Patres
2009 184 2178 241 Deum
2216 204 2276 244 co

1332 276 1452 330 pore
1480 266 1746 328 expertem
1774 261 2125 324 crediderunt,
2158 275 2259 333 neq

1331 341 1620 404 negarunt,
1662 335 1941 404 imaginem
1981 336 2211 388 divinam

1329 409 1430 461 iam
1469 374 1799 461 naturalem³³
1801 409 2042 477 primario
2070 410 2124 462 in
2163 410 2278 463 facu

1329 482 1519 535 tatibus
1557 481 1761 535 animae
1800 483 2066 538 rationalis
2111 488 2163 536 et
2202 470 2322 539 libe*

1328 572 1413 609 rae
1441 556 1594 609 sitam
1616 571 1751 620 esse,
1782 557 1854 609 uti
1884 563 2084 611 constat
2111 556 2174 614 de
2200 555 2327 647 Tere}

1328 629 1543 683 tulliano
1584 627 1682 701 (5).
2314 658 2319 662 ·

1714 789 1753 849 §
1793 789 1914 837 nl.

1423 889 1475 924 De
1498 888 1807 932 protoparentum
1830 886 1946 931 gratia
1969 892 2006 923 et
2028 886 2218 924 felicitate.

1395 999 1472 1053 Ad
1513 1001 1791 1068 imaginem
1833 1006 1885 1052 et
1929 998 2326 1055 similitudinem

1323 1067 1413 1127 Dei
1453 1075 1718 1127 conditum
1751 1088 1863 1127 esse
1891 1074 2171 1141 hominem,
2199 1091 2320 1128 con-

1322 1155 1424 1202 stat
1464 1166 1530 1201 ex
1570 1148 1822 1200 hactenus
1863 1148 2044 1201 dictis:
2086 1155 2317 1203 attamen

1321 1223 1361 1274 si
1406 1230 1732 1289 praesentem
1761 1222 2145 1275 consideremus
2180 1222 2318 1277 illius

1321 1296 1665 1350 conditionem
1691 1338 1703 1357 ,
1759 1297 1915 1364 probe
1956 1296 2314 1363 cognoscimus

1322 1372 1487 1438 ipsum
1528 1388 1557 1422 a
1599 1371 1815 1423 veritate
1843 1376 1894 1422 et
1929 1370 2217 1423 moralitate
2246 1372 2318 1423 fa-

1320 1445 1417 1496 cile
1459 1444 1719 1504 deficere,
1777 1444 1997 1496 virtutes
2053 1459 2154 1496 non
2206 1445 2318 1502 sine

1324 1519 1524 1589 magnis
1585 1515 1969 1571 difficultatibus
2028 1533 2312 1580 exercere,

1321 1609 1411 1660 per
1450 1592 1768 1644 inordinatas
1808 1592 2071 1659 passiones
2110 1593 2316 1661 saepius

1321 1667 1369 1720 in
1413 1665 1562 1726 devia
1601 1666 1784 1734 abripi,
1829 1673 1880 1718 et
1916 1665 2086 1735 quoad
2127 1682 2314 1734 corpus

1320 1740 1494 1791 multis
1522 1740 1741 1792 miseriis
1777 1739 1961 1808 repleri
1990 1739 2087 1812 (ἰι).
2120 1739 2314 1797 Verum

1317 1831 1381 1866 an
1423 1814 1470 1864 in
1518 1814 1773 1881 praesenti
1819 1820 1991 1866 nostro
2019 1820 2156 1866 statu
2199 1830 2315 1868 con-

1317 1888 1403 1940 diti
1443 1894 1565 1940 sunt
1606 1894 1995 1956 protoparentes
2033 1888 2219 1940 nostri?
2245 1905 2311 1942 an

1318 1961 1616 2023 meliorem,
1648 1978 1710 2013 ac
1749 1962 2026 2015 feliciorem
2068 1963 2312 2015 conditio-

1318 2051 1434 2089 nem
1474 2042 1595 2088 sunt
1635 2035 1854 2104 adepti?
1894 2036 1948 2087 ln
1991 2035 2172 2094 eodem
2212 2053 2311 2105 quo

1311 2110 1575 2162 nascimur
1625 2117 1762 2162 statu
1817 2110 1973 2163 fuisse
2035 2111 2306 2172 conditos,

1316 2186 1570 2237 immunes
1606 2190 1808 2237 tantum
1849 2201 1879 2236 a
1920 2190 2169 2252 peccato,
2221 2184 2311 2237 do-

1314 2274 1468 2310 cuere
1506 2257 1787 2325 pelagiani,
1831 2274 1893 2311 ac
1920 2274 2037 2316 cum
2079 2259 2201 2325 ipsis
2240 2265 2312 2311 te-

1314 2339 1437 2383 nent
1494 2331 1747 2384 Sociniani
1790 2338 1841 2383 et
1899 2331 2304 2384 Rationalistae:

1316 2407 1577 2461 meliorem
1617 2406 1960 2458 conditionem
2003 2405 2156 2456 fuisse
2193 2405 2309 2456 ade-

1314 2488 1460 2548 ptos,
1507 2480 1746 2531 videlicet
1793 2478 2027 2546 originali
2071 2478 2262 2530 iustitia
2289 2520 2302 2540 ,

1311 2570 1371 2605 ac
1406 2555 1679 2605 sanctitate
1730 2561 1935 2604 ornatos
1976 2552 2161 2604 docent
2209 2551 2306 2604 Lu—

1315 2628 1532 2694 therani,
1546 2625 1875 2691 Calvinistae,
1893 2642 1953 2678 ac
1972 2625 2303 2681 lansenistae:

1310 2702 1397 2753 sed
1439 2702 1648 2767 insuper
1705 2705 1896 2752 statum
1956 2699 2095 2751 hunc
2148 2700 2304 2752 fuisse

1311 2775 1412 2827 illis
1451 2773 1679 2826 debitum
1705 2790 1766 2826 ac
1804 2773 2096 2826 naturalem
2134 2773 2304 2826 defen-

1310 2848 1454 2900 dunt.
1519 2847 1737 2916 Magnae
1793 2863 1915 2914 ergo
1979 2847 2302 2900 necessitatis

1309 2930 1386 2975 cst
1425 2932 1598 2974 veram
1627 2921 1688 2973 de
1717 2921 1990 2990 originario
2018 2922 2309 2989 primorum-

1309 2996 1574 3051 hominum
1614 3002 1750 3048 statu
1790 2995 2046 3047 notionem
2087 2994 2297 3047 habere:

1308 3085 1527 3138 cumque
1569 3069 1632 3121 de
1659 3070 1791 3121 facto
1819 3068 2059 3121 historico
2095 3073 2298 3134 agatur,

1308 3143 1539 3195 doctrina
1594 3143 1721 3195 haec
1778 3157 1878 3194 non
1933 3150 1999 3194 ex
2037 3140 2298 3209 principiis

1308 3215 1702 3284 philosophicis,
1746 3215 1835 3268 sed
1875 3230 1941 3267 ex
1978 3214 2085 3267 sola
2124 3213 2298 3267 divina
2313 3222 2332 3280 ‚J

1307 3289 1639 3342 Revelatione
1679 3288 1962 3342 haurienda
1988 3294 2086 3352 est,
2129 3286 2324 3370 declaev

1350 3418 1387 3462 (3
1426 3419 1502 3452 Lib
1529 3418 1581 3451 2
1572 3424 1669 3454 cont.
1695 3419 1806 3454 Marc.
1830 3425 1865 3451 c.
1890 3416 2024 3454 501⁶.

1353 3462 1385 3506 1⁴
1426 3461 1500 3497 Iob.
1527 3461 1579 3498 14.
2079 3468 2083 3473 ·

2298 3542 2332 3610 inst?
2318 3525 2332 3534 v.
2310 3489 2332 3508 .-,”
