2332 3860
269 113 375 168 562

198 220 339 265 terea
375 210 430 266 S.
477 210 681 264 Thomas
706 249 718 270 ‚
761 208 892 278 quod
954 206 1184 260 Christus

197 294 308 339 tum
351 292 408 338 ut
433 284 571 338 Deus
599 282 675 354 (l)
705 287 826 335 tum
845 290 901 336 ut
928 282 1077 334 homo
1107 280 1182 352 (Q)

194 360 564 414 convenienter
605 358 805 410 dicatur
829 399 842 420 ‚
903 356 1079 409 sedere
1119 356 1182 407 ad

190 434 455 487 dexteram
478 433 662 494 PatriS,
687 432 821 500 quod
849 431 1075 484 breviter
1102 430 1185 481 de-

191 508 355 561 clarat
400 506 475 578 (5)
516 507 724 559 dicens:
774 526 796 555 «
841 504 1073 556 Christus
1114 504 1184 555 di-

191 582 322 634 citur
361 581 539 634 sedere
577 580 643 633 ad
693 580 960 632 dexteram
1017 578 1181 630 Patris

190 657 242 708 in
302 663 551 725 quantum
607 653 889 706 secundum
956 652 1179 704 divinam

191 735 431 782 naturam
472 737 549 782 est
576 729 626 780 in
657 728 967 797 aequalitate
995 726 1176 788 PatriS‚

190 803 474 857 secundum
539 810 712 855 autem
779 802 1054 854 humanam
1094 818 1181 853 na-

190 886 360 931 turam
385 881 433 930 in
464 876 737 929 excellenti
766 877 1083 944 possessione
1112 876 1183 927 di-

191 954 429 1004 vinorum
476 952 726 1004 bonorum
784 966 906 1019 prae
963 951 1180 1003 caeteris

191 1027 307 1078 aliis
346 1027 614 1078 creaturis.
650 1044 676 1073 »

263 1101 439 1169 Itaque
481 1116 569 1168 per
595 1099 874 1150 sessionem
903 1097 966 1150 ad
1007 1097 1182 1150 dexte-

188 1191 300 1226 ram
342 1175 504 1226 Patris
545 1189 776 1225 summus
834 1188 894 1224 ac
935 1179 1179 1240 perpetuo

190 1249 466 1300 duraturus
507 1247 830 1300 exaltationis
862 1247 1053 1315 gradus
1095 1263 1181 1300 ex·

188 1324 424 1391 primitur
450 1364 461 1383 ‚
521 1338 609 1374 seu
651 1337 850 1372 summa
902 1322 1173 1382 maiestaS‚

188 1396 450 1450 beatitudo
489 1404 541 1448 et
580 1401 803 1463 potestas
842 1395 1176 1462 significatur,

187 1487 287 1539 qua
327 1470 559 1523 Christus
589 1476 645 1521 ut
673 1470 821 1522 homo
850 1471 1045 1522 ratione
1073 1485 1178 1520 me-

186 1547 401 1597 ritorum
462 1560 673 1597 suorum
740 1545 1011 1611 insignitus
1076 1551 1172 1595 est.

187 1618 445 1671 Christum
488 1619 584 1672 hoc
623 1635 776 1671 sensu
806 1620 867 1670 ad
910 1618 1177 1670 dexteram

184 1693 350 1746 Patris
389 1694 588 1754 sedere,
631 1693 894 1746 Revelatio
934 1693 1099 1744 docet.

260 1769 311 1819 1.
357 1767 414 1820 ln
442 1767 493 1820 S.
532 1767 788 1837 Scriptura
809 1775 887 1820 sat
915 1766 1176 1820 luculenta

183 1842 335 1895 liuius
375 1843 626 1910 dogmatis
667 1842 958 1895 testimonia
999 1842 1175 1908 legun-

183 1924 287 1968 tur.
348 1914 455 1968 lam
510 1918 559 1968 in
602 1917 762 1968 veteri
822 1916 957 1969 Test.
1020 1917 1175 1968 sessio

185 1990 398 2044 Messiae
437 1990 503 2042 ad
530 1991 794 2042 dexteram
828 1990 992 2042 Patris
1033 2006 1177 2057 prae-

184 2065 317 2116 dicta
361 2064 493 2128 fuit3
540 2065 724 2132 legitur
764 2065 900 2116 enim
940 2066 990 2116 in
1038 2064 1169 2116 Psal.

185 2137 313 2191 CIX:
359 2137 501 2190 Dima
528 2137 767 2190 Dominus
806 2139 1016 2191 Domino
1050 2154 1170 2190 meo:

178 2214 290 2264 sede
331 2228 363 2263 a
403 2212 587 2264 deoetris
626 2214 764 2274 vnete,
807 2213 952 2265 donec
998 2229 1176 2281 ponam

185 2286 405 2339 inimicos
445 2294 551 2338 tuos
577 2286 836 2338 scabellum
864 2288 1045 2356 pedum
1078 2296 1177 2339 tuo-

184 2376 316 2412 rum.
346 2390 419 2399 —
446 2359 700 2421 ChristuS‚
733 2377 849 2413 cum
878 2378 906 2413 a
949 2362 1174 2430 principe

185 2434 509 2488 sacerdotum
560 2435 827 2488 adiuratus
877 2451 932 2487 se
989 2435 1173 2488 Filium

184 2507 273 2563 Dei
314 2524 425 2562 esse
468 2508 831 2576 profiteretur,
892 2526 1011 2562 mox
1058 2510 1176 2562 sub·

188 2583 377 2635 iunxit:
430 2582 752 2637 Veruntamen
791 2584 896 2636 dico
935 2584 1083 2636 vobis:
1127 2600 1177 2636 a·

137 2683 156 2704 ,
185 2657 322 2709 modo
374 2657 596 2710 videbitis
634 2657 824 2710 Filiam
863 2659 1072 2711 hominis
1109 2674 1177 2710 se-

186 2731 370 2782 dentem
408 2747 439 2783 a
477 2732 661 2783 dextris
689 2732 886 2784 virtutis
901 2733 1009 2794 Dei,
1039 2740 1082 2785 et
1110 2749 1178 2785 oe-

186 2805 391 2857 nientem
420 2806 473 2858 in
500 2805 705 2858 nubibas
745 2806 862 2859 coeli
890 2806 984 2876 (lt).
1018 2806 1174 2859 Marc.

187 2876 319 2944 XVl,
334 2878 400 2930 19
423 2886 680 2932 narratur:
701 2878 929 2934 Christus
939 2880 1177 2932 Dominus

187 2961 457 3020 assumptas
497 2962 565 3006 est
593 2954 645 3005 in
671 2955 877 3021 coelum,
917 2962 959 3007 et
986 2956 1109 3007 sedet
1148 2971 1178 3006 a

188 3025 372 3077 deoetris
400 3025 510 3079 Dei.
539 3026 708 3080 —Act.
742 3027 839 3097 Ap.
871 3028 935 3090 ll,
968 3029 1037 3080 55
1061 3035 1171 3081 «etc.

188 3115 216 3151 a
255 3098 403 3151 Petro
445 3099 676 3154 Christus
703 3103 900 3155 deoetera
932 3102 1018 3154 Dei
1044 3104 1178 3154 exal-

190 3180 317 3224 tatas
355 3172 562 3236 dicitur,
607 3177 804 3244 ipsique
844 3176 1054 3229 Davidis
1093 3193 1182 3230 va-

190 3246 421 3300 ticinium
485 3249 622 3302 Psal.
698 3249 810 3303 CIX
869 3251 1173 3319 applicatur.

236 3403 269 3446 (1
312 3402 345 3445 3,
369 3402 470 3447 458,
496 3410 563 3441 art.
588 3405 619 3440 2.

237 3448 273 3487 {2
312 3448 366 3483 lb.
393 3453 462 3482 art.
487 3448 517 3482 3.

239 3492 288 3533 tt)
310 3493 439 3532 mam„
462 3492 519 3540 26,
541 3492 595 3528 04
787 3452 838 3496 (3)
862 3455 934 3488 Art.
948 3453 979 3488 4.

781 3496 833 3541 (5)
855 3498 958 3534 Rom.
978 3497 1011 3542 8,
1037 3497 1080 3534 34
1102 3503 1186 3534 ete.-

615 128 676 164 DE
713 127 806 166 DEo
844 126 975 165 LAPSI
1014 126 1202 164 HUMAN!
1240 125 1442 164 GENERIS
1466 112 1815 165 REDEMPTORE.
2024 133 2025 136 ’
2063 118 2066 122 ’
2200 95 2271 163 ’(3ἶῖ

1247 206 1436 260 Paulus
1474 207 1537 260 ad
1577 207 1724 262 Rom.
1757 207 1954 262 scribit:
1987 208 2108 275 Quis
2143 218 2275 282 ests:

1239 281 1332 350 -qui
1370 282 1676 335 condemnet?
1687 282 1927 342 ‚Christus
1954 276 2107 346 Iesus,
2122 293 2130 350 j
2144 286 2242 354 'qm
2261 306 2276 356 j

1247 361 1583 416 mortuusssest,
1610 358 1716 409 'imo
1743 358 1900 426 quiet
1934 359 2231 424 resurrexit,
2273 366 2283 414 ,“

1246 430 1334 498 qui
1371 437 1440 481 est
1476 430 1540 482 ad
1568 430 1818 484 deoeteram
1857 431 2086 485 Dei'etc.
2131 430 2231 504 (ὅ).
2283 447 2291 495 ζ

1320 503 1373 555 2.
1421 503 1672 567 Traditio,
1713 522 1802 559 seu
1852 511 2097 574 perpetua
2128 506 2234 560 Ec·

1246 577 1434 630 clesiae
1487 577 1614 630 fides
1665 579 1727 632 de
1784 580 2008 634 sessione
2047 578 2245 635 Christi·
2287 580 2332 649 ἒ·

1245 651 1307 703 ad
1337 650 1605 704 dexteram
1634 651 1799 707 Patris
1826 660 1967 724 patet
1993 669 2059 707 ex
2084 653 2235 724 Sym·
2272 670 2273 673 ’
2300 678 2332 725 251

1246 726 1391 779 bolis.
1424 725 1556 779 Nam
1582 727 1632 779 in
1673 726 1916 797 Symbolo
1941 727 2232 796 Apostolico

1245 801 1307 852 de
1347 799 1548 853 Christo
1587 801 1793 858 dicitur:
1837 802 1976 856 Sedet
2014 803 2078 855 ad
2119 803 2233 857 dex·
2307 801 2324 851 Ἰ

1245 882 1398 927 teram
1450 875 1542 927 Dei
1583 876 1744 928 Patris
1775 878 2128 946 omnipotentis.
2173 876 2231 930 In
2267 909 2274 919 ›

1245 949 1464 1002 Nicaeno
1506 949 1727 1002 CPtan0:
1750 951 1874 1004 sedet
1900 951 1964 1004 ad
1981 952 2232 1004 dexteram

1244 1023 1432 1076 Patris,
1477 1023 1531 1076 In
1573 1025 1954 1078 Athanasianot
2003 1026 2128 1078 sedet
2166 1025 2232 1079 ad

1242 1098 1489 1150 dexteram
1518 1099 1706 1151 Patris
1747 1099 1977 1152 Eundem
2006 1099 2120 1152 fidei
2148 1115 2231 1152 ar·
2297 1111 2299 1114 ’

1243 1173 1454 1224 ticulum
1497 1173 1802 1241 profitentur
1858 1181 1910 1227 et
1965 1173 2231 1228 declarant

1240 1245 1319 1298 Ss,
1360 1246 1553 1299 Patres,

1314 1321 1444 1373 Nota
1505 1324 1551 1374 l.
1617 1320 1847 1374 Christus
1909 1322 1964 1375 in
2027 1337 2228 1376 summa

1240 1394 1401 1461 gloria
1441 1402 1492 1447 et
1532 1398 1756 1448 maxima
1810 1397 2124 1449 beatitudine
2162 1396 2228 1450 ad

1242 1470 1507 1521 dexteram
1547 1469 1638 1522 Dei
1678 1471 1862 1523 sedens
1902 1487 1991 1539 pro
2050 1486 2227 1524 eorum

1240 1560 1366 1611 quos
1407 1545 1622 1596 redemit
1648 1545 1813 1597 salute
1853 1545 2100 1599 sollicitus
2126 1552 2223 1609 est,

1242 1634 1530 1687 munusque
1570 1635 1721 1671 suum
1763 1619 2080 1672 sacerdotale
2106 1635 2227 1673 con·

1242 1694 1405 1744 tinuat
1431 1693 1622 1745 orando
1650 1701 1701 1745 et
1728 1694 2101 1762 interpellando
2135 1709 2228 1762 pro

1239 1768 1402 1819 nobiS.
1446 1767 1681 1819 Testatur
1707 1768 1757 1820 id
1785 1766 2057 1837 Apostolus
2083 1767 2227 1821 Chri-

1238 1849 1372 1893 stum
1434 1841 1670 1894 laudans:
1713 1845 1797 1911 qui
1836 1852 1904 1894 est
1942 1843 2008 1895 ad
2064 1843 2226 1895 dexte-

1237 1931 1347 1966 ram
1384 1915 1495 1977 Dei,
1541 1917 1627 1983 qai
1664 1918 1811 1969 etiam
1844 1917 2114 1987 interpellat
2131 1932 2226 1986 pro

1238 1989 1370 2041 nobis
1412 1989 1508 2061 (6)
1554 1991 1616 2042 Et
1641 1991 1704 2042 ad
1737 1991 1894 2044 Hebr.
1938 1992 2000 2043 de
2025 1990 2224 2044 Christo

1237 2065 1326 2115 ait:
1370 2064 1465 2116 Hic
1502 2073 1662 2117 antem
1701 2081 1751 2116 eo
1791 2065 1918 2132 qaod
1954 2073 2147 2118 maneat
2171 2065 2225 2118 in

1238 2147 1506 2199 aeternum,
1537 2139 1882 2207 sempiternam
1909 2140 2043 2193 habet
2071 2154 2235 2192 sacer·¹

1238 2213 1437 2265 datiam.
1498 2212 1631 2265 Unde
1668 2222 1711 2265 et
1749 2214 1934 2266 salvare
1973 2217 2025 2266 in
2057 2229 2226 2283 perpe-

1239 2295 1375 2338 tuum
1411 2294 1557 2355 potest
1597 2287 1861 2340 accedentes
1898 2303 1983 2357 per
2037 2288 2224 2340 semeti-

1231 2376 1375 2429 psum
1413 2362 1474 2414 ad
1524 2356 1696 2424 Deam,
1739 2378 1921 2432 semper
1971 2363 2125 2414 virens
2161 2362 2225 2416 ad

1238 2435 1642 2503 interpellandum
1663 2452 1754 2504 pro
1781 2437 1915 2488 nobis
1955 2434 2049 2507 (7).
2076 2435 2223 2490 Unde

1237 2508 1290 2561 S.
1336 2508 1550 2561 loannes
1589 2510 1728 2562 dicit:
1759 2509 2057 2563 Advocatum
2090 2510 2225 2563 habe-

1238 2599 1345 2635 mns
1383 2585 1511 2653 apud
1536 2583 1740 2636 Patrem
1772 2585 1931 2637 Iesum
1971 2582 2238 2653 Christum*

1241 2660 1423 2709 tastum
1464 2657 1563 2728 (8).
1607 2689 1680 2697 --
1717 2658 1958 2712 Nonnulli
1999 2665 2181 2727 putant
2205 2653 2239 2722 ξ’·

1238 2732 1370 2800 quod
1411 2731 1667 2785 Christum
1698 2749 1785 2802 pro
1812 2733 1954 2786 nobis
1992 2749 2139 2786 orare
2172 2739 2224 2786 et

1239 2806 1566 2874 interpellare
1606 2807 1678 2859 nil
1727 2807 1866 2860 ali-ud
1904 2809 2008 2870 sit,
2069 2822 2224 2879 quam

1240 2881 1459 2932 eundem
1520 2882 1742 2951 seipsum
1799 2882 1979 2934 sistere
2045 2879 2219 2943 Patri,

1241 2971 1371 3023 quae
1413 2971 1592 3023 passus
1631 2963 1708 3008 est
1736 2956 1904 3023 palam
1937 2954 2223 3021 ostendere,

1241 3037 1290 3081 et
1331 3045 1420 3097 per
1459 3031 1640 3081 merita
1699 3046 1792 3082 sua
1843 3031 2034 3097 gratias
2081 3027 2224 3080 n‘obis

1242 3103 1536 3170 impetrare.
1600 3103 1675 3155 lta
1730 3103 1781 3157 S.
1843 3101 2107 3172 Gregorius
2145 3101 2220 3154 M.

1243 3175 1339 3247 (9):
1388 3196 1413 3226 «
1445 3175 1774 3245 Unigenitum
1803 3175 1986 3232 Filium
2015 3189 2106 3243 pro
2133 3174 2227 3228 ho-
2252 3207 2253 3211 κ

1241 3251 1378 3303 mine
1418 3251 1745 3314 interpellare
1795 3256 1872 3306 est
1907 3249 2041 3319 apud
2080 3264 2227 3303 coae-

1285 3408 1337 3453 (6)
1360 3410 1463 3445 Rom.
1489 3409 1521 3451 8,
1546 3410 1601 3445 34.

1285 3454 1332 3497 (7)
1361 3455 1444 3497 Cap.
1470 3454 1503 3493 7,
1529 3455 1572 3489 24
1587 3459 1654 3490 etc.

1879 3451 1932 3497 (8)
1957 3454 1972 3488 l
1995 3452 2106 3497 Epist.
2130 3451 2166 3497 Ω,
2184 3449 2217 3488 1.
2267 3498 2270 3500 q

1286 3497 1336 3539 (9)
1363 3498 1442 3534 Lib.
1465 3499 1521 3542 22,
1545 3499 1635 3535 Mor.
1660 3502 1738 3543 cap.
1769 3496 1829 3541 13.‚
2199 3516 2202 3520 ,
