2332 3860
371 128 478 184 302

297 239 414 279 rum
450 240 697 283 sensuum
734 229 959 293 exceditg
1000 227 1283 296 adprehen-

296 297 662 369 ditqueetiam
699 301 971 356 invisibilia
999 308 1051 354 et
1084 303 1276 356 divina.

295 370 457 441 Igitur
494 389 651 435 ,mens
713 375 945 431 numana·
1002 376 1280 431 materialis

295 456 399 502 non
463 456 542 501 est
554 466 586 514 3·
633 464 753 503 nam
812 450 887 504 ait
946 448 1006 503 S.
1072 449 1277 502 Ductor.-

298 537 327 570 ι(
366 519 422 574 Si
460 537 704 591 corporea
729 524 986 592 corporeis
1012 523 1172 575 oculis
1192 524 1280 578 mi-

293 609 352 650 ra
389 595 609 664 quadam
649 611 821 654 rerum
849 597 1149 665 cognatione
1174 605 1281 650 cer-

293 676 509 732 nuntur,
552 678 751 739 oportet
789 673 1039 730 animum,
1082 686 1180 739 quo
1207 671 1280 723 vi-

295 741 476 796 demus
491 743 578 796 illa
592 745 952 814 incorporalia,
976 760 1279 813 corporeum

293 831 581 886 corpusque
620 834 722 871 non
762 833 872 871 esse
901 817 998 890 (l).
1038 838 1061 867 »

367 888 474 943 Obi.
512 891 777 945 Absonum
815 899 912 953 est,
943 894 1090 950 aiunt
1119 891 1277 947 Mate-

294 963 519 1019 rialistae
545 1006 557 1028 ‚
621 966 823 1027 dicere,
891 966 1149 1029 bominem
1213 979 1276 1019 ex

294 1037 493 1093 duabus
538 1039 837 1094 substantiis
900 1040 993 1095 sibi
1056 1041 1276 1093 invicem

293 1114 535 1180 oppositis
573 1120 836 1167 constare:
893 1124 1057 1183 neque
1115 1114 1277 1183 expli·

292 1187 399 1238 cari
431 1183 529 1239 'aut
567 1186 780 1258 intelligi
810 1194 994 1256 potest,
1024 1188 1276 1256 quomodo

293 1272 478 1327 corpus
516 1269 638 1339 agat
677 1262 726 1313 in
764 1263 992 1317 animam
1031 1270 1082 1314 et
1108 1264 1276 1320 anima

292 1333 344 1384 in
384 1347 586 1404 corpus,
630 1334 790 1389 Multo
829 1335 1010 1390 melius
1048 1350 1170 1404 ergo
1208 1336 1278 1388 di-

293 1407 446 1470 citur,
490 1410 541 1462 in
582 1409 787 1465 homine
825 1409 987 1463 solam
1043 1411 1277 1466 substan—

296 1482 415 1534 tiam
434 1483 754 1539 materialem
775 1484 1016 1545 inveniri,
1048 1490 1100 1535 et
1121 1484 1276 1538 etiam

293 1557 481 1609 mentis
508 1558 840 1624 cogitationes
861 1558 1060 1614 nonnisi
1082 1573 1148 1610 ex
1169 1572 1275 1609 ma·

290 1631 420 1685 teria
458 1631 709 1685 subtiliori
747 1638 799 1683 et
837 1631 1045 1700 speciali
1084 1632 1277 1683 virtute

292 1704 520 1772 praedita
559 1705 864 1774 repetendas
890 1721 1019 1759 esse.
1057 1704 1107 1757 ld
1137 1713 1276 1774 patet

293 1792 358 1830 ex
398 1794 477 1840 eo,
521 1781 639 1848 quia
677 1781 727 1831 in
771 1786 874 1834 toto
912 1780 1119 1834 homine
1146 1780 1273 1833 mira

291 1850 556 1912 harmonia
594 1853 896 1907 observatur
922 1895 934 1915 ‚
989 1869 1119 1922 quae
1173 1870 1271 1910 non

290 1924 519 1987 daretur,
561 1927 602 1978 si
642 1927 694 1980 in
735 1928 842 1995 ipso
880 1927 1010 1984 duae
1038 1928 1274 1982 substan·

290 2000 390 2052 tiae
427 2001 524 2059 sibi
562 2001 821 2070 oppositae
848 2001 1051 2054 iunctae
1078 2008 1267 2055 essent.

290 2072 558 2133 Praeterea
598 2077 675 2127 vis
714 2091 776 2127 ac
813 2076 967 2128 robur
1019 2076 1271 2143 cogitandi

287 2146 416 2202 adeo
455 2165 486 2201 a
524 2150 576 2201 vi
614 2155 666 2201 et
703 2150 883 2202 robore
922 2151 1117 2203 cerebri
1151 2163 1273 2218 pen-

289 2221 394 2285 det,
438 2229 496 2276 ut
535 2222 672 2276 laeso
711 2224 942 2286 cerebrm
1005 2223 1162 2277 veluti
1223 2226 1271 2279 in

288 2296 532 2366 paralysi,
577 2297 836 2371 lethargo,
879 2298 1158 2359 ebrietate,
1219 2315 1272 2353 a·

288 2373 479 2426 mentia
512 2413 524 2434 ‚
593 2378 682 2426 aut
722 2385 822 2443 non
880 2372 1163 2440 cogitemus
1220 2390 1271 2425 o-

288 2445 482 2508 mnino,
497 2452 587 2499 aut
612 2459 788 2514 prave.
803 2446 929 2501 Dein
958 2447 1272 2518 cognitiones

288 2517 508 2573 hominis
546 2520 617 2572 ita
656 2520 721 2581 ab
759 2521 991 2574 eiusdem
1038 2521 1271 2573 sensibus

287 2592 596 2661 dependent,
641 2601 699 2646 ut
751 2595 1020 2664 vulgatum
1068 2596 1271 2648 axioma

287 2666 448 2721 dicat:
491 2666 628 2723 Nihil
667 2673 745 2720 est
772 2668 1110 2723 inintellecta
1136 2669 1268 2737 quod

287 2756 388 2798 uon
426 2741 579 2794 fuerit
618 2742 758 2810 prius
796 2743 852 2810 in
887 2756 1062 2797 sensu.
1107 2741 1270 2798 Gene-

288 2816 437 2870 ratim
478 2816 712 2873 internae
749 2817 1083 2884 cogitationes
1122 2822 1174 2868 et
1198 2816 1270 2868 af-

287 2887 527 2947 fectiones
553 2898 757 2958 semper
782 2890 1193 2959 dispositionibus
1220 2897 1271 2943 et

285 2961 637 3018 affectionibus
677 2965 901 3033 corporis
938 2964 1265 3032 respondent.

285 3034 404 3088 Ideo
443 3052 567 3093 sane
594 3039 815 3092 infantes
841 3050 1056 3108 quorum
1085 3049 1271 3107 corpus

287 3109 459 3164 adhuc
499 3112 649 3166 nimis
688 3112 854 3166 debile
892 3119 989 3175 est,-
1042 3112 1106 3165 ab
1163 3114 1271 3167 ani-

286 3182 508 3237 malibus
548 3199 647 3238 non
675 3186 1078 3256 distinguuntur,
1118 3187 1271 3256 quisi

287 3257 541 3324 integram
581 3273 611 3310 a
649 3273 860 3327 corpore
899 3260 1194 3314 distinctam
1219 3275 1274 3314 a·

287 3331 478 3387 nimam
517 3331 570 3384 in
604 3347 659 3383 se
698 3333 945 3388 haberent
969 3375 982 3398 ‚
1024 3341 1168 3388 certe
1201 3340 1274 3387 et-

288 3406 531 3460 iam'iam
567 3406 812 3472 cogitare,
843 3407 1068 3461 iudicare
1110 3412 1164 3462 et
1193 3414 1275 3463 ra·

332 3503 384 3548 u>
409 3502 462 3541 ct.
488 3500 603 3540 wien
624 3499 739 3549 85⁹3·
763 3502 849 3540 mee
871 3502 896 3548 s
918 3504 964 3548 ss
977 3503 1012 3541 2.
1203 3481 1205 3485 ’

697 147 760 186 ns
795 147 888 187 nno
925 148 977 185 m
1015 146 1281 187 nasamone·
1317 146 1385 189 An
1414 142 1921 194 &masmana-o.

1341 222 1576 284 tiocinari
1610 237 1835 300 possent.
1872 227 2167 288 'Dicendum
2189 241 2198 251 ‘
2260 214 2311 296 ..³2⁵

1340 305 1548 357 omnino
1585 311 1694 376 est,
1715 307 1818 359 vim
1835 302 2098 374 cogitandi
2121 303 2285 366 nom
2307 322 2316 379 s

1340 377 1391 429 in
1432 387 1647 449 corpore
1679 381 1977 450 consisteret
2108 412 2113 418 v·
2221 392 2317 451 '‘²‘;·

1410 445 1563 520 Resp,
1591 449 1988 522 Non÷negamus
2010 492 2023 514 ,
2081 448 2319 519 modulus

1340 538 1437 592 quo
1476 525 1648 580 anima
1686 531 1739 578 et
1777 538 1959 595 corpus
1997 527 2130 580 inter
2168 538 2223 578 se

1341 598 1550 650 niuntur
1589 605 1640 652 et
1665 599 1717 652 in
1744 600 1963 655 invicem
1988 605 2172 669 agunt,
2199 606 2279 651 sat
2304 654 2307 658 .

1339 671 1478 725 clare
1514 672 1760 740 explicari
1799 689 1899 728 non
1939 688 2105 743 posse3
2135 672 2224 734 sed
2251 671 2332 738 tall

1340 759 1456 800 men
1495 746 1669 802 nullus
1709 746 2037 815 philosophus
2075 746 2213 803 illius
2259 743 2332 805 ιιιὲι

1340 820 1523 879 nionis,
1565 827 1655 872 aut
1695 820 1846 873 buius
1891 821 2181 878 commercii
2226 820 2332 885 imai

1340 893 1728 961 possibilitatem
1765 901 1855 947 aut
1912 895 2171 956 ostendit,
2230 895 2332 959 aui!

1338 967 1606 1026 ostendere
1662 969 1732 1022 ita
1773 974 1967 1036 potest,
2011 969 2160 1021 sicuti
2217 967 2332 1025 iam-l

1339 1040 1486 1094 multi
1524 1042 1715 1094 invicte
1752 1041 2051 1110 probarunt,
2093 1042 2146 1094 in
2201 1048 2332 1098 ente:

1339 1122 1551 1169 extenso
1589 1122 1678 1168 aut
1718 1116 1968 1168 materiali
2026 1112 2211 1169 iudicia
2267 1119 2318 1168 et

1339 1189 1600 1241 ratiocinia
1639 1190 1790 1257 plane
1829 1189 2154 1258 impossibilia
2182 1204 2314 1242 esse,

1339 1260 1784 1321 Materialistarum
1830 1277 1950 1331 ergo
2013 1263 2267 1315 sententia
2298 1303 2312 1325 ,

1334 1351 1466 1404 quae
1505 1344 1582 1391 est
1620 1344 1796 1390 contra
1835 1338 2114 1399 rationem,
2177 1336 2318 1394 nullo

1339 1410 1485 1466 modo
1523 1410 1721 1465 admitti
1761 1417 1944 1479 potest3
1971 1417 2196 1466 nostram
2232 1425 2319 1463 au-

1339 1490 1441 1538 tem
1479 1486 1807 1546 sententiam,
1853 1485 1902 1538 in
1942 1495 2042 1553 qua
2070 1483 2233 1541 solnm
2261 1500 2318 1537 u-

1338 1559 1502 1613 nionis
1542 1564 1591 1610 et
1629 1559 1794 1617 mutui
1820 1558 2110 1615 commercii
2138 1558 2316 1612 modus

1337 1632 1601 1698 ignoratur
1624 1674 1636 1695 ,
1678 1633 1791 1686 ideo
1830 1633 2039 1685 rejicere
2077 1639 2167 1686 aut
2225 1633 2318 1686 im-·

1337 1719 1565 1774 pugnare
1604 1722 1705 1762 non
1745 1707 1881 1760 licet.
1912 1706 2086 1775 Neque
2115 1721 2180 1759 ex
2201 1706 2317 1761 har-

1336 1781 1506 1839 monia
1543 1795 1672 1849 quae
1711 1781 1843 1833 inter
1880 1782 2103 1836 animam
2130 1786 2181 1832 et
2205 1781 2317 1832 cor-'¹

1338 1869 1429 1921 pus
1467 1855 1789 1915 observatur,
1831 1862 1922 1907 aut
1980 1870 2044 1907 ex
2099 1854 2317 1907 caeteris

1335 1928 1699 1996 phaenomenis
1757 1929 1931 1982 inferri
1978 1935 2143 1997 potest
2204 1929 2316 1981 uni-³

1334 2017 1448 2054 cam
1504 2003 1555 2057 in
1613 2001 1816 2057 bomine
1865 2003 2200 2058 substantiam
2241 2003 2318 2055 in*

1335 2078 1518 2129 veniri.
1560 2075 1687 2131 Cum
1719 2077 1856 2132 enim
1895 2075 2033 2138 Deus
2057 2076 2317 2131 hominem

1334 2166 1399 2203 ex
1438 2151 1605 2205 anima
1644 2157 1694 2202 et
1733 2166 1943 2219 corpore
1967 2157 2202 2205 constare
2229 2161 2318 2204 vo-

1335 2225 1530 2286 luisset,
1574 2231 1713 2278 certe
1752 2225 1905 2278 etiam
1945 2241 2034 2294 pro
2072 2240 2164 2277 sua
2202 2223 2316 2287 infi-

1333 2300 1440 2352 nita
1480 2299 1728 2366 sapientia
1767 2305 1819 2351 et
1856 2298 2220 2367 omnipotentia
2247 2298 2315 2350 ef-

1333 2373 1469 2434 fecit,
1513 2380 1569 2425 ut
1590 2373 1722 2426 inter
1749 2379 2023 2441 utrumque
2049 2371 2314 2428 harmonia

1333 2453 1465 2501 esset
1479 2453 1741 2515 perpetua,
1766 2446 1989 2514 alioquin
2030 2451 2314 2502 monstrum

1332 2521 1502 2588 biceps
1524 2522 1743 2573 fecisset.
1768 2519 1945 2588 ltaque
1967 2534 2174 2572 necesse
2195 2519 2310 2580 fuit,

1334 2601 1389 2646 ut
1446 2601 1496 2646 et
1539 2600 1703 2646 totum
1741 2606 1925 2660 corpus
1963 2594 2119 2646 totius
2155 2593 2329 2651 animi⁴

1332 2674 1464 2723 esset
1507 2667 1945 2727 instrumentum,
2006 2673 2058 2719 et
2111 2666 2314 2734 singula

1331 2742 1554 2809 corporis
1593 2742 1822 2799 membra
1859 2740 2075 2807 singulis
2111 2741 2328 2796 animae·

1332 2814 1658 2868 facultatibus
1696 2815 1997 2876 inserviant,
2054 2820 2111 2866 ut
2168 2814 2332 2870 nervi‘

1332 2890 1681 2945 sensationum
1718 2895 1982 2957 gratarum
2022 2893 2114 2939 aut
2149 2888 2326 2941 mole-i:

1332 2971 1548 3025 starum,
1592 2978 1763 3025 aureS‚
1806 2962 1971 3023 oculi,
2014 2968 2139 3023 etc-.,
2200 2978 2332 3032 per-g,

1332 3038 1622 3106 ceptionum
1649 3036 1965 3089 sensibilium
1986 3034 2218 3088 vehicula
2238 3039 2332 3107 es-fj

1332 3118 1446 3164 sent
1465 3152 1478 3173 ,
1508 3126 1571 3164 ac
1603 3111 1820 3179 denique
1851 3106 2115 3162 cerebrum
2156 3109 2332 3179 phau-,if

1334 3185 1512 3246 tasiae,
1554 3185 1830 3239 memoriae
1858 3224 1872 3245 ,
1913 3181 2331 3252 ratiocinationis÷{

1333 3259 1748 3314 instrumentum.
1794 3256 2083 3317 Praeterea-
2123 3262 2180 3308 ut
2222 3253 2332 3330 boat?t

1335 3332 1485 3388 minis
1524 3332 1692 3388 unitas
1729 3337 2138 3397 conservaretur,
2169 3334 2332 3401 opor-¹}

1334 3404 1432 3457 tuit
1469 3405 1539 3457 ita
1577 3405 1804 3458 animum
1841 3402 2172 3467 constituere,
2230 3405 2332 3467 utt'?

1334 3480 1595 3548 quousque
1632 3484 1752 3530 cum
1790 3489 2002 3546 corpore
2045 3454 2332 3568 copulatus}

2314 3523 2319 3534 l

2303 3538 2332 3575 ‚d

2224 3573 2332 3860 l
