2332 3860
299 152 372 205 52

224 248 446 317 scriptae
457 246 695 316 Symbola
714 248 1064 306 nominantur,
1081 261 1212 315 quae

226 322 485 375 maximae
506 322 962 375 suntauctoritatis
975 320 1038 372 ad
1057 319 1213 372 tradi·

225 397 438 458 tionem,
479 412 570 448 seu
605 398 904 448 unanimem
937 395 1093 447 fidem
1119 394 1212 446 Ee-

225 471 413 523 clesiae
441 470 832 523 ostendendam.
862 469 1104 538 Symbola
1126 484 1214 520 au·

225 551 330 597 tem
359 545 668 597 universalis
690 543 952 596 Ecclesiae
990 543 1214 595 auctori-

223 625 330 671 tate
369 619 506 671 edita
533 618 653 670 sunt
679 618 979 686 sequentia:
1220 644 1221 647 =

297 692 336 744 Ι.
369 692 675 762 Symbolum
716 692 1030 761 aposlolicmn
1070 695 1212 741 certe

222 761 636 836 antiquissimum
656 774 754 827 est,
774 767 952 834 primis
973 767 1074 817 iam
1103 781 1214 816 sae-

222 841 354 893 culis
382 842 433 893 in
464 842 687 893 Ecclesia
711 840 1094 909 pervulgatum.
1121 838 1216 890 Ne-

222 931 323 983 que
351 915 571 968 dubitari
590 921 774 983 potest,
804 914 1075 966 duodecim
1095 913 1213 965 fidei

221 989 466 1042 articulos
494 1030 505 1050 ‚
563 1006 630 1041 ex
680 988 868 1057 quibus
918 987 1213 1055 symbolum

221 1070 445 1121 constat,
465 1063 529 1115 ab
558 1062 814 1130 Apostolis
841 1062 1057 1115 traditos
1092 1062 1213 1114 fuis-

222 1153 295 1190 se.
326 1137 459 1189 Sunt
496 1138 672 1197 etiam,
716 1138 802 1206 qui
845 1137 1044 1197 dicunt,
1087 1134 1216 1203 Apo·

1515 6 1518 10 “
1545 5 1555 28 Ι

666 166 985 204 ιΝτηοουοτιο
1023 165 1073 202 m
1110 163 1422 202 mmmmm
1459 158 1820 220 rusoamcm.

1275 245 1328 299 S.
1377 246 1582 299 Thomas
1611 246 1689 318 (6)
1709 267 1746 296 a«
1779 239 2296 319 est-‹declarativum-

1277 319 1495 389 symboli
1557 320 1917 389 Apostolorum
1947 361 1964 380 ‚
2019 328 2071 373 et
2116 321 2271 373 etiam

1277 394 1374 446 fuit
1424 395 1700 447 conditum
1742 394 1842 448 fide
1899 395 2001 447 iam
2057 393 2273 447 manile-

1278 475 1444 530 stata,
1489 475 1540 520 et
1578 468 1812 521 Ecclesia
1839 484 2028 536 pacem
2084 468 2279 520 baben-·

1281 549 1425 603 te,...
1452 542 1756 611 Symbolum
1796 549 1972 596 autem
2004 541 2273 610 Apostolo-

1280 632 1416 676 rum,
1459 617 1594 684 quod
1631 623 1862 684 tempore
1900 616 2275 684 persecutionis

1279 692 1476 742 editum
1514 690 1642 752 fuit,
1687 691 1788 743 fide
1830 690 2058 742 nondum
2105 688 2272 758 publi-

1279 772 1414 826 cata,
1439 764 1640 817 occulte
1662 764 1849 817 dicitur
1870 765 1922 816 in
1949 763 2118 816 Prima
2146 769 2198 814 et
2224 764 2281 814 in

1280 838 1623 906 completorio
1649 840 1794 908 quasi
1835 845 2013 891 contra
2036 837 2276 890 tenebras

1280 929 1514 965 errorum
1549 915 1946 982 praeteritorum
1987 918 2039 964 et
2078 911 2276 963 futuro-

1282 1003 1416 1039 rum.
1440 1008 1465 1036 i)

1358 1061 1443 1113 ΙΙΙ.
1506 1060 1810 1130 Symbolum
1879 1059 2277 1112 Athanasianum

1281 1135 1568 1187 doctrinam
1599 1135 1909 1187 catholicam
1938 1134 2001 1186 de
2028 1134 2277 1203 mysterio

221 1211 698 1279 stolOS‚antequam
723 1211 786 1262 ad
812 1211 1214 1278 praedicandum
1245 1222 1249 1275 ῑ
1279 1208 1368 1262 SS.
1403 1210 1681 1270 TrinitatiS‚
1726 1217 1778 1261 et
1817 1210 1880 1262 de
1916 1208 2278 1261 incarnatione

222 1286 272 1337 in
309 1286 554 1338 universo
594 1286 717 1337 orbe
757 1284 1099 1352 Evangelium
1139 1285 1213 1336 di-

221 1366 589 1428 spergerentur
609 1359 977 1428 Hierosolymis
999 1375 1213 1427 congre-

223 1442 369 1501 gatos
409 1434 507 1486 hoc
539 1433 835 1502 symbolum
870 1433 1036 1502 quoad
1077 1434 1213 1485 ordi·

174 1534 180 1541 ·
224 1523 344 1559 nem
383 1523 605 1576 quoque,
637 1515 689 1560 et
715 1509 951 1569 sormam,
995 1523 1094 1575 qua
1135 1524 1215 1559 re-

222 1583 431 1643 citatur,
463 1581 771 1634 condidisse.
818 1582 871 1633 ld
900 1583 1130 1633 referunt
1155 1582 1208 1634 S.

1281 1284 1537 1336 dominica
1560 1283 1842 1335 clarissime
1858 1283 2113 1352 proponit.
2141 1281 2279 1334 Haec

1283 1359 1525 1425 professio
1566 1357 1683 1409 fidei
1726 1374 1825 1411 non
1879 1357 2047 1410 solum
2098 1363 2278 1408 contra

1279 1432 1692 1484 Sabellianorum
1734 1440 1785 1484 et
1811 1431 2144 1493 Arianorum,
2189 1430 2278 1482 sed

1279 1508 1435 1559 etiam
1457 1514 1636 1559 contra
1661 1504 2086 1559 Nestorianorum
2110 1511 2162 1556 et
2179 1504 2279 1556 Eu·

1282 1581 1640 1650 tycbianorum
1657 1576 2281 1632 errores-ordinatur.Gra-

224 1655 458 1707 [renuens
479 1654 576 1726 (l),
618 1655 853 1725 lluffinus
882 1654 979 1725 (Ξ),
1023 1654 1076 1707 S.
1122 1656 1214 1707 Leo
1245 1649 1249 1719 Ι
1280 1671 1371 1707 ves
1393 1655 1565 1708 Critici
1590 1655 1687 1706 hoc
1713 1654 2017 1723 Symbolum
2044 1652 2097 1705 S.
2129 1651 2281 1704 Acha-

224 1730 297 1781 M.
331 1727 430 1800 (5).
463 1730 622 1781 Recte
662 1737 834 1781 tamen
864 1745 983 1780 cum
1012 1727 1063 1781 S.
1097 1729 1214 1781 Hie·
1246 1721 1250 1786 Ι
1281 1730 1442 1790 nasah,
1487 1730 1569 1781 cui
1599 1730 1915 1786 inscribitur,
1958 1726 2277 1787 abiudicant‚

223 1818 425 1871 ronymo
471 1801 577 1873 (li),
609 1809 661 1854 et
698 1802 751 1855 S.
806 1804 952 1854 Petro
1005 1801 1215 1871 Chryso-

225 1876 327 1943 loyo
349 1876 426 1946 (ὃ)
449 1875 657 1937 dicitur,
689 1876 982 1945 symbolum
1004 1877 1069 1929 ab
1082 1880 1215 1944 Apo·

224 1949 371 2002 stolis
410 1965 511 2002 non
554 1950 712 2002 fuisse
750 1951 1021 2018 seriptum,
1050 1951 1138 2002 sed
1168 1967 1218 2003 o·

226 2031 439 2076 retenus
491 2031 695 2076 tantum
753 2026 1115 2092 compositum,
1166 2032 1218 2076 et

226 2098 504 2150 memoriae
524 2097 753 2150 fidelium
775 2099 1213 2162 commendatum3

228 2188 381 2240 quam
409 2173 473 2225 ob
501 2187 611 2224 rem
639 2188 738 2225 non
770 2172 993 2226 habetur
1021 2180 1077 2225 ut
1100 2189 1218 2241 pars

226 2246 525 2314 Scripturae
552 2248 860 2308 canonicae,
905 2263 1002 2299 nec
1029 2248 1091 2299 de
1131 2247 1218 2300 illo

227 2320 458 2389 Apostoli
474 2320 524 2372 in
554 2321 661 2374 suis
674 2322 880 2389 scriptis
904 2322 1217 2374 mentionem

228 2395 480 2447 fecerunt.

300 2467 364 2520 11⁸.
397 2467 702 2536 Symbolum
735 2467 1221 2522 Nicoeno-Conslan-

228 2542 611 2611 linopolz'tanum
649 2559 714 2594 ex
751 2543 950 2596 duobus
978 2543 1220 2596 Conciliis

206 2617 480 2682 'originem
519 2617 697 2668 traxit.
741 2616 870 2668 Nam
907 2619 955 2669 in
996 2617 1221 2669 Concilio

229 2688 444 2742 Nicaeno
471 2690 503 2741 I
518 2698 698 2743 contra
737 2690 956 2744 Arianos
997 2707 1057 2743 ea
1098 2692 1222 2742 defi-

232 2763 359 2825 nita,
402 2771 454 2816 et
492 2763 795 2833 adaequatis
818 2766 987 2818 verbis
1009 2766 1058 2817 in
1083 2781 1221 2833 sym-

229 2835 345 2888 bolo
372 2853 617 2905 expressa
643 2838 874 2900 fuerunt,
917 2855 1049 2908 quae
1077 2839 1222 2890 Divi-

233 2910 449 2962 nitatem
506 2910 622 2963 Filii
674 2912 992 2976 ostendunt3
1048 2920 1100 2964 et
1170 2914 1219 2964 in

230 2983 456 3036 Concilio
516 2983 710 3038 CPcano
757 2987 789 3039 I
817 2994 999 3039 eontra
1055 2986 1221 3039 Mace-

231 3056 479 3110 donianos
505 3074 565 3110 ea
592 3061 825 3128 symbolo
865 3061 1038 3113 addita
1075 3068 1216 3120 sunt,

231 3146 363 3199 quae
410 3131 746 3186 Divinitatem
784 3134 1004 3202 Spiritus
1044 3133 1221 3187 Sancti

232 3212 655 3258 commonstrant.
688 3207 794 3259 Hoc
814 3208 1119 3278 Symbolum
1140 3225 1222 3261 ea-

181 3341 185 3343 ,
231 3278 372 3332 nitur
391 3279 444 3331 in
474 3278 626 3333 Missa
649 3281 888 3341 solemni.
906 3283 1046 3345 quia,
1072 3291 1126 3335 ut
1152 3283 1250 3336 ait'

258 3437 338 3520 ‘gii
350 3439 402 3480 «μ’
414 3438 465 3482 lv*
476 3440 563 3474 adv.
576 3439 688 3475 «haer.
712 3449 745 3475 c.
771 3445 805 3476 2.

282 3520 287 3524 ⁶
320 3483 333 3528 J
353 3484 394 3518 In
417 3483 534 3526 praef.
557 3493 639 3527 exp.
666 3485 789 3527 Symb.

276 3527 329 3571 (3)
355 3528 416 3570 Ep.
444 3527 488 3563 13
507 3529 551 3562 ad
571 3528 809 3564 pulcheriam.

1282 1804 1493 1871 eiusque
1529 1809 1793 1854 auctorem
1823 1808 2005 1870 putant
2045 1800 2280 1869 Viqicium

1285 1877 1587 1945 Tapsensem.
1620 1876 1862 1945 Quisquis
1889 1882 2065 1928 autem
2094 1875 2160 1927 sit
2188 1874 2281 1926 hu-

1283 1952 1362 2002 ius
1407 1950 1628 2019 symboli
1669 1958 1880 2012 auctor,
1920 1957 2121 2002 certum
2161 1956 2277 2010 est,

1282 2025 1409 2076 illud
1439 2027 1540 2077 iam
1570 2041 1597 2075 a
1630 2025 1805 2076 multis
1831 2023 2055 2076 saeculis
2083 2023 2147 2075 ab
2187 2022 2281 2075 Ec-

1283 2099 1439 2151 clesia
1470 2099 1629 2151 latina
1662 2106 1710 2151 el
1741 2114 1928 2168 graeca
1959 2100 2009 2150 in
2055 2097 2280 2149 maximo
2325 2147 2327 2149 ,

1284 2173 1479 2226 bonore
1521 2173 1696 2225 baberi
1724 2214 1737 2231 ,
1783 2181 1835 2226 et
1889 2189 1957 2225 ex
2013 2171 2279 2223 Ecclesiae

1286 2247 1527 2299 mandato
1567 2249 1719 2299 etiam
1774 2248 1824 2299 in
1865 2246 2068 2314 publico
2118 2243 2282 2298 officio

1285 2321 1458 2374 divino
1498 2322 1723 2373 recitari.
1781 2321 1941 2373 Recte
1987 2319 2146 2387 igitur
2185 2319 2282 2371 hoe

1285 2395 1575 2463 symbolum
1606 2403 1855 2463 tanquam
1896 2394 2157 2463 publicum
2186 2392 2283 2445 Ec-

1285 2470 1471 2521 clesiae
1511 2470 1882 2522 documentum>
1915 2470 1967 2520 in
2007 2466 2282 2536 Theologia

1286 2543 1575 2610 dogmatica
1617 2544 1825 2595 citatur.

1362 2617 1443 2670 lV.
1489 2616 1791 2685 Symbolum
1833 2615 2040 2668 Concilii
2079 2614 2286 2666 Latera··

1286 2691 1489 2742 nensis!
1502 2691 1537 2744 V
1559 2691 1691 2759 quod
1718 2690 1969 2757 legiturin
1998 2690 2127 2740 actis
2154 2686 2282 2740 Con-

1287 2765 1386 2816 cilii
1409 2780 1522 2832 cap.
1558 2765 1583 2815 1
1619 2771 1669 2816 et
1689 2764 1886 2832 incipit:
1910 2761 2151 2814 Firmiter
2176 2777 2283 2814 oro-

1286 2839 1450 2890 di'mus
1477 2845 1602 2900 etc.,
1635 2839 1779 2890 varia
1807 2838 2048 2904 dogmata
2076 2835 2278 2897 definit,

1288 2921 1335 2964 et
1353 2912 1594 2981 explicite
1609 2913 1899 2979 profitetur,
1923 2925 2056 2980 quae
2095 2909 2284 2976 impiae

1289 3003 1539 3038 novorum
1568 2985 2008 3046 Manichaeorum,
2027 2998 2119 3036 seu
2141 2982 2283 3036 Albi-

1286 3061 1524 3127 gensium
1552 3067 1739 3120 sectae,
1787 3065 1840 3110 et
1877 3058 2099 3111 aliorum
2140 3056 2282 3119 ill-ius

1290 3135 1531 3202 temporis
1578 3134 1969 3190 *baereticorum
2018 3129 2282 3184 erroribus
2318 3159 2330 3181 ,-

1287 3206 1942 3275 opponuntur.Auctoritas
1963 3205 2259 3271 liuius's'ym

1289 3281 1389 3335 boli
1416 3297 1483 3334 ex
1516 3281 1837 3334 Auctoritate
1876 3276 2089 3332 Concilii
2128 3282 2282 3357 oecu-

1334 3440 1370 3485 (ἃ
1411 3442 1475 3484 Ep.
1499 3441 1542 3474 ad
1566 3441 1728 3475 Pamach.

1335 3484 1371 3530 (5
1410 3485 1524 3519 Serm.
1551 3484 1606 3519 02.

1335 3529 1386 3571 (6)
1409 3528 1442 3563 9.
1467 3529 1500 3564 2.
1527 3528 1559 3572 Q
1597 3527 1632 3570 1.
1657 3531 1725 3560 art.
1751 3525 1788 3559 2-
