2332 3860
321 137 392 189 50

245 239 394 285 sunt:
439 231 573 286 Libri
596 233 664 286 55
694 234 821 288 Mor.
854 237 905 287 in
927 235 1035 296 Iob,
1060 235 1236 288 Homi-

246 304 345 358 liae
383 307 434 358 in
457 306 641 360 Ezech.
675 310 798 361 etin
830 309 1111 377 Evangel.,
1146 311 1233 362 lib.
1280 354 1281 357 ,

243 379 458 448 regulae
505 384 796 450 pastoraliS‚
824 383 1024 452 Dialog.
1058 383 1147 436 lib.
1180 383 1233 446 li,

243 452 595 524 Epistolarum
626 456 663 509 l.
698 457 785 509 Ηι.

321 529 373 581 5.
417 530 539 582 Post
578 531 771 583 obitum
804 529 858 583 S.
886 529 1113 599 Greyorii
1158 531 1233 586 M.

244 602 572 656 invalescens
611 620 815 657 morum
854 605 1145 673 corrupti0‚
1190 611 1240 657 et

244 675 540 746 frequentes
591 679 713 731 belli
767 678 1019 731 tumultus
1060 679 1241 731 effece-

246 758 389 812 runt,
421 758 480 804 ut
505 751 675 804 studia
697 769 843 808 sacra
875 769 1036 821 usque
1078 754 1242 820 magis

246 824 655 892 negligerentur.
682 827 899 880 Divinae
921 835 1093 880 autem
1130 843 1241 894 pro-

216 913 220 917 ‘
245 899 505 952 videmiae
533 900 743 953 consilio
765 902 956 953 factum
971 909 1068 961 est,
1086 908 1141 953 ut
1165 918 1242 953 re·

210 1022 223 1033 ,
247 971 412 1040 ligiosi
441 974 658 1027 Ordines
684 991 713 1027 a
741 974 794 1027 S.
827 974 1110 1041 Augustino
1133 982 1185 1028 et
1212 992 1241 1027 a

245 1045 299 1099 S.
343 1047 598 1101 Benedicto
639 1050 861 1102 instituti
903 1050 1149 1103 latissime
1189 1051 1241 1101 in

245 1118 525 1176 Occidente
541 1130 971 1192 propagarentur,
995 1131 1150 1192 atque
1172 1124 1242 1176 ita

247 1196 495 1249 scientiae
555 1213 734 1250 sacrae
785 1199 835 1250 in
904 1199 1163 1251 coenobiis
1213 1214 1242 1249 a

247 1271 426 1322 mundi
453 1271 762 1324 tumultibus
801 1273 1011 1325 remotffs
1039 1272 1243 1340 asylum

249 1344 506 1412 quoddam
527 1346 830 1414 reperirent.
851 1346 1086 1400 Monachi
1108 1347 1245 1398 enim

248 1417 340 1471 SS.
358 1419 570 1471 Patrum
590 1436 744 1487 opera
767 1437 884 1473 cum
899 1436 1102 1473 summa
1128 1420 1242 1471 dili-

249 1494 1246 1560 gentiatranscribenteS‚adhermeneu-

251 1568 403 1620 ticam
446 1574 498 1619 et
553 1570 942 1621 constitutivam
984 1569 1244 1620 Ecclesiae

250 1642 577 1694 traditionem
625 1643 1034 1695 conservandam
1089 1643 1247 1709 pluri-

252 1731 395 1767 mum
446 1716 798 1769 contulerunt.
849 1747 922 1755 —
973 1716 1247 1768 Caeterum

253 1791 411 1842 etiam
439 1790 491 1841 in
517 1790 614 1842 hac
636 1791 842 1858 periodo
867 1807 894 1842 a
916 1790 970 1843 S.
999 1789 1246 1857 Gregorio

252 1862 323 1918 M.
351 1879 516 1932 usque
536 1864 600 1916 ad
624 1864 893 1916 saeculum
916 1864 1265 1915 undecimum⁴

251 1954 356 1990 non
384 1938 679 1998 defuerunt,
706 1939 793 2006 qui
815 1938 1097 1990 Ecclesiam
1125 1938 1247 1989 scri-

253 2013 355 2080 ptis
379 2013 486 2064 suis
514 2011 860 2065 illustrarunt.
906 2012 1125 2064 Saeculo
1154 2010 1246 2065 Vll

253 2087 306 2138 in
333 2085 577 2154 Hispania
607 2087 701 2138 viri
730 2087 963 2138 doctrina
990 2093 1041 2138 et
1061 2086 1247 2137 sancti-

253 2166 362 2213 tate
388 2160 649 2228 conspicui
677 2162 984 2212 extiterunt.
1032 2159 1170 2212 Inter
1198 2177 1248 2211 o-

255 2250 403 2286 mnes
431 2236 626 2287 eminet
651 2233 704 2286 S.
739 2235 962 2286 Isidorus
988 2233 1250 2302 Hispalen-

254 2308 341 2370 si8,
358 2309 444 2377 qui
460 2309 523 2362 ob
546 2309 710 2360 multa
724 2316 776 2360 et
797 2309 1060 2376 praeclara
1077 2323 1248 2374 opera,

255 2398 388 2451 quae
427 2383 669 2450 scripsit,
714 2383 907 2434 sanctis
947 2382 1251 2436 Ductoribus

256 2457 440 2509 merito
488 2457 881 2508 adnumeratur.
938 2455 1159 2521 Egregia
1199 2471 1251 2506 o-

258 2546 378 2597 pera
405 2531 596 2598 pariter
624 2530 898 2582 ediderunt
923 2529 975 2581 S.
999 2528 1253 2596 Ildeplton-

255 2620 341 2655 sus
399 2605 570 2672 Episc.
635 2603 895 2655 Toletanus
917 2644 930 2669 ,
988 2602 1217 2655 Iulianus
1236 2643 1247 2663 ‚

258 2678 343 2745 qui
372 2679 591 2730 eandem
613 2677 789 2729 sedern
815 2678 1001 2737 tenuit,
1045 2682 1096 2727 et
1138 2676 1253 2727 Tuto

259 2750 428 2818 Episc.
473 2750 979 2819 Caesaraugustam&
1040 2779 1109 2788 --
1158 2749 1253 2801 Eo-

260 2824 379 2893 dem
406 2825 613 2878 saeculo
636 2827 801 2878 exorti
823 2830 945 2877 sunt
967 2824 1018 2877 in
1045 2823 1252 2875 Oriente

261 2899 631 2961 Monothelitae,
662 2900 733 2951 ita
774 2898 1069 2966 dicti‚'quia
1097 2912 1254 2948 unam

262 2978 469 3023 tantum
494 2972 840 3034 voluntatem,
872 2979 925 3024 et
953 2987 1110 3023 unam
1136 2987 1254 3038 ope-

260 3046 514 3108 rationem
539 3047 589 3097 in
627 3045 826 3099 Christo
868 3045 1248 3114 praedicarunt.

261 3118 352 3171 His
376 3119 580 3181 ‘fortiter
609 3121 912 3173 restiterunt
946 3119 998 3172 S.
1042 3118 1253 3186 Sophro-

260 3192 376 3252 nias
405 3191 542 3245 Patr.
569 3192 850 3255 Hierosol.‚
880 3194 1086 3246 Ioannes
1108 3193 1184 3244 IV
1206 3199 1257 3244 et

262 3264 315 3318 S.
361 3266 614 3320 Martinus
651 3266 684 3318 I
705 3267 851 3318 Rom.
891 3267 1165 3319 Pontifices
1205 3267 1254 3318 in

257 3340 370 3393 'suis
410 3339 658 3407 epistolis,
699 3339 752 3392 S.
797 3341 1057 3393 Maoeimus
1086 3339 1257 3393 Abbas

263 3419 316 3466 et
340 3413 560 3483 Martyr,
589 3411 644 3466 S.
675 3411 898 3465 Andreas
929 3411 1180 3466 Cretensis
1206 3419 1258 3466 et

686 154 1005 193 INTRODUCTIO
1043 157 1092 192 IN
1131 154 1446 193 TREOLOOEAM
1485 156 1846 196 THEORETICAM.

1300 236 1432 290 duce
1457 236 1625 289 Leone
1649 235 1861 299 ·‘lsaur0,
1892 237 2112 292 invaluit
2137 238 2292 309 impia

1300 310 1529 364 haeresis
1554 310 2004 372 Iconomachorum‚
2030 315 2116 382 qui
2139 328 2291 371 usum

1300 385 1600 454 cultumque
1625 401 1890 439 sacrarum
1907 387 2191 454 imaginum
2213 402 2294 441 re-

1304 459 1669 525 probaverunt,
1699 475 1761 512 ac
1792 462 1995 528 penitus
2022 461 2294 514 eliminare

1305 533 1400 584 nisi
1439 540 1582 586 sunt.
1614 533 1714 586 Sed
1746 536 1903 587 etiam
1925 535 2175 603 praeclari
2199 536 2293 587 viri

1302 607 1499 660 inventi
1539 614 1681 670 sunt,
1725 609 1810 675 qui
1851 608 2126 662 haereticis
2165 616 2296 661 stre·

1304 696 1405 732 nue
1469 681 1795 743 restiterunt,
1865 688 1917 734 et
1955 683 2297 736 orthodoxam

1303 754 1591 807 doctrinam
1620 762 1730 808 tum
1759 755 1928 817 dictis,
1952 762 2063 809 tum
2091 757 2297 824 scriptis

1304 827 1649 881 illustrarunt.
1693 828 1746 881 S.
1792 827 2099 893 Germanica,
2152 830 2293 883 Patr.

1304 901 1536 955 CPtanus
1582 902 1819 970 gliscenti
1860 903 2056 956 haeresi
2097 920 2153 957 se
2192 920 2300 957 ma·

1307 976 1445 1029 xima
1475 978 1667 1029 virtute
1694 978 1949 1046 opposuit,
1982 985 2034 1031 et
2058 978 2122 1030 ad
2149 994 2300 1031 usum

1305 1050 1607 1119 cultumque
1672 1067 1939 1104 sacrarum
2014 1053 2302 1121 imaginum

1305 1124 1685 1177 defendendum
1738 1133 1847 1178 tres
1897 1127 2139 1193 epistolas
2178 1129 2303 1180 scri-

1309 1199 1424 1266 psit.
1457 1199 1742 1253 Maximum
1777 1207 1898 1253 vero
1925 1200 2079 1262 huius
2106 1201 2302 1254 saeculi

1308 1273 1482 1325 lumen
1509 1274 1604 1326 fuit
1630 1273 1688 1326 S.
1719 1275 1794 1326 Io,
1827 1274 2186 1338 Βανηαεσθηῑις,
2213 1274 2302 1327 do·

1306 1348 1474 1399 ctrina
1514 1354 1565 1399 et
1604 1349 1879 1400 sanctitate
1919 1349 2163 1416 insigniS‚
2217 1349 2300 1417 qui

1307 1421 1559 1473 acerrime
1588 1429 1767 1474 contra
1807 1421 2174 1475 lconomachos
2215 1439 2305 1490 pu-

1307 1496 1507 1562 gnavit,
1535 1502 1587 1547 et
1610 1495 1771 1548 multa
1798 1496 1898 1548 alia
1921 1513 2077 1564 opera
2099 1496 2306 1562 dogma-

1311 1570 1410 1621 tica
1438 1576 1489 1621 et
1519 1569 1766 1636 polemica
1802 1570 2127 1638 conscripsit,
2173 1571 2307 1622 inter

1310 1659 1441 1710 quac
1469 1645 1698 1695 eminent
1726 1643 1839 1695 libri
1868 1652 2090 1712 quatuor
2124 1643 2186 1695 de
2227 1660 2308 1696 or-

1310 1717 1534 1769 thodoxa
1575 1717 1694 1768 fide.
1730 1717 1784 1768 ln
1815 1717 2094 1770 Occidente
2122 1718 2309 1770 doctis·

1310 1791 1451 1842 simis
1479 1790 1705 1858 epistolis
1735 1791 2104 1843 iconomachos
2135 1791 2308 1844 debel-

1311 1863 1485 1915 larunt
1527 1864 1671 1916 Rom.
1718 1864 1990 1917 Pontifices
2029 1864 2082 1918 S.
2128 1863 2308 1933 Greyo-

1312 1939 1420 1989 rius
1449 1938 1507 1989 II
1530 1945 1580 1989 et
1607 1938 1898 1990 Hadrianus
1937 1939 1982 1991 I.
2014 1949 2089 1978 ‘—-
2113 1938 2304 1991 Eodem

1311 2012 1518 2063 saeculo
1547 2012 1598 2063 in
1627 2012 1814 2080 Anglia
1855 2013 2087 2066 doctrina
2129 2020 2180 2065 et
2208 2014 2308 2081 pie-

1313 2093 1416 2138 tate
1441 2087 1662 2138 eximius
1691 2087 1785 2138 fuit
1815 2086 1868 2139 V.
1889 2087 2021 2139 Beda
2051 2087 2111 2140 O.
2138 2086 2193 2139 S.
2219 2087 2304 2148 Β.,

1312 2160 1397 2228 qui
1426 2161 1532 2212 fere
1559 2162 1611 2211 in
1639 2176 1818 2212 omnes
1845 2160 1895 2213 S.
1925 2160 2224 2229 Scripturae
2253 2161 2308 2212 li·

1315 2235 1430 2286 bros
1453 2236 1824 2289 commentaria
1852 2236 2075 2303 scripsit,
2118 2236 2174 2286 in‘
2198 2235 2309 2303 qui·

1315 2308 1408 2360 bus
1450 2308 1691 2375 dogmata
1739 2308 1993 2360 catholica
2046 2309 2309 2377 praeclare

1314 2381 1577 2442 illustrat,
1624 2389 1673 2434 et
1713 2383 1883 2435 varios
1931 2383 2309 2435 haereticorum

1314 2471 1515 2507 errores
1539 2457 1743 2522 egregie
1783 2456 2031 2508 confutat.
2063 2456 2116 2509 S.
2159 2456 2311 2508 Boni·

1290 2530 1471 2607 ‚sacius
1501 2529 1671 2597 Episc.
1716 2529 2078 2596 MoguntinuS,
2111 2537 2163 2582 et
2190 2528 2310 2582 Ger-

1315 2607 1517 2654 maniae
1565 2603 1841 2670 Apostolus
1882 2604 2057 2671 plures
2107 2604 2311 2672 scripsit

1316 2679 1558 2743 epistolas
1586 2693 1775 2744 graves
1803 2684 1855 2729 et
1884 2678 2011 2745 pias,
2056 2684 2212 2746 atque
2253 2677 2311 2728 li-

1317 2751 1467 2802 brum
1508 2752 1793 2819 composuit
1843 2751 1907 2803 de
1947 2751 2147 2803 unitate
2194 2750 2310 2801 fidei

1316 2824 1620 2887 catholicae,
1653 2840 1807 2893 quem
1837 2825 2012 2877 laudat
2037 2824 2312 2877 Zacharias

1320 2898 1377 2950 R.
1409 2898 1467 2950 P.
1500 2915 1584 2966 ap.
1617 2898 1872 2951 Othonem
1903 2899 1993 2950 lib.
2025 2899 2079 2956 2,
2103 2913 2225 2966 cap.
2253 2897 2306 2949 9.

1316 3002 1388 3010 —
1414 2972 1521 3024 Hoc
1550 2972 1758 3024 saeculo
1785 2971 1929 3023 Felix
1954 2970 2306 3038 UrgelitanuS‚

1316 3052 1370 3097 et
1394 3046 1670 3112 Elipandus
1695 3045 1973 3098 Toletanus
2001 3046 2170 3112 Episc.
2215 3044 2311 3097 Ne-

1317 3120 1701 3171 storianismum
1724 3121 2101 3171 resuscitarunt
2126 3116 2325 3171 doceo-⁴

1317 3198 1416 3254 teS,
1459 3191 1719 3244 Christum
1765 3193 1927 3244 filium
1969 3191 2077 3244 ‘Dei
2116 3192 2311 3260 adopti-

1319 3282 1441 3318 vum
1470 3282 1602 3318 esse:
1633 3266 1724 3317 sed
1747 3267 1918 3318 statim
1942 3266 2170 3318 damnati
2192 3278 2310 3318 sun·-

1318 3338 1597 3392 aGoncilio
1636 3338 2109 3400 Francofurtiensi‚
2152 3345 2205 3391 et
2245 3339 2311 3391 ab

1316 3411 1578 3465 Hadriano
1604 3412 1643 3464 1.
1676 3413 1738 3465 R.
1763 3412 1818 3464 P.
1846 3412 2066 3464 Eosdem
2094 3412 2311 3465 haeretit

263 3485 368 3540 atii.
411 3514 485 3526 —
521 3486 741 3540 Saeculo
787 3484 898 3539 vul
945 3487 996 3539 in
1048 3485 1258 3539 Oriente
1319 3500 1406 3538 cos
1432 3485 1768 3539 confutarunt
1794 3483 2027 3538 Elkerius
2054 3482 2311 3541 uxamen-
