2332 3860
283 234 478 288 naberis
515 234 683 299 illius,
709 252 895 306 nempe
922 239 1136 306 peccati.
1155 236 1268 290 Non

284 315 336 362 te
362 307 594 363 'invitum
633 311 727 364 sibi
779 311 1028 364 subiicere
1064 311 1272 379 'poterit

284 381 423 436 illius
480 384 761 453 cupiditas3
806 385 895 437 sed
935 386 978 438 si
1016 385 1124 446 vis,
1187 401 1271 437 su-

283 457 506 526 perabiS.
532 458 724 513 Verum
746 460 864 528 quia
896 458 1043 511 liberi
1077 458 1270 510 arbitrii

284 546 361 594 eS‚
404 546 607 595 moneo,
649 539 835 585 utnon
866 533 952 585 tibi
977 539 1268 601 peccatum,

283 605 374 658 sed
413 612 470 659 tu
501 613 708 676 peccato
731 607 1024 660 domineris,
1054 626 1080 655 n
1106 606 1270 662 Etiam

283 678 334 732 S.
373 677 655 733 Ambrosius
693 681 755 733 de
795 680 916 734 Cain
956 688 1007 733 et
1045 680 1170 733 Abel
1196 679 1270 751 (l)

273 759 337 818 ¹¹et
373 756 658 822 generatim
699 755 922 823 theologi
958 754 1192 811 catholici
1222 755 1270 806 in

285 828 454 881 citatis
492 828 585 881 Dei
646 830 814 883 verbis
874 831 1124 881 invictum
1184 845 1272 897 pro

285 901 505 955 hominis
544 902 779 955 libertate
824 910 1184 971 argumentum
1221 920 1271 954 a·

284 983 597 1043 gnoverunt.
641 1007 711 1015 —-
754 977 904 1029 Deut.
950 976 1117 1038 XXX,
1183 976 1268 1035 19,

281 1049 487 1123 Moyses
525 1051 589 1103 ad
639 1050 884 1119 populum
947 1052 1050 1102 ait:
1121 1049 1272 1102 Testes

285 1123 423 1177 hodie
450 1125 613 1177 invoco
639 1124 821 1177 coelum
848 1132 891 1176 et
920 1131 1119 1186 terram,
1147 1125 1273 1192 quod

280 1201 631 1268 proposuerim,
660 1199 789 1251 vobis
809 1199 957 1250 vitam
984 1206 1026 1250 et
1049 1206 1267 1260 morte-m,

284 1271 655 1325 benedictionem
693 1282 737 1325 et
773 1272 1174 1325 maledictionem.
1208 1272 1272 1323 E-

285 1345 378 1414 lige
417 1363 530 1415 erqo
569 1347 734 1410 vitam,
778 1357 833 1399 ut
868 1354 911 1399 et
952 1355 1002 1399 tu
1047 1348 1181 1398 vivas
1231 1354 1272 1398 et

285 1435 448 1472 semen
507 1428 679 1486 tuum3
752 1436 801 1473 v,
849 1421 949 1473 17:
1010 1418 1073 1475 Sa·
1111 1428 1271 1472 autem

282 1509 510 1547 aversum
546 1496 700 1562 fuerit
731 1510 820 1565 (cor
859 1503 1023 1555 tuum,
1087 1502 1130 1546 et
1184 1510 1270 1546 au-

282 1567 389 1620 dire
426 1568 713 1622 nolueris...
740 1569 965 1638 praedico
995 1568 1079 1620 tibi
1107 1568 1266 1630 hodie,

282 1643 410 1709 quod
444 1656 615 1715 pereas
653 1650 753 1696 etc.
798 1643 918 1706 Quis
957 1642 1034 1694 his
1085 1642 1271 1694 auditis

283 1716 454 1769 verbis
482 1717 707 1786 negabit,
740 1718 996 1770 hominem
1025 1718 1158 1768 inter
1188 1717 1271 1769 bo-

284 1805 406 1842 num
446 1799 498 1844 et
539 1791 752 1853 malum,
810 1793 944 1843 inter
997 1792 1156 1843 vitam
1219 1797 1269 1842 et

283 1871 501 1923 mortem
525 1907 538 1927 ‚
599 1866 733 1918 inter
771 1865 1175 1919 benedictionem
1219 1872 1268 1916 et

283 1937 697 1992 maledictionem
725 1939 915 2008 eligere
944 1955 1110 2008 posse,
1143 1954 1271 1991 eun-

283 2011 501 2082 demque
540 2013 654 2067 ideo
694 2029 815 2067 vera
858 2013 1092 2066 libertate
1122 2012 1268 2064 indif-

282 2087 526 2140 ferentiae
564 2087 789 2156 gaudere
812 2087 838 2141 ⁶?
864 2117 933 2126 —
961 2087 1117 2140 Eccli.
1149 2086 1265 2149 XV,

285 2161 373 2225 tta,
416 2160 642 2230 legitur:
686 2162 814 2214 Deus
852 2161 911 2215 ab
957 2162 1098 2214 initio
1161 2177 1268 2213 cou-

284 2236 442 2289 stituit
489 2236 754 2299 hominem,
796 2244 839 2288 et
891 2236 1090 2304 reliquit
1129 2234 1270 2287 illum

281 2311 340 2370 in,
366 2326 518 2363 manu
556 2311 750 2364 consilii
786 2311 885 2363 sui.
917 2308 1105 2363 Adiecit
1129 2325 1269 2363 inan-

282 2386 396 2438 data
434 2393 477 2437 et
514 2393 768 2455 praecepta
806 2401 938 2449 sua3
980 2384 1025 2436 si
1064 2384 1269 2438 volueris

281 2459 509 2512 mandata
546 2475 759 2519 servare,
784 2459 1127 2515 conservabunt
1161 2466 1261 2510 te...

280 2533 520 2602 Apposuit
560 2534 646 2586 tibi
683 2549 862 2603 aquam
900 2540 942 2586 et
980 2533 1163 2600 mitem,
1208 2533 1270 2584 ad

280 2608 407 2676 quod
439 2608 648 2663 volueris
662 2610 862 2677 porriqe
882 2622 1083 2659 manum
1111 2615 1261 2658 tuam.

280 2679 403 2734 Ante
442 2682 682 2736 hominem
720 2684 819 2734 vita
857 2689 901 2733 et
957 2696 1125 2742 mors,

281 2772 401 2808 uum
440 2765 483 2809 et
520 2757 726 2817 malum,
762 2755 892 2824 quod
923 2754 1161 2823 placuerit
1199 2754 1261 2815 ei,

281 2829 478 2882 dabitur
503 2830 597 2883 illi:
628 2830 814 2900 quibus
836 2829 1005 2887 verbis
1026 2827 1078 2880 S.
1099 2825 1266 2894 Auyu-

281 2905 438 2969 stinus
477 2904 811 2974 epiphonema
853 2903 987 2956 istud
1040 2902 1260 2954 subiicit:

286 2996 313 3026 «
352 2977 482 3030 Ecce
527 2979 845 3047 apertissime
899 2976 1133 3030 videmus
1177 2991 1265 3027 ex-

284 3066 515 3120 pressum
545 3053 764 3106 liberum
804 3053 1059 3106 humanae
1088 3050 1267 3102 volun-

281 3125 402 3178 tatis
440 3126 706 3182 arbitrium
732 3125 828 3199 (Ξ).
864 3147 890 3176 ι»
933 3124 1137 3178 Etenim
1165 3139 1263 3176 non

282 3199 447 3253 solum
488 3200 539 3253 in
567 3202 721 3254 citato
750 3201 858 3253 loco
884 3200 1049 3255 omnis
1071 3197 1265 3251 coactio

283 3279 519 3336 externa,
561 3274 650 3326 sed
690 3281 742 3327 et
769 3275 1046 3333 necessitas
1066 3273 1265 3325 interna

282 3348 347 3402 ab
385 3346 595 3401 homine
631 3357 946 3426 removetur,
989 3348 1060 3402 ita
1094 3353 1151 3400 ut
1177 3361 1266 3417 pro

343 3478 442 3518 11..
466 3477 500 3522 Ω,
520 3487 553 3514 c.
578 3476 612 3514 ’1.

326 3478 511 3570 1911..αέ
532 3523 629 3559 crat
652 3520 756 3559 etlib
794 3519 925 3558 Arbitr
952 3529 985 3557 c.
1010 3518 1043 3559 11.

685 156 747 193 ΒΕ
784 154 877 194 DEO
913 155 965 194 IN
1001 152 1269 195 RELATTONE
1307 157 1369 194 Ab
1407 156 1613 196 mmmm
1648 157 1909 198 specum.

1335 236 1477 290 libitu
1516 238 1598 291 ad
1644 255 1831 310 aquam
1879 237 1961 293 vel
2020 239 2084 294 ad
2128 238 2256 309 ign
2314 275 2325 299 ,ἱ

1334 326 1544 365 manum
1583 313 1884 385 extendere,
1927 319 1979 367 ct
2034 313 2097 366 ad
2125 314 2223 368 bon
2253 322 2311 376 s'.

1335 384 1416 436 vel
1455 385 1520 438 ad
1557 386 1752 441 malum
1798 388 2118 442 voluntatem
2170 386 2282 450 s‘sp

1335 455 1611 512 inflectere*
1637 462 1816 530 possit.
1863 461 1919 515 In
1959 461 2021 515 N.
2065 461 2124 514 T.

1333 539 1443 584 stus
1481 533 1663 587 Matth.
1705 533 1830 588 XIX
1879 535 2148 589 declarans
2199 538 2298 606 qu

1334 614 1543 660 aeterna
1581 607 1753 671 saluS,
1796 615 1847 662 et
1884 610 2003 679 quid
2043 610 2205 662 maior
2231 605 2332 676 h‘qf

1336 681 1484 734 minis
1524 682 1766 750 perfectio
1807 691 2082 752 exposcat,
2135 681 2199 735 ad
2254 681 2332 751 'psi

1335 761 1572 824 trumque
1622 756 1840 811 liberum
1898 757 2177 810 voluntatis
2235 754 2332 819 d'g‘

1334 836 1531 885 cretum
1572 832 1795 899 exquirit
1834 831 2008 884 dicens
2046 832 2111 883 ad
2149 830 2332 883 adol?

1333 911 1600 955 scentem:
1644 903 1697 956 Si
1736 907 1804 959 vis
1842 906 2073 965 advitam
2106 904 2332 974 inpredii,

1333 991 1468 1031 serva
1506 978 1758 1040 mandata5
1797 985 1869 1031 et:
1910 982 1954 1032 si
1982 980 2051 1033 vis
2082 980 2260 1048 perfect
2290 978 2332 1065 s.-

1333 1066 1459 1113 esse,
1505 1052 1643 1113 vade,
1699 1053 1839 1105 vende
1877 1069 1998 1122 quae
2038 1052 2177 1105 habes
2217 1044 2318 1118 etei

1336 1122 1431 1195 (5).
1476 1124 1584 1178 Hoc
1622 1126 1758 1178 idem
1798 1127 2023 1180 innuunt
2056 1122 2321 1195 sequentia

1335 1198 1557 1251 eiusdem
1601 1202 1791 1253 verba:
1858 1200 1913 1253 Si
1950 1203 2061 1270 quis
2118 1199 2320 1253 voluerit

1335 1272 1621 1325 voluntatem
1658 1275 1762 1326 eius
1786 1275 1961 1342 facere,
1994 1281 2239 1342 coqnoscet
2265 1274 2329 1330 des

1333 1346 1572 1408 doctrina,
1615 1356 1786 1400 utrum
1831 1365 1891 1401 eac
1942 1348 2041 1400 Deo
2099 1350 2164 1401 sit
2216 1346 2318 1419 (lt).

1335 1420 1487 1473 Porro
1527 1423 1577 1474 in
1620 1422 1825 1475 homine
1875 1438 2053 1482 veram
2109 1420 2323 1474 electio-

1336 1508 1451 1547 nem
1492 1496 1628 1548 circa
1691 1502 1838 1549 actus
1901 1494 2122 1550 morales
2185 1494 2322 1561 dari,-

1337 1574 1474 1636 patet
1513 1585 1579 1621 ex
1635 1569 1713 1622 his
1769 1586 1900 1639 quae
1956 1569 2091 1638 apud
2131 1568 2328 1635 Lucam·

1334 1641 1565 1699 Christus
1586 1643 1677 1695 ait:
1698 1644 1872 1698 Maria
1893 1646 2123 1713 optimam
2131 1646 2321 1714 partem

1332 1717 1491 1783 eleqit,
1535 1733 1656 1786 quae
1696 1735 1795 1770 non
1856 1719 2113 1786 auferetur
2168 1717 2227 1769 ab
2264 1717 2321 1771 ea'

1335 1789 1431 1860 (ὅ).
1487 1821 1560 1829 —-
1606 1791 1794 1844 Paulus
1843 1792 2061 1845 liberum
2102 1790 2332 1847 hominis

1332 1865 1602 1918 arbitrium
1641 1865 1920 1919 clalissime
1961 1865 2229 1934 profitetur
2266 1866 2320 1919 in'

1332 1938 1507 1991 lCor.
1563 1939 1824 1993 scribens:
1889 1939 1984 2003 Qui
2041 1940 2209 1992 statuit
2267 1933 2332 1992 in

1331 2014 1468 2065 corde
1504 2030 1591 2066 suo
1629 2015 1823 2084 firmus,
1865 2030 1961 2066 non
2000 2014 2179 2067 habeus
2235 2014 2324 2065 ne-

1332 2088 1613 2150 cessitatem,
1654 2094 1934 2154 potestatem
1955 2095 2122 2143 autem
2142 2083 2329 2140 habens

1332 2162 1587 2214 voluntatis
1625 2178 1760 2221 suae,
1804 2170 1845 2214 et
1888 2162 1972 2215 hoc
2010 2162 2282 2216 iudicavit
2262 2177 2323 2214 m

1330 2236 1468 2288 corde
1506 2252 1613 2297 suc,
1644 2252 1838 2289 servare
1875 2238 2113 2306 virqinem
2151 2240 2325 2298 suam5

1331 2309 1443 2363 bene
1481 2311 1617 2378 facit.
1661 2310 1824 2379 Iqitur
1861 2318 1904 2363 et
1942 2311 2029 2379 qui
2066 2309 2318 2362 matrimo-

1330 2384 1411 2436 nio
1452 2384 1611 2453 iunyit
1650 2385 1883 2453 virqiuem
1922 2399 2080 2445 suam,
2107 2383 2216 2435 bene
2241 2384 2318 2450 fa-

1329 2458 1426 2520 cic,·
1467 2466 1510 2510 et
1549 2459 1635 2526 qui
1671 2474 1771 2511 non
1798 2459 1974 2526 iungit,
2005 2457 2178 2509 melius
2195 2457 2315 2524 facit

1331 2531 1426 2600 (6).
1471 2532 1699 2585 Eandem
1750 2532 1967 2587 hominis
2024 2530 2315 2584 libertatem

1329 2612 1732 2661 commonstrant
1754 2606 1908 2659 veiha
1937 2605 2082 2657 Rom.
2114 2603 2332 2664 X11,2:

1188 2680 1266 2731 bo·
1292 2674 1491 2752 'Nolite
1527 2680 1813 2749 confirmari
1851 2680 1963 2731 huic
2001 2678 2214 2743 saecul03
2262 2668 2332 2732 et.

1330 2768 1381 2804 v
1414 2754 1504 2805 21:
1548 2753 1650 2805 noli
1689 2754 1815 2806 vinci
1855 2769 1888 2807 a
1914 2752 2060 2815 malo,
2085 2752 2166 2804 sed
2185 2753 2324 2807 vince

1327 2826 1381 2878 in
1421 2827 1537 2879 bono
1577 2827 1801 2879 malum:
1847 2847 1870 2876 «
1913 2826 2123 2895 Nempe,
2148 2826 2218 2878 ait
2254 2824 2325 2889 S.·;

1326 2898 1648 2970 Augustinus,
1694 2902 1777 2955 ubi
1817 2900 2037 2953 dicitur:
2081 2899 2182 2952 noli
2216 2898 2332 2957 hoc?-

1328 2982 1379 3027 et
1419 2976 1519 3028 noli
1559 2975 1706 3038 illud,
1761 2982 1812 3028 et
1863 2975 1949 3028 ubi
2002 2973 2065 3026 ad
2121 2971 2332 3041 aliquid:

1327 3049 1615 3105 faciendum
1657 3047 1738 3102 vel
1782 3064 1883 3101 non
1922 3046 2210 3100 faciendum
2258 3047 2332 3122 injg

1328 3123 1511 3175 divinis
1551 3124 1755 3180 monitis
1793 3137 1934 3191 opus
1956 3119 2234 3173 voluntatis
2259 3134 2323 3174 e-,.

1328 3196 1546 3264 xigitur,
1580 3197 1704 3249 satis
1744 3196 1960 3250 liberum
1996 3150 2332 3249 demonstra-'53

1327 3276 1412 3322 tur
1465 3270 1848 3323 arbitrium.»
1902 3267 2131 3337 Denique
2192 3244 2332 3323 retiuss

1327 3343 1429 3397 ceri
1455 3343 1538 3397 hic
1564 3359 1666 3398 non
1703 3348 1867 3414 potest
1903 3340 2045 3395 locus
2082 3332 2332 3423 eiusdem}

1944 3469 2135 3561 sisai
2146 3467 2233 3561 a
2236 3422 2332 3563 a}

2277 3545 2332 3860 ,i

1368 3472 1423 3558 si
1445 3471 1694 3558 asur
1752 3469 1831 3518 ”
