2332 3860
0 0 26 14 V-
30 0 114 72 15⁷.

40 63 66 90 »εκ
84 73 101 86 z
168 75 171 77 .

706 109 822 149 PARS
860 113 931 149 m.
974 116 1139 151 Smin
1177 114 1216 152 Υ.
1258 109 1407 148 earm·
1445 109 1500 150 ll.

1942 92 2045 148 1261

39 160 189 251 {Dei
229 189 541 251 naturalem,
582 189 866 244 docuerunt
915 198 1084 244 tamen
1147 206 1365 260 (iainque
1402 191 1452 242 in
1493 189 1693 243 duabus
1736 190 1935 242 naturis
1969 189 2131 244 subsi-

60 271 83 330 s
99 268 352 324 Christum
382 271 436 317 ut
474 265 732 318 hominem
759 281 870 318 esse
910 273 961 319 et
999 282 1086 334 ap·
1147 272 1362 318 stentem
1386 263 1571 319 Filium
1594 263 1682 316 Dei
1713 263 2001 317 naturalem
2022 279 2135 318 esse

54 340 275 410 *pellari
312 339 497 391 debere
536 338 720 391 Filium
762 339 854 391 Dei
890 340 1085 407 adopti·
1147 340 1348 391 docent.
1378 337 1429 390 S.
1466 336 1699 389 Hilarius
1727 336 1803 408 (3)
1845 336 1906 389 de
1935 338 2135 392 Christo

98 430 239 469 vum.
281 413 380 466 Sed
422 412 534 464 fidei
577 413 759 479 dogma
799 420 896 480 est,
941 412 1086 467 Chri-

57 484 231 542 'stum
290 487 669 548 agnoscendum
722 503 833 539 esse
881 495 936 539 ut
977 489 1085 539 uni-

98 578 212 616 cum
255 560 438 614 Filium
497 560 783 613 naturalem
835 560 924 613 Dei
984 564 1087 612 exi-

46 670 55 678 »
98 643 310 690 stentem
352 636 401 686 in
431 635 631 687 duabus
661 636 874 702 naturiS‚
912 634 1082 687 divina

100 725 281 777 nempe
321 716 372 761 et
424 709 685 769 humana,
745 725 876 779 quae
933 710 1081 760 simul

98 784 636 853 hypostatice-iunctae
655 791 774 835 sunt
799 799 928 835 unus
944 781 1086 835 Chri-

98 865 226 919 stus3
270 856 456 909 idcirco
491 858 643 910 etiam
684 858 966 909 secundum
1000 873 1085 908 na·

98 938 264 984 turam
306 930 584 983 humanam
627 948 720 983 nec
746 939 842 990 est,
881 947 974 983 nec
1000 948 1086 999 ap·

99 1005 274 1075 pellari
308 1012 470 1072 potest
493 1005 650 1058 Filius
678 1005 773 1057 Dei
793 1006 1081 1073 adoptivuS,

97 1080 212 1149 quia
254 1081 412 1147 ipsius
461 1087 642 1131 natura
702 1080 923 1132 humana
987 1096 1083 1131 non

99 1155 345 1214 subsistit,
391 1155 484 1206 nisi
526 1155 574 1205 in
618 1155 764 1206 unica
791 1154 943 1208 Verbi
974 1154 1088 1205 Per-

99 1235 241 1280 sona.
275 1227 466 1289 Dogma
498 1228 628 1279 istud
653 1228 786 1281 eoeS.
814 1228 1086 1295 Scriptura,

98 1318 159 1354 ea:
201 1302 244 1353 Τ
243 1303 481 1354 reditione
509 1310 557 1355 et
576 1319 637 1355 ex
662 1302 932 1355 rationibus
960 1303 1089 1355 thec-

99 1375 261 1444 loyicis
303 1378 560 1443 probatur.

174 1451 224 1503 1.
269 1450 355 1503 Ea:
391 1449 442 1502 S.
474 1451 727 1519 Scriptura
768 1451 866 1502 iam
910 1451 1088 1519 proba-

99 1530 209 1576 tum
250 1531 346 1583 est,
391 1524 651 1577 Christum
691 1531 744 1577 ut
774 1525 937 1577 Deum
978 1541 1088 1577 esse

0 1645 1 1651 ,
98 1598 287 1651 Filium
322 1599 408 1651 Dei
439 1600 758 1666 uniqenitnm,
796 1601 1089 1668 primogeni-

67 1681 203 1723 >tam
230 1714 242 1733 ‚
299 1674 598 1741 proprium,
651 1690 739 1725 seu
802 1676 1086 1726 naturalem

68 1784 70 1786 -
102 1744 159 1816 (§
186 1745 296 1816 932).
323 1747 419 1799 Sed
444 1749 598 1799 etiam
632 1748 916 1800 secundum
947 1756 1090 1800 natu-

101 1836 211 1872 ram
264 1820 539 1873 bumanam
580 1822 633 1874 S.
678 1822 941 1889 Scriptura
982 1823 1092 1874 nul-

102 1893 187 1946 libi
228 1893 485 1947 Christum
525 1896 748 1964 appellat
780 1895 962 1949 Filium
999 1897 1087 1949 Dei

101 1968 431 2037 adoptivum3
475 1971 607 2039 quod
658 1971 760 2023 iam
799 1972 1091 2024 observavit

100 2041 152 2095 S.
197 2042 498 2110 Anqustt'nus
536 2051 714 2097 contra
740 2045 1095 2098 Secundinum

102 2116 323 2170 Manich.
369 2117 444 2188 (l)
485 2119 712 2171 scribens
737 2138 749 2171 :
779 2140 804 2169 «
840 2121 970 2188 Lege
998 2121 1091 2172 ita-

103 2207 199 2260 que
227 2190 537 2259 Seriptui·aS‚
571 2209 830 2263 nunquam
860 2197 1092 2247 invenies

105 2265 166 2318 de
192 2264 391 2317 Christo
419 2266 631 2327 dictum,
663 2270 792 2336 quod
822 2270 1092 2337 adoptione

104 2341 170 2391 sit
209 2338 365 2391 Filius
411 2339 521 2393 Dei.
581 2361 607 2390 »
651 2341 758 2395 lino
817 2342 902 2395 ille
959 2343 1093 2395 idem

105 2411 356 2474 Christus,
400 2416 484 2483 qui
515 2421 571 2467 ut
595 2416 744 2469 homo
773 2416 984 2469 visibilis
1010 2434 1095 2485 ap·

107 2488 294 2554 paruit,
338 2489 388 2539 in
428 2488 482 2541 S.
514 2487 776 2558 Scriptura
817 2490 975 2543 Filius
1003 2491 1092 2543 Dei

104 2559 409 2628 Unigenitus
466 2569 517 2615 et
567 2566 798 2632 proprius
858 2572 1089 2617 vocatur:

113 2634 395 2703 Uniqenitus
432 2636 615 2697 Filius,
659 2641 745 2706 qui
783 2647 852 2691 cst
888 2640 942 2691 in
980 2641 1095 2693 sinu

108 2708 290 2767 Patris,
318 2710 416 2777 ipse
442 2716 690 2764 enarravit
730 2711 828 2783 (⁰2).

181 2785 234 2834 2.
264 2781 342 2836 Ss.
373 2783 541 2836 Patres
567 2787 616 2836 in
647 2786 824 2838 eodem
854 2787 1092 2855 dogmate

108 2857 398 2909 consentire
418 2898 430 2919 ,
455 2863 593 2926 patet
612 2866 722 2911 tum
743 2876 807 2912 ex
822 2876 998 2914 eorum
1022 2862 1095 2913 di-

109 2932 223 2991 ctiS‚
242 2931 427 2999 quibus
447 2931 706 2985 Christum
727 2949 910 2986 verum
930 2935 1094 2988 Deum

109 3004 416 3074 profitentur
437 3004 483 3075 (ς
504 3005 595 3077 9ίι)
614 3048 626 3067 ,
652 3013 759 3061 tum
782 3025 847 3061 ex
870 3010 1095 3077 ipsorum

112 3078 628 3148 testimoniiS‚quibus
649 3097 803 3135 unam
826 3084 874 3135 in
898 3082 1096 3136 Christo

113 3167 380 3219 personam
426 3169 642 3222 eamque
681 3155 906 3210 divinam
944 3173 1098 3226 agno-

113 3231 263 3278 scunt
291 3225 338 3297 (5
351 3226 502 3298 228).
528 3228 616 3280 His
643 3230 760 3282 addi
791 3239 1002 3300 possunt
1028 3239 1099 3285 et-

111 3299 215 3351 iam
243 3297 352 3352 loca
378 3302 679 3365 eorundem,
711 3305 896 3374 quibus
922 3313 1098 3375 aperte

111 3371 431 3439 adoptionem
459 3391 491 3428 a
529 3374 728 3431 Christo
775 3380 1094 3442 excludunt,

161 3471 219 3517 (1)·
233 3473 379 3518 (Ἀρ-δι’
815 3479 864 3525 β)
887 3481 938 3518 Ιο.
960 3481 1003 3517 Δ,
1019 3479 1083 3519 18.

1150 414 1320 466 habet:
1343 410 1529 465 «Multi
1554 412 1688 463 enim
1714 427 1804 463 nos
1824 410 1910 463 filii
1934 410 2023 463 Dei
2045 411 2136 464 sed

1151 503 1247 539 non
1271 487 1386 539 talis
1409 485 1489 537 bic
1512 483 1669 537 Filius
1688 492 1787 538 est:
1813 484 1906 537 Hic
1926 485 2063 537 enim
2084 491 2137 539 et

1150 577 1301 613 verus
1327 567 1375 612 et
1400 560 1630 627 proprius
1651 566 1728 612 est
1768 558 1903 611 filius
1941 560 2137 626 origine

1150 652 1246 686 non
1269 634 1561 702 adoptione3
1581 634 1799 685 veritate
1814 649 1914 684 non
1942 649 2138 686 nuncu-

1152 710 1372 773 patione3
1400 708 1667 759 nativitate
1691 723 1788 759 non
1811 709 2134 760 creatione.»

1148 782 1202 836 S.
1224 780 1490 849 Greqori-us
1510 780 1745 853 Naz.(c1)
1768 782 1828 833 de
1849 780 2136 842 Christodta

1148 857 1370 908 disserit:
1401 875 1423 904 «
1449 855 1498 907 Si
1524 856 1636 923 quis
1663 871 1780 908 eum
1811 872 1876 908 ex
1899 856 2139 925 operibus

1152 931 1428 998 perfectum
1471 930 1655 990 luisse,
1691 937 1779 983 aut
1821 937 1931 998 post
1979 931 2146 999 bapti--

1149 1020 1336 1064 smum,
1366 1004 1444 1055 vel
1471 1007 1897 1057 resurrectionem
1920 1021 1984 1057 ex
2010 1020 2138 1057 mor-

1153 1082 1248 1130 tuis
1283 1081 1331 1130 in
1375 1078 1562 1130 Filium
1601 1079 1897 1146 adoptatum
1934 1079 2140 1143 dixerit,

1149 1153 1576 1222 quemadmodum
1599 1170 1725 1222 quos
1742 1152 1919 1206 Graeci
1954 1154 2142 1206 adscri-

1153 1229 1319 1294 ptitios
1359 1227 1641 1289 inducunt,
1685 1229 1957 1280 anathema
1988 1229 2071 1280 sit.
2111 1246 2137 1277 ω

1150 1301 1553 1368 Adoptianorum
1580 1318 1804 1355 errorem
1828 1300 2047 1355 Concilio
2068 1308 2143 1354 et-

1153 1377 1708 1448 iam-condemnarunt:
1744 1384 1925 1445 nempe
1953 1375 2144 1430 Narbo-

1151 1467 1323 1510 nense,
1384 1467 1519 1503 anno
1578 1451 1703 1503 788.
1767 1450 2101 1520 Forojuliense
2126 1493 2139 1513 ‚

1151 1542 1285 1577 anno
1313 1525 1438 1577 791.
1466 1525 1842 1582 Ratisbonensc,
1875 1541 2009 1578 anno
2036 1525 2143 1578 792

1152 1606 1202 1651 et
1228 1599 1679 1668 Francofurtiense‚
1698 1616 1833 1652 anno
1862 1601 1988 1661 794,
2010 1599 2144 1669 quod

1156 1674 1424 1726 Decretum
1456 1675 1574 1726 fecit
1607 1675 1672 1727 ab
1707 1673 1963 1728 Hadriano
1986 1674 2047 1727 R.
2083 1674 2139 1726 P.

1153 1755 1203 1799 et
1238 1750 1479 1800 universa
1514 1748 1740 1802 Ecclesia
1782 1751 2141 1818 approbatum:

1153 1821 1405 1873 Christum
1446 1823 1498 1874 in
1557 1830 1765 1891 utraque
1815 1823 2148 1875 subsistentem

1152 1904 1333 1948 natura
1384 1896 1572 1948 Filium
1615 1896 1703 1948 Dei
1735 1899 1995 1966 proprium
2051 1912 2149 1950 esse

1152 1982 1195 2023 et
1224 1971 1523 2030 nazar-atem,
1549 1988 1644 2022 non
1671 1972 1978 2041 adoptivum.
2006 1970 2147 2024 ldem

1154 2045 1479 2097 confirmavit
1524 2043 1717 2098 Concil.
1752 2046 2027 2098 Romanum
2053 2046 2149 2099 sub

1154 2120 1320 2172 Leone
1348 2119 1412 2170 lll
1442 2135 1578 2171 anno
1619 2119 1724 2171 799
1768 2121 2020 2175 habitum.

1227 2194 1280 2246 5.
1325 2192 1467 2245 Ratio
1507 2194 1764 2262 tlieotoqica
1811 2195 1886 2247 sic
1925 2195 2151 2247 breviter

1157 2270 1367 2337 proponi
1410 2274 1593 2336 potest.
1638 2268 1887 2336 Adoptio,
1933 2275 2084 2336 prout
2121 2285 2152 2321 a

1158 2342 1406 2409 theologis
1446 2357 1507 2394 ac
1533 2344 1838 2410 iurisperitis
1865 2343 2151 2395 communi-

1158 2424 1234 2469 ter
1271 2417 1543 2484 accipitur,
1582 2423 1660 2468 est
1695 2431 1945 2484 personae
1984 2424 2154 2470 extra·

1160 2506 1284 2543 neae
1326 2491 1373 2542 in
1418 2490 1581 2542 filium
1621 2497 1672 2543 et
1722 2490 1998 2543 haeredem
2036 2506 2153 2559 gra-

1159 2566 1286 2617 tuita
1306 2566 1606 2633 assumptio.
1632 2564 1731 2617 Sed
1754 2565 1977 2617 Persona
2010 2562 2154 2618 Chri-

1157 2642 1217 2691 sti
1243 2639 1398 2691 etiam
1420 2646 1474 2691 ut
1503 2639 1722 2692 hominis
1762 2639 2056 2692 nullomodo
2077 2646 2160 2707 est,

1158 2721 1406 2766 extranea
1462 2720 1699 2782 respectu
1757 2713 1878 2772 Dei,
1921 2729 2040 2766 cum
2087 2715 2154 2767 sit

1160 2790 1375 2855 ipsamet
1434 2787 1724 2857 hypostasis
1785 2803 1877 2840 seu
1936 2782 2160 2857 persona

1158 2862 1332 2924 Verbi,
1366 2860 1477 2914 Filii
1508 2862 1598 2915 Dei
1629 2862 1899 2923 naturaliS‚
1923 2869 2155 2934 utsupra

1159 2936 1646 2991 demonstravimus,
1692 2935 1827 3005 Ergo
1866 2942 1967 2991 etc.

1545 3060 1584 3118 s
1624 3059 1762 3106 zzz.

1286 3149 1338 3184 An
1361 3148 1527 3185 christus
1549 3148 1621 3184 dici
1645 3150 1761 3194 possit
1785 3158 1915 3187 servus
1937 3149 2033 3187 Del?

1234 3231 1290 3284 In
1317 3232 1414 3286 hac
1441 3234 1737 3302 quaestione
1763 3235 2008 3290 solvenda
2046 3241 2156 3288 tum

1164 3305 1339 3359 Patres
1397 3314 1507 3360 tum
1554 3307 1775 3378 theologi
1835 3311 2041 3380 penitus
2082 3308 2157 3362 di·

1206 3435 1255 3481 (3)
1285 3437 1362 3473 Lib.
1387 3438 1408 3471 3
1430 3438 1475 3473 «le
1500 3438 1605 3474 Trin.
1628 3449 1664 3475 n.
1690 3440 1746 3475 11.

1207 3482 1257 3527 (t)
1283 3483 1394 3527 Epist.
1416 3482 1477 3522 101
1502 3484 1547 3519 ad
1571 3483 1724 3522 cledon.
1749 3493 1787 3523 ιι.
1811 3482 1847 3525 δ.
